3886 6416
109 458 281 522 1081
983 459 1132 522 LIB.
1178 458 1279 520 DE
1322 454 1920 522 CELEBRATIONE
1962 459 2379 525 ADVENTUS
2423 460 2729 525 DOMINI.
3397 463 3553 529 1,082

110 611 243 652 non
278 591 801 662 inconvenienter,
822 595 887 649 ut
912 608 1059 661 reor,
1085 596 1320 665 propter
1345 592 1601 666 quinque
1622 590 1802 664 hujus
1830 595 1885 661 Α
1915 595 2077 650 ratur
2122 592 2351 650 Gabriel
2408 590 2793 667 archangelus
2846 591 3063 651 missus
3093 592 3164 651 ad
3197 592 3555 668 Zachariam,

115 682 336 740 saeculi
373 681 683 748 mtates,in
710 682 928 755 quibus
958 682 1281 737 humanum
1316 697 1502 755 genus
1533 681 1802 754 subjugo
1910 681 2179 738 videlicet
2224 682 2467 740 nuntius
2519 682 2839 741 nativitatis
2889 682 3261 756 praecursoris
3304 682 3552 741 Domini.

118 770 361 829 diaboli
415 771 718 844 captivum
749 770 1073 835 tenebatur,
1106 786 1414 842 quousque
1444 786 1548 843 per
1576 770 1802 826 intactae

116 860 410 935 Virginis
432 865 669 916 uterum
692 859 985 916 nascendo
1006 874 1181 914 carne
1201 864 1522 932 appareret,
1559 858 1655 932 qui
1678 877 1803 915 car-

123 950 223 1007 nis
247 953 509 1021 peccata
529 965 633 1020 per
650 948 742 1005 sui
770 947 1027 1022 corporis
1057 947 1309 1003 hostiam
1332 947 1587 1004 aboleret
1609 952 1666 1003 et
1691 948 1804 1003 ini-

120 1040 285 1094 tium
323 1040 513 1093 sextae
546 1036 849 1110 sequentis
882 1036 1065 1091 mtatis
1096 1035 1500 1091 sanetil'icaret.
1531 1035 1633 1091 Vel
1668 1037 1808 1108 quia

126 1127 389 1183 interior
415 1130 625 1182 noster
653 1125 830 1181 homo
859 1142 962 1197 per
1005 1126 1264 1197 quinque
1307 1142 1515 1180 sensus
1547 1124 1806 1199 corporis

127 1214 577 1287 corrumpitur,
620 1214 703 1270 ita
750 1220 813 1269 ut
854 1214 914 1268 in
957 1213 1123 1269 nobis
1151 1230 1309 1269 mors
1336 1218 1623 1286 operetur,
1656 1215 1808 1270 sicut

130 1303 438 1378 propheta
458 1302 606 1359 dicit
630 1319 643 1357 :
668 1303 930 1358 Introivit
955 1319 1112 1358 mors
1125 1319 1235 1374 per
1252 1304 1538 1374 fenestras
1559 1308 1806 1372 vestras,-

131 1397 450 1466 quatenus
474 1390 537 1446 in
571 1390 663 1448 his
696 1391 958 1464 quinque
988 1390 1454 1447 hebdomadibus
1486 1390 1807 1463 hospitium

136 1480 361 1539 mentis
386 1480 478 1538 illi
502 1479 627 1554 regi
656 1483 854 1536 nostro
887 1484 1259 1552 prmparetur,
1277 1495 1448 1552 quem
1471 1480 1810 1554 prophetica

132 1568 314 1627 lectio
336 1569 400 1625 in
426 1569 566 1641 ipsa
587 1568 958 1625 hebdomada
987 1569 1192 1641 quinta
1212 1568 1304 1626 his
1328 1568 1516 1624 verbis
1547 1586 1809 1641 pronun-

136 1660 248 1717 tiat
275 1662 610 1715 venturum
637 1674 651 1712 :
683 1660 832 1715 Ecce
859 1658 986 1714 dies
1016 1657 1425 1725 veniunt,dieit
1449 1658 1739 1726 Dominus,
1756 1664 1811 1715 et

135 1747 443 1805 suscitabo
470 1746 675 1805 David
703 1762 941 1817 germen
956 1750 1205 1819 justum.

210 1839 365 1894 Item
395 1834 463 1891 in
495 1834 924 1907 Antiphonario
954 1834 1165 1891 diurno
1191 1839 1322 1908 post
1344 1835 1456 1890 tria
1488 1835 1678 1891 oﬂicia
1698 1841 1813 1891 sta-

1913 771 2129 827 Verum
2178 772 2353 827 etiam
2405 776 2461 828 et
2510 772 2815 845 prophetia
2869 770 3153 828 Zacharias
3197 772 3266 827 de
3296 772 3555 828 Adventu

1915 859 2169 929 Domini,
2196 866 2251 916 et
2268 861 2496 917 Gabriel
2517 861 2737 917 missus
2756 862 2824 917 ad
2847 859 3088 916 Mariam
3110 860 3394 932 virginem
3426 877 3557 917 nar-

1916 965 2052 1005 rans
2091 948 2141 1004 ei
2193 950 2628 1021 conceptionem
2672 948 2983 1006 Salvatoris
3036 948 3240 1017 nostri,
3273 953 3330 1004 et
3358 952 3561 1006 caetera

1915 1036 2054 1092 talia
2086 1055 2269 1109 usque
2319 1038 2391 1093 ad
2444 1038 2629 1110 ipsam
2682 1037 3072 1094 Nativitatem.
3106 1037 3324 1110 Nempe
3354 1040 3411 1094 et
3434 1037 3561 1110 ipsa

1917 1130 2125 1198 quarta
2154 1125 2537 1194 hebdomada,
2573 1126 2679 1181 hoc
2711 1131 2817 1194 est,
2852 1144 2978 1198 quae
3018 1125 3285 1198 proxima
3312 1129 3401 1191 est
3430 1129 3561 1182 ante

1916 1214 2117 1271 Natale
2148 1215 2400 1281 Domini,
2434 1215 2551 1271 sive
2603 1214 2660 1270 in
2712 1232 2828 1287 qua
2874 1213 3214 1287 celebratur,
3247 1206 3591 1289 singularis,

1917 1307 2023 1359 est.
2058 1304 2243 1359 Habet
2273 1303 2331 1359 in
2364 1302 2692 1359 matutinali
2725 1304 2915 1358 officio
2952 1319 3054 1374 per
3085 1298 3562 1377 unamquamque

1919 1392 2121 1447 feriam
2153 1392 2502 1464 antiphonas
2534 1391 2796 1465 proprias
2820 1392 2877 1446 in
2902 1380 3243 1464 psalmis.Et
3258 1382 3370 1447 alio
3388 1390 3562 1447 modo

1919 1485 2119 1536 auctor
2147 1480 2485 1536 Lectionarii
2519 1481 2687 1536 docet
2717 1497 2824 1536 nos
2854 1497 3030 1553 quam
3065 1480 3229 1536 fortis
3259 1479 3335 1536 sit
3365 1478 3562 1535 Domi-

1921 1586 2053 1633 nus,
2080 1568 2178 1640 qui
2200 1572 2477 1624 venturus
2508 1572 2595 1625 est
2624 1569 2694 1623 ad
2727 1578 2853 1635 nos,
2879 1572 2934 1624 et
2967 1567 3289 1624 intraturus
3320 1567 3561 1624 domum

1922 1662 2202 1725 nostram,
2233 1659 2297 1712 ut
2322 1657 2380 1711 in
2411 1673 2477 1713 ea
2507 1656 2749 1721 habitet,
2769 1672 2946 1729 quam
2978 1655 3236 1712 solemus
3265 1655 3564 1712 sordidare

1921 1744 2179 1818 quinque
2209 1744 2478 1801 sensibus
2509 1745 2745 1801 nostris.
2771 1743 2960 1800 Illices
2989 1744 3185 1799 formas
3214 1742 3436 1799 intrant
3463 1758 3566 1816 per

1921 1832 2415 1906 oculos,suspieio
2447 1832 2603 1888 mala
2633 1832 2702 1888 de
2736 1832 2908 1889 fratre
2939 1848 3042 1904 per
3074 1830 3567 1900 aures,odorlibi—

140 1927 247 1982 tim
282 1924 569 1998 sequitur
586 1922 1133 1996 jejunium,deinde
1158 1923 1813 1993 Dominicavacat,utex
1844 1959 1892 2024 Β
1923 1922 2164 1978 dinosus
2214 1939 2316 1994 per
2371 1938 2561 1990 nares,
2596 1938 2699 1994 per
2747 1938 2813 1977 os
2868 1920 3152 1993 ingluvies
3207 1918 3433 1993 polluit,
3465 1935 3567 1992 per

139 2012 254 2071 hoc
276 2012 524 2086 liquido
556 2013 969 2085 comprobetur
993 2016 1278 2084 quantum
1305 2013 1480 2068 etiam
1503 2013 1700 2083 in'3boc
1723 2014 1816 2069 de-
1844 2007 1892 2024 "
1922 2014 2144 2067 tactum
2177 2009 2510 2066 crudelitas.
2528 2010 2589 2066 In
2609 2009 2881 2066 sordibus
2904 2026 3019 2065 non
3048 2007 3452 2064 vulthabitare
3468 2024 3567 2063 rex

140 2102 424 2175 linquant
443 2101 551 2175 qui
573 2101 635 2156 in
655 2101 1584 2174 praesentiannojeiunium,quod
1601 2119 1814 2175 praece-
1921 2102 2220 2156 venturus.
2253 2098 2374 2154 Nisi
2421 2097 2617 2171 itaque
2665 2100 2947 2170 purgetur
2993 2095 3337 2168 hospitium,
3370 2099 3435 2152 ut
3463 2112 3568 2152 nec

145 2190 280 2247 dere
310 2191 549 2259 debuit,
583 2194 717 2263 post
747 2189 1110 2246 Dominicam
1171 2207 1300 2263 quas
1354 2196 1519 2247 vacat
1568 2197 1812 2264 ponunt,
1923 2188 2129 2245 saltem
2160 2187 2350 2260 pulvis
2381 2185 2588 2243 talium
2620 2185 3098 2259 phantasmatum
3124 2188 3567 2251 remaneat,non

149 2279 484 2336 Adventum
518 2278 753 2336 Domini
786 2279 1127 2335 inchoantes
1158 2297 1213 2335 v1
1244 2280 1366 2336 Kal.
1402 2281 1670 2337 Decemb.
1924 2277 2261 2350 dignabitur
2288 2274 2503 2347 hospes
2551 2278 2830 2330 venturus
2877 2274 3091 2329 intrare
3120 2273 3179 2328 in
3212 2268 3398 2329 illum.
3436 2272 3568 2329 Ideo

222 2369 387 2436 Quod
412 2368 464 2424 si
492 2367 609 2424 hoc
636 2370 903 2423 caventes
936 2367 1099 2440 prius
1123 2368 1415 2439 jejunant,
1436 2369 1815 2426 nihilominus
1925 2365 2127 2421 scribit
2152 2368 2354 2419 auctor
2379 2363 2636 2435 quinque
2659 2361 2935 2417 lectiones
2967 2360 3227 2433 quinque
3254 2356 3570 2423 hebdoma-

159 2460 357 2513 contra
377 2456 631 2513 Patrum
656 2456 928 2511 instituta
947 2463 1147 2529 agunt,
1168 2451 1573 2529 quijejunium
1606 2458 1816 2514 decimi
1926 2455 2132 2508 darum
2157 2457 2219 2507 ut
2234 2469 2338 2507 nos
2359 2452 2624 2507 hortetur
2638 2449 3051 2505 circumcidere
3075 2448 3336 2520 quinque
3358 2462 3567 2505 sensus

160 2545 378 2602 mensis
406 2560 653 2618 semper
680 2543 740 2599 in
773 2544 1034 2617 proximo
1055 2545 1305 2601 Sabbato
1333 2550 1464 2602 ante
1483 2545 1685 2603 Natale
1705 2548 1815 2604 Do-
1927 2546 2158 2599 nostros
2181 2542 2254 2597 ab
2279 2540 2437 2596 omni
2458 2539 2616 2605 vitio,
2639 2543 2696 2595 et
2716 2555 2919 2611 parare
2942 2537 3307 2593 mansionem
3328 2535 3567 2610 dignam

163 2632 301 2689 mini
342 2632 774 2691 celebrandum
825 2636 1176 2690 statuerunt.
1210 2633 1655 2697 Quaternarium
1684 2653 1817 2692 vero

162 2736 496 2791 numerum,
522 2737 724 2794 quem,
760 2724 825 2777 ut
857 2737 1034 2793 supra
1063 2721 1485 2788 notavimus,S.
1506 2723 1818 2796 Gregorius

165 2807 221 2864 in
245 2815 463 2883 quarta
491 2809 805 2866 Dominica
835 2809 904 2865 de
933 2809 1197 2866 Adventu
1224 2810 1453 2867 Domini
1486 2812 1695 2869 diebus
1716 2829 1819 2885 po-

167 2895 281 2954 suit
292 2898 395 2954 tali
415 2897 729 2955 celebrans
751 2902 1144 2955 sacramento:
1164 2898 1429 2967 uthomo,
1446 2900 1546 2972 qui
1569 2905 1821 2974 quatuor

169 2984 433 3044 consistit
460 2985 795 3054 elementis,
830 3004 933 3059 per
963 2990 1218 3059 quatuor
1264 2987 1659 3045 hebdomadas
1690 2989 1818 3062 ejus

168 3079 455 3145 exspectet
484 3074 844 3143 Adventum,
878 3092 1052 3148 quem
1085 3093 1187 3149 per
1228 3080 1346 3132 tres
1378 3077 1613 3133 ordines
1641 3077 1817 3134 libro-

170 3178 321 3228 rum,
355 3160 500 3237 legis
525 3163 776 3232 scilicet,
808 3163 1247 3236 prophetarum,
1283 3164 1646 3238 psalmorum
1680 3166 1818 3222 olim

172 3248 455 3322 promisit,
488 3256 547 3308 et
579 3268 686 3325 per
712 3256 1012 3324 quartum,
1047 3252 1100 3307 id
1124 3257 1214 3308 est
1244 3253 1596 3326 principium
1627 3254 1816 3310 Evan-

170 3319 319 3410 gelii,
344 3342 548 3411 angelo
569 3319 787 3396 sanctae
819 3319 1011 3396 Marica
1030 3319 1262 3414 semper
1276 3319 1482 3414 virgini
1503 3346 1817 3416 conceptus
1846 3319 1890 3387 ο

173 3443 236 3482 ac
264 3427 585 3485 nativitatis
637 3428 767 3501 ejus
823 3428 1087 3485 ordinem
1141 3434 1431 3499 narrante,
1466 3428 1537 3486 ad
1569 3430 1818 3487 salutem

170 3512 409 3570 humani
434 3516 1019 3588 generis,certissime
1038 3517 1259 3572 scimus
1275 3516 1413 3572 huic
1432 3519 1651 3575 mundo
1674 3536 1818 3592 prae-

175 3601 575 3660 sentatum.Et
592 3616 662 3658 ne
678 3609 842 3661 tanta
870 3604 972 3660 illa
1001 3605 1303 3678 parvitatis
1335 3623 1475 3662 mea:
1505 3608 1819 3678 attestatio,

175 3706 345 3762 quam
378 3708 447 3747 ex
478 3690 729 3751 aliorum
779 3692 967 3766 magis
1017 3708 1194 3765 quam
1225 3711 1292 3749 ex
1322 3696 1558 3768 propria
1603 3696 1819 3768 protuli

178 3780 480 3849 sententia,
509 3779 777 3837 videatur
807 3782 1304 3855 parvipendenda,
1342 3785 1633 3855 majorum
1666 3785 1824 3840 dicta

179 3871 467 3938 ponantur
493 3867 556 3924 in
590 3866 886 3937 medio,ut
907 3869 992 3926 vel
1023 3886 1090 3926 ex
1120 3870 1213 3926 his
1241 3870 1464 3944 liquido
1489 3874 1822 3945 comprobe-

178 3957 271 4010 tur
297 3973 549 4029 quorum
583 3970 733 4013 usus
764 3959 970 4014 rectior
999 3958 1303 4015 habeatur.

214 4129 367 4193 Idem.
399 4133 764 4203 conﬁrmatur
793 4048 1182 4202 erit:
1215 4137 1507 4192 Fortunato
1538 4146 1588 4193 et
1618 4136 1781 4194 Beda.

249 4218 335 4273 Ait
365 4236 575 4294 nempe
604 4220 938 4277 Amalarius
961 4210 1079 4294 (lib.
1108 4241 1170 4280 ιιι
1199 4225 1402 4281 Eccles.
1434 4226 1617 4297 Ofﬁc.,
1641 4226 1819 4299 0.110),

187 4303 505 4366 divinorum
539 4308 870 4366 ofﬁciorum
897 4311 1183 4367 scrutator
1202 4330 1315 4368 non
1334 4315 1815 4371 contemnendus:

189 4415 214 4440 α
236 4391 296 4449 In
318 4396 575 4471 antiquis
593 4397 764 4454 libris
795 4397 1121 4453 Missalium
1146 4401 1706 4458 etLectionariorum
1730 4419 1818 4458 re-

189 4481 398 4551 peritur
417 4487 728 4559 scriptum,
745 4485 1114 4543 hebdomada
1129 4491 1328 4559 quinta
1347 4490 1480 4546 ante
1495 4490 1693 4548 Natale
1716 4491 1822 4549 Do-

191 4568 323 4624 mini
358 4588 371 4627 :
401 4574 649 4631 totidem
682 4575 840 4631 enim
880 4572 1159 4631 lectiones
1191 4574 1478 4655 habentur
1508 4579 1566 4634 in
1599 4579 1817 4636 Lectio-

192 4658 363 4750 nario,
393 4665 451 4716 et
486 4662 732 4719 totidem
789 4662 1101 4736 Evangelia
1131 4680 1165 4718 a
1193 4666 1445 4737 tetnpore
1496 4672 1814 4725 memorato
1842 4682 1892 4750 D

192 4758 287 4814 per
312 4746 429 4805 dies
460 4752 795 4807 Dominicos
839 4768 1026 4824 usque
1066 4753 1137 4808 ad
1166 4750 1530 4811 Nativitatem
1561 4756 1813 4813 Domini.

186 4831 639 4917 ,Antiphonarius
668 4841 843 4896 habet
862 4840 971 4896 tria
1003 4840 1195 4896 ofﬁcia
1214 4841 1438 4910 diurna,
1463 4849 1519 4900 et
1540 4849 1815 4917 quartum

194 4914 250 4972 in
271 4920 359 4978 die
378 4923 700 4995 Dominico,
721 4929 823 5000 qui
842 4932 1025 4995 vacat,
1042 4914 1811 5003 postlectionesduodecim;

198 5008 464 5095 nocturna
491 5026 626 5072 vero
656 5021 928 5091 quatuor,
962 5022 1030 5072 ut
1079 5017 1348 5089 superius
1397 5018 1525 5089 dixi,
1558 5038 1663 5095 per
1692 5022 1814 5079 dies

196 5090 531 5185 meimcos.
547 5106 764 5161 Auctor
776 5105 1120 5161 Lectionarii
1141 5105 1353 5161 excitat
1374 5104 1543 5185 fidem
1557 5090 1813 5166 nostram

196 5178 262 5275 ad
284 5187 645 5275 recolendum
669 5191 898 5248 Domini
921 5192 1105 5250 nostri
1126 5192 1263 5249 Jesu
1286 5192 1498 5249 Christi
1517 5178 1736 5253 venturi
1753 5199 1813 5253 in

202 5270 869 5367 mundumpraaCOnium
917 5299 1020 5352 per
1069 5280 1327 5353 quinque
1365 5278 1808 5367 aatates‘mundi.

200 5354 398 5451 Auctor
423 5366 679 5425 missalis
720 5369 819 5441 qui
853 5370 1190 5426 nominatur
1218 5369 1590 5442 Gregorialis,
1610 5354 1671 5451 Et
1696 5374 1813 5429 An-

202 5443 639 5522 ti'phcnarii,nos
656 5455 863 5529 tangit,
889 5461 951 5512 ut
968 5457 1294 5515 recolamus
1327 5448 1687 5513 nativitatem
1714 5465 1813 5517 Do-

203 5529 332 5616 _miui
358 5537 699 5601 celebratam
733 5560 837 5616 per
864 5549 983 5601 tres
1013 5546 1247 5601 ordines
1277 5544 1813 5614 librorum,scilicet

196 5610 351 5707 Aesis,
382 5610 797 5701 prophetarum
839 5638 895 5689 et
942 5633 1323 5707 psalmorum,
1359 5650 1461 5690 nec
1488 5610 1604 5690 non
1635 5636 1692 5690 et
1719 5644 1816 5706 per

205 5704 479 5784 ‘iuartu‘m,
511 5718 570 5775 id
595 5725 686 5777 est
710 5704 1062 5793 principium
1092 5721 1409 5793 Evangelii,
1444 5722 1503 5778 in
1538 5737 1655 5795 quo
1686 5704 1813 5781 nsi.

1929 2630 2047 2704 regi
2079 2634 2136 2686 et
2164 2630 2410 2686 Domino
2441 2633 2615 2701 atque
2644 2644 2776 2683 vero
2808 2625 3123 2700 pr0pheta3.

1999 2744 2025 2769 «
2052 2720 2132 2776 De
2149 2719 2274 2791 ipso
2293 2734 2425 2791 rege
2446 2716 2587 2773 dicit
2609 2715 2799 2790 prima
2817 2714 3014 2771 lectio:
3038 2718 3169 2771 Ecce
3188 2713 3301 2770 dies
3324 2716 3569 2785 veniunt,

1925 2808 2059 2863 dicit
2092 2809 2374 2874 Dominus,
2408 2815 2458 2861 et
2486 2805 2752 2862 suscitabo
2803 2803 2981 2861 David
3017 2820 3238 2876 germen
3256 2803 3487 2875 justum,
3520 2811 3574 2859 et

1928 2896 2173 2968 regnabit
2205 2912 2320 2963 rex,
2350 2899 2401 2950 et
2429 2895 2649 2967 sapiens
2674 2894 2800 2950 erit.
2832 2893 2901 2948 Et
2931 2891 3142 2948 iterum
3174 2891 3245 2946 de
3275 2891 3521 2948 Domino
3554 2907 3570 2949 :

1926 2986 1991 3041 Et
2046 2985 2144 3040 hoc
2200 2991 2277 3039 est
2334 2999 2550 3049 nomen,
2585 2980 2723 3054 quod
2782 2980 3046 3037 vocabunt
3097 2974 3241 3047 eum,
3300 2982 3573 3036 Dominus

1917 3074 2097 3145 justus
2125 3080 2325 3128 noster.
2358 3072 2427 3126 Et
2464 3070 2679 3126 iterum
2712 3066 3109 3141 in-Evangelio
3140 3068 3212 3123 de
3242 3066 3526 3141 propheta
3556 3084 3570 3122 :

1929 3162 2065 3231 Quia
2084 3162 2170 3215 hic
2187 3167 2262 3216 cst
2282 3174 2401 3215 vere
2411 3158 2693 3230 propheta,
2715 3159 2810 3230 qui
2828 3166 3086 3212 venturus
3105 3164 3183 3211 est
3204 3158 3260 3212 in
3282 3155 3570 3212 mundum.

1999 3274 2026 3301 ‹‹
2045 3251 2251 3306 Auctor
2261 3245 2513 3303 Missalis
2526 3246 2645 3303 sive
2656 3244 3062 3318 Antiphonarii
3076 3244 3340 3300 eamdem
3354 3258 3574 3316 praepa-

1929 3338 2212 3397 rationem
2232 3336 2502 3393 hortatur
2524 3352 2629 3391 nos
2654 3334 2839 3390 facere
2861 3351 2964 3407 per
2983 3336 3234 3406 quatuor
3253 3331 3567 3389 hebdoma-

1928 3428 2053 3484 das.
2077 3427 2237 3482 Sicut
2252 3425 2408 3481 enim
2427 3424 2601 3480 homo
2626 3421 3003 3479 internuntiis
3025 3420 3285 3494 quinque
3308 3419 3582 3477 sensibus

1928 3517 1999 3572 ad
2024 3516 2281 3575 animam
2306 3514 2448 3570 bene
2470 3515 2571 3569 aut
2595 3509 2745 3568 male
2768 3513 3071 3584 operatur;
3100 3509 3182 3566 ita
3202 3526 3304 3582 per
3333 3513 3584 3583 quatuor

1928 3605 2214 3661 elementa
2245 3606 2345 3658 aut
2374 3602 2493 3657 ruit
2526 3601 2598 3657 ad
2627 3599 2784 3657 mala
2810 3598 3155 3673 corporalia,
3176 3599 3277 3655 aut
3308 3597 3493 3672 surgit
3508 3598 3578 3654 ad

1929 3695 2099 3749 bona.
2131 3694 2493 3763 Quapropter
2518 3689 2792 3745 hortatur
2821 3705 2948 3756 nos,
2969 3692 3035 3743 ut
3057 3687 3196 3754 dixi,
3228 3690 3431 3743 auctor
3458 3702 3581 3744 me-

1930 3785 2211 3849 moratus,
2233 3783 2317 3845 ut,
2349 3779 2400 3835 si
2433 3794 2620 3851 usque
2646 3776 2820 3833 modo
2850 3776 3183 3850 torpuimus
3207 3774 3580 3850 negligentia,

1929 3869 2139 3926 dehinc
2161 3883 2475 3941 surgamus
2498 3867 2569 3922 ad
2590 3866 2991 3922 mundandam
3023 3864 3262 3920 domum
3295 3868 3578 3933 nostram,

1930 3957 2103 4030 utqui
2119 3972 2233 4013 non
2247 3955 2529 4011 excitatus
2551 3958 2637 4010 est
2658 3953 2716 4010 in
2739 3953 2947 4027 quinta
2964 3951 3351 4023 hebdomada,
3366 3951 3577 4008 saltem

1929 4050 2133 4119 surgat
2151 4044 2208 4099 in
2231 4048 2458 4116 quarta.
2487 4044 2683 4116 Ipsum
2711 4041 2864 4097 enim
2891 4043 3061 4097 sonat
3085 4039 3255 4096 lectio
3287 4055 3413 4113 quae
3442 4038 3581 4112 legi-

1928 4138 2025 4189 tur
2079 4133 2138 4188 in
2196 4135 2405 4204 quarta
2461 4130 2833 4186 hebdomada
2868 4146 2881 4184 :
2916 4129 3131 4185 Scimus
3181 4128 3312 4200 quia
3342 4126 3477 4184 hora
3502 4134 3581 4184 est

1918 4223 2041 4295 jam
2070 4237 2164 4276 nos
2186 4219 2252 4275 de
2274 4236 2461 4275 somno
2489 4235 2731 4289 surgere,
2764 4222 2822 4274 et
2852 4216 3093 4291 reliqua.

1998 4334 2024 4359 ‹‹
2060 4308 2185 4366 Non
2215 4307 2438 4377 dubito,
2473 4313 2776 4381 propterea
2823 4308 3119 4361 cautorem
3162 4304 3220 4360 in
3254 4306 3578 4360 memorata

1925 4396 2295 4454 hebdomada
2324 4412 2458 4451 cum
2487 4397 2632 4451 tuba
2661 4411 2830 4451 suam
2860 4392 3111 4450 exaltare
3140 4407 3338 4448 vocem
3373 4407 3387 4446 :
3418 4392 3497 4449 Ad
3524 4398 3577 4447 “te

1928 4488 2103 4543 tevavi
2132 4487 2378 4541 animum
2406 4501 2602 4552 meam,
2629 4488 2695 4538 ut
2723 4482 2930 4540 excitet
2978 4498 3076 4539 eos
3128 4481 3229 4553 qui
3276 4479 3337 4536 in
3369 4479 3577 4553 quinta

1926 4574 2294 4631 hebdomada
2326 4588 2529 4645 sopore
2561 4570 2926 4645 negligentia:
2959 4568 3219 4642 oppressi
3252 4571 3412 4624 sunt.

1998 4687 2026 4714 ‹‹
2060 4663 2356 4729 Quomodo
2375 4666 2568 4716 autem
2592 4665 2852 4716 nostram
2875 4658 3115 4715 domum
3140 4666 3466 4729 praeparare
3479 4656 3576 4711 de-

1925 4750 2268 4818 beamus,in
2301 4749 2683 4822 sequentibus
2714 4753 3038 4804 memorata
3057 4746 3230 4802 lectio
3259 4748 3571 4801 monstrat:

1923 4846 2046 4899 Non
2076 4843 2135 4896 in
2161 4839 2640 4897 comessationibus
2687 4846 2736 4893 et
2780 4837 3154 4902 ebrietatibus,
3188 4850 3299 4890 non
3331 4836 3389 4889 in
3417 4834 3574 4890 cubi-

1925 4930 2068 4985 libus
2092 4938 2145 4986 et
2170 4928 2550 5001 impudicitiis,
2584 4942 2693 4982 non
2752 4927 2812 4981 in
2857 4925 3199 4981 contemione
3244 4929 3296 4979 et
3337 4923 3572 4980 aemulo-

1923 5020 2087 5085 tione,
2118 5018 2209 5074 sed
2240 5018 2539 5074 induimim
2567 5016 2859 5071 Dominum
2884 5014 3064 5071 Iesum
3095 5011 3390 5067 Christum.

1997 5128 2025 5158 α
2054 5108 2333 5163 Eamdem
2356 5101 3172 5180 praeparationeminculcatin
3188 5116 3359 5156 aures
3380 5097 3571 5155 cordis

1924 5195 2106 5251 nostri
2134 5194 2663 5251 Sacramentarium
2688 5208 2701 5246 ε
2736 5193 3132 5263 Suscipiamus,
3151 5188 3446 5260 inquiens,
3469 5190 3572 5244 Do-

1921 5287 2092 5351 mine,
2122 5284 2553 5341 misericordiam
2609 5290 2759 5337 tuam
2803 5282 2857 5336 in
2907 5279 3084 5336 medio
3142 5278 3332 5350 templi
3377 5278 3487 5339 tui,
3513 5281 3571 5328 ut

1922 5375 2286 5445 reparationis
2315 5376 2517 5429 nostra?
2548 5379 2768 5427 ventura
2814 5370 3079 5427 solemnia
3119 5367 3373 5437 congruis
3402 5366 3567 5419 hono-

1920 5462 2072 5517 ribus
2098 5460 2491 5533 praecedamus.

1992 5572 2019 5600 ‹‹
2051 5549 2108 5604 Si
2125 5548 2257 5621 quis
2270 5547 2727 5603 volueritnostra
2746 5545 2901 5601 dicta
2922 5535 3428 5613 infringere,quasi
3447 5548 3560 5621 non

1920 5638 2039 5693 sint
2068 5615 2320 5710 quatuor
2348 5634 2724 5692 hebdomada:
2757 5633 2937 5707 plena:
2970 5649 3004 5686 a
3032 5628 3347 5715 memorata
3369 5615 3558 5715 Domi:

1919 5726 2051 5784 nica
2084 5698 2285 5801 ‘usque
2333 5723 2393 5781 in
2442 5698 2813 5783 Nativitatein
2860 5715 3115 5784 Domini,
3141 5710 3364 5768 videtur
3409 5698 3554 5757 mihi

1892 5934 1931 6027 \

1932 6030 1979 6133 \

1978 6138 2051 6345 \
