3886 6390
351 405 508 472 ιο83

1433 401 1824 468 BERNONIS
1867 401 2204 473 ABBATIS
2250 406 2701 474 AUGIENSIS.

3639 405 3793 472 1084

351 537 596 618 ignarus
625 555 756 599 esse
783 534 996 614 regula
1039 555 1214 597 sacrae
1247 536 1579 614 Scripturas,
1615 556 1742 613 quae
1774 557 1809 596 a
1837 543 2003 614 parte
2030 537 2088 608 Α
2116 541 2340 600 ctiones
2361 540 2757 616 Epistolarum
2778 546 2956 618 atque
2971 539 3426 617 Evangeliorum
3446 539 3526 600 ad
3548 538 3794 616 implen-

350 637 541 690 totum
573 629 723 689 solet
749 628 1018 703 implere.
1051 652 1074 681 ι

423 721 526 778 His
554 718 748 776 verbis
779 719 924 776 satis
966 719 1140 774 datur
1169 716 1421 791 intelligi
1453 719 1610 792 quod
1642 718 1794 776 hanc
1821 735 2001 776 sacra

353 811 664 882 Scriptum
696 806 1128 882 regulam,quaa
1158 823 1273 864 non
1304 806 1498 864 solum
1530 825 1564 864 a
1595 813 1758 880 parte
1789 811 2000 875 totum,

353 899 455 956 sed
487 897 664 954 etiam
690 896 1005 969 aliquando
1053 914 1121 952 ex
1168 900 1288 952 toto
1338 900 1563 969 partem
1613 895 1924 969 significat,
1961 896 2000 950 ii

352 986 770 1044 transcendant
791 985 888 1057 qui
909 984 966 1040 in
985 985 1295 1041 Nativitate
1324 985 1558 1041 Domini
1589 1002 1704 1041 non
1728 989 1998 1056 quatuor,

353 1078 454 1133 sed
485 1075 743 1150 quinque
768 1073 1096 1130 Dominicos
1127 1074 1249 1129 dies
1277 1072 2001 1146 annumerant.Astipula-

351 1169 448 1220 tur
475 1163 609 1220 huic
639 1163 956 1220 narrationi
991 1161 1134 1218 illud
1180 1163 1558 1219 famosissimi
1593 1180 1659 1218 ac
1691 1161 1999 1233 sapientis-

351 1253 484 1310 simi
515 1251 904 1318 calculatoris,
939 1251 1137 1307 domni
1171 1250 1436 1308 videlicet
1467 1252 1653 1318 Bedze,
1685 1267 1998 1323 argumen-

347 1343 551 1410 tum,si
577 1346 770 1398 tamen
795 1340 982 1415 ipsius
1003 1346 1060 1396 et
1084 1358 1196 1397 non
1221 1340 1462 1396 alterius
1485 1357 1615 1397 esse
1639 1340 1998 1405 conceditur,

345 1435 464 1488 toto
497 1448 642 1505 pene
671 1429 819 1486 orbi.
853 1435 920 1484 ut
948 1434 1109 1501 puto,
1147 1428 1548 1484 notissimum.
1582 1452 1609 1478 «
1645 1429 1881 1494 Notum,
1916 1428 2000 1482 in-

346 1521 493 1593 quit,
526 1521 600 1576 sit
632 1521 907 1575 omnibns
938 1517 1283 1574 hominibus
1313 1522 1378 1572 ut
1409 1518 1746 1590 quicunque
1774 1517 2000 1572 Adven-

348 1612 475 1664 tum
506 1607 736 1664 Domini
765 1606 1074 1679 diligentcr
1102 1605 1354 1662 voluerit
1383 1605 1696 1670 celebrare,
1715 1604 1907 1661 videat
1938 1609 2000 1660 ut

347 1714 455 1753 nec
486 1700 619 1753 ante
647 1713 683 1752 v
711 1695 836 1752 Kal.
869 1695 1135 1751 Decemb.
1176 1694 1429 1760 inchoet,
1465 1709 1569 1749 nec
1598 1709 1661 1750 ιιι
1692 1693 1886 1750 Nonas
1914 1694 1999 1765 ip-

349 1786 474 1842 sius
504 1784 728 1841 mensis
756 1787 1037 1854 transeat,
1062 1783 1160 1838 sed
1182 1782 1241 1837 in
1269 1782 1362 1838 his
1396 1787 1619 1854 septem
1641 1781 2000 1849 diebus,ubi-

2115 631 2259 687 dum
2291 649 2605 688 numerum
2635 630 3067 706 quinquaginta
3085 629 3347 688 duarum
3363 630 3514 686 anni
3533 629 3792 686 Domini-

2115 736 2338 776 carum.
2373 720 2678 777 Habentur
2721 720 2879 778 enim
2912 721 3066 776 inter
3093 719 3294 776 Natale
3324 719 3575 776 Domini
3608 724 3673 774 et
3700 724 3792 776 Se-

2115 809 2547 882 ptuagesimum
2579 809 2773 866 otﬁcia
2813 813 3067 882 quatuor
3096 825 3198 881 per
3246 807 3373 864 dies
3417 807 3789 872 Dominicos,

2115 898 2611 970 aSeptuagesima
2639 914 2830 970 usque
2861 897 2919 952 in
2947 897 3169 954 Pascha
3197 901 3324 953 octo
3356 899 3530 966 (nam
3555 897 3790 951 nonain

2114 987 2305 1042 medio
2335 990 2544 1055 vacat),
2577 1004 2612 1042 a
2644 986 2867 1042 Pascha
2894 1003 3030 1041 vero
3058 1001 3243 1058 usque
3273 985 3335 1040 in
3369 988 3620 1041 octavas
3660 985 3794 1040 Pen-

2113 1081 2362 1132 tecostes
2393 1080 2544 1132 octo.
2576 1076 2793 1132 Deinde
2824 1079 3155 1148 sequuntur
3195 1074 3402 1148 viginti
3435 1078 3564 1130 tres
3599 1090 3791 1145 usque

2113 1164 2172 1220 in
2199 1165 2531 1221 Adventum
2562 1163 2815 1220 Domini.
2839 1163 2905 1220 In
2934 1163 3199 1218 Adventu
3233 1161 3472 1219 Domini
3505 1165 3638 1218 tres
3672 1166 3790 1218 tan-

2112 1258 2238 1310 tum
2267 1258 2585 1326 ponuntur,
2618 1258 2848 1325 quarta,
2882 1257 2948 1309 ut
2978 1269 3159 1324 supra
3197 1250 3480 1319 diximus,
3511 1255 3788 1307 vacante.

2109 1343 2372 1406 Quatuor
2400 1348 2458 1399 et
2487 1347 2640 1408 octo,
2673 1341 2930 1414 itemque
2957 1345 3084 1396 octo
3107 1345 3282 1412 atque
3303 1339 3516 1414 viginti
3554 1343 3702 1406 tres,
3737 1346 3788 1394 et

2110 1435 2228 1487 tres
2257 1431 2405 1486 ﬁunt
2426 1431 2818 1504 quadraginta
2838 1447 2956 1486 sex.
2981 1429 3084 1484 His
3113 1428 3259 1484 adde
3289 1433 3554 1501 quatuor
3581 1428 3784 1484 Domi-

2111 1521 2274 1576 nicas
2293 1524 2589 1587 vacantes,
2614 1524 2672 1575 et
2695 1536 2892 1586 unam,
2920 1535 3046 1590 qua!
3078 1521 3168 1573 est
3198 1518 3552 1590 praeparatio
3585 1517 3784 1574 Domi-

2110 1611 2224 1664 nici
2256 1610 2574 1675 Adventus,
2610 1625 2714 1664 nec
2757 1626 2870 1664 non
2921 1608 2994 1663 do
3033 1612 3236 1664 sancta
3265 1607 3584 1674 Trinitate,
3623 1624 3784 1664 sum-

2110 1715 2269 1752 mam
2314 1698 2747 1770 quinquaginta
2787 1698 3039 1752 duarum
3077 1695 3516 1754 Dominicarum
3551 1695 3783 1752 videbis

2109 1786 2491 1858 adimpletam
2523 1803 2673 1842 esse.

349 1889 582 1947 cunque
609 1872 738 1929 dies
767 1872 1073 1928 Dominica
1101 1871 1418 1939 advenerit,
1443 1869 1522 1926 ibi
1551 1871 1676 1927 sine
1703 1870 1880 1928 dubio
1905 1888 1997 1927 ce-
2029 1909 2076 1974 Β
2177 1876 2249 1930 At
2278 1891 2412 1931 vero
2437 1880 2630 1931 missa:
2673 1873 2730 1929 in
2781 1873 2931 1930 libro
2988 1873 3510 1930 Sacramentorum
3576 1872 3778 1946 plures

346 1961 573 2020 lebrare
601 1960 832 2018 valebit.
870 1983 898 2010 »

420 2051 586 2108 Hunc
610 2067 834 2106 morem
863 2053 1004 2119 tota,
1039 2052 1160 2104 tota
1201 2065 1367 2121 pene,
1400 2053 1464 2106 ut
1495 2049 1697 2116 fertur,
1731 2049 1999 2106 observat

350 2138 538 2198 Gallia
566 2156 632 2196 ac
656 2139 786 2212 ipsa
815 2137 1018 2195 civitas
1044 2139 1326 2206 Romana,
1346 2138 1642 2211 quondam
1667 2139 1870 2194 mundi
1899 2139 1998 2194 do-

349 2230 530 2296 mina,
561 2232 628 2284 ut
656 2245 761 2301 per
788 2225 1193 2283 veracissimos
1252 2226 1529 2284 relatores
1589 2244 1655 2283 ac
1707 2227 1996 2301 praecipue

346 2321 561 2375 sanctis
593 2316 1010 2374 recordationis
1055 2314 1444 2372 Adalboldum
1495 2315 1860 2389 episcopum,
1893 2316 1995 2388 qui

345 2406 580 2480 scriptis
610 2405 828 2463 nostris
859 2403 1130 2478 pulsatus
1161 2405 1356 2462 Romae
1389 2406 1616 2478 positus
1657 2406 1768 2462 hoc
1797 2403 1997 2478 requi-

345 2494 497 2564 sivit,
512 2494 847 2559 didicimus,
865 2495 1135 2566 quamvis
1161 2498 1363 2567 postea
1378 2494 1574 2552 nescio
1591 2511 1708 2567 qua
1729 2495 1800 2550 de
1821 2512 1999 2552 causa

344 2583 512 2642 aliter
539 2586 806 2656 agerent:
829 2581 1164 2638 Placentina
1196 2587 1417 2650 tamen,
1435 2587 1496 2639 ut
1524 2582 1637 2655 ipsi
1667 2599 1774 2655 ego
1791 2584 1995 2639 eodem

344 2672 406 2728 in
434 2677 697 2746 tempore
724 2674 780 2728 et
809 2671 1102 2728 audiendo
1131 2675 1190 2726 et
1211 2671 1460 2728 videndo
1481 2671 1998 2746 cognovi,aliisque

347 2759 524 2817 Italia
545 2759 882 2816 civitatibus
903 2758 1155 2831 antiqua:
1179 2759 1564 2816 institutionis
1595 2759 1856 2832 regulam
1876 2777 1996 2816 ser-

344 2848 639 2906 vantibus.
673 2847 785 2904 Sed
817 2851 874 2904 et
911 2847 1094 2904 abbas
1145 2847 1480 2921 Herigerus,
1510 2849 1599 2904 vir
1645 2865 1761 2904 non
1810 2866 1998 2922 parvae

347 2935 708 2996 auctoritatis
730 2935 947 2993 nostris
968 2937 1350 3009 temporibus,
1366 2938 1669 3010 proprium
1692 2955 1870 3011 super
1888 2938 1999 2996 hac

348 3044 410 3084 re
439 3025 703 3084 libellum
736 3025 1084 3098 composuit,
1117 3026 1178 3082 in
1209 3043 1345 3100 quo,
1380 3032 1445 3083 ut
1473 3038 1749 3084 asserunt
1795 3029 1896 3101 qui
1927 3027 1996 3084 il-

345 3115 473 3173 lum
490 3115 774 3190 legerunt,
793 3114 1197 3188 probabilibus
1213 3117 1578 3190 argumentis
1594 3133 1692 3174 eos
1709 3117 2001 3174 convincit

345 3210 552 3264 contra
575 3205 816 3262 Patrum
847 3204 1120 3262 instituta
1148 3222 1339 3279 agere,
1359 3205 1460 3278 qui
1487 3206 1622 3280 plus
1652 3223 1830 3279 quam
1855 3223 1999 3279 qua-

344 3299 480 3354 tuor
528 3295 860 3353 Dominicos
906 3293 1033 3352 dies
1079 3277 1393 3352 Adventus,
1426 3277 1998 3354 Domini—celebrare
2029 3277 2072 3345 Ο

347 3385 730 3442 contendunt.

989 3471 1221 3528 CAPUT
1258 3472 1356 3529 III.

682 3560 917 3631 Objectio
943 3564 1134 3616 contra
1162 3560 1308 3617 dicta
1335 3560 1670 3618 dissolvitur.

419 3646 580 3710 Quod
603 3662 736 3703 vero
759 3663 827 3702 ex
849 3647 1090 3702 adverso
1115 3648 1422 3719 objiciunt,
1447 3647 1576 3706 ideo
1607 3654 1860 3722 quatuor
1890 3651 1998 3706 Do-

349 3733 736 3792 minicosdies
757 3739 994 3807 excepta
1008 3735 1208 3809 vigilia
1222 3736 1453 3792 Domini
1473 3737 1680 3794 debere
1697 3738 2000 3808 celebrari,

349 3827 416 3880 ut
445 3821 548 3880 illa
575 3826 826 3896 quatuor
855 3823 1222 3881 nocturnalia
1261 3825 1454 3881 ofﬁcia
1481 3826 1568 3883 vel
1601 3826 1786 3883 sancti
1815 3828 2000 3884 Evan-

347 3911 506 3987 gelii,
529 3929 631 3968 seu
660 3911 923 3985 Apostoli
950 3912 1118 3970 lectio
1150 3914 1209 3969 in
1256 3913 1357 3971 illa
1386 3915 1711 3985 Dominica,
1745 3933 1872 3990 qua:
1902 3933 2002 3973 va-

347 4005 458 4070 cat,
484 4000 716 4075 possint
747 4000 1000 4074 impleri,
1029 4001 1184 4058 facili
1215 4003 1594 4075 responsione
1621 4008 1813 4076 potest
1841 4021 2004 4060 ener-

345 4089 488 4147 vari.
516 4089 660 4155 Quis
689 4089 846 4146 enim
880 4106 996 4146 non
1019 4090 1213 4147 videat
1241 4091 1634 4165 incongruum
1678 4091 1844 4150 valde
1873 4109 2003 4150 esse

347 4183 586 4254 propter
626 4179 743 4236 tria
795 4179 882 4236 vel
937 4183 1188 4252 quatuor
1237 4183 1631 4254 responsoria,
1659 4199 1786 4255 quae
1815 4187 2002 4239 retro.

347 4268 492 4325 actis
517 4267 899 4325 hebdomadas
927 4268 1155 4338 diebus,
1171 4269 1218 4326 si
1245 4275 1442 4327 tamen
1475 4271 1559 4326 ita
1585 4271 1776 4328 visum
1803 4272 2000 4339 fuerit,

346 4356 668 4426 decantari,
700 4356 789 4413 vel
817 4358 1006 4414 sancti
1040 4359 1331 4432 Evangelii
1363 4376 1468 4416 seu
1496 4359 1760 4433 Apostoli
1807 4359 2000 4429 lectio,

347 4463 474 4520 quae
506 4445 652 4502 feria
679 4445 852 4502 tertia
883 4451 1017 4504 ante
1037 4448 1359 4521 jejunium,
1376 4448 1606 4506 sicutin
1627 4449 1801 4506 Italis:
1820 4449 2004 4524 regio~

347 4534 522 4592 nibus
549 4552 656 4592 nos
682 4535 796 4610 ipsi
829 4552 998 4609 agere
1028 4537 1365 4594 audivimus
1395 4553 1462 4595 ac
1490 4537 1767 4609 vidimus,
1797 4537 1884 4596 vel
1907 4555 2006 4610 po-

2106 1961 2485 2020 inveniuntur
2530 1963 2831 2036 appositae,
2876 1966 3077 2036 utpote
3135 1967 3266 2036 post
3322 1960 3778 2036 The0phaniam

2105 2052 2411 2109 abundant
2440 2055 2580 2121 tres,
2611 2057 2743 2124 post
2799 2056 3061 2108 octavam
3117 2052 3492 2108 Pentecostes
3547 2069 3694 2119 una,
3725 2059 3776 2108 et

2106 2158 2226 2198 una
2254 2142 2313 2196 in
2345 2141 2596 2215 septimo
2628 2158 2850 2208 mense,
2883 2141 3118 2214 quando
3159 2140 3462 2213 jejunium
3494 2145 3592 2196 est
3623 2140 3772 2197 cele-

2105 2230 2552 2296 brandum,non
2585 2229 2928 2303 incongruo,
2946 2233 3010 2285 ut
3041 2235 3200 2302 puto,
3225 2228 3534 2296 ordine,ut
3557 2230 3772 2302 quina-

2107 2316 2252 2386 rius,
2269 2319 2371 2391 qui
2396 2317 2956 2391 quinquagesimum
2978 2317 3306 2374 secundum
3327 2334 3650 2374 numerum
3675 2317 3769 2374 hic

2105 2409 2569 2480 supergreditur,
2611 2407 2828 2480 quintae
2867 2406 3253 2464 nihilominus
3284 2406 3603 2464 Dominicze
3636 2409 3766 2464 ante

2105 2494 2309 2552 Natale
2339 2497 2568 2553 Domini
2611 2513 2714 2570 per
2764 2495 2941 2553 verba
2991 2494 3418 2570 deprecationis
3447 2495 3762 2552 adunetur.

2105 2583 2200 2640 Sic
2225 2585 2381 2642 enim
2413 2589 2540 2642 orat
2570 2585 2844 2642 sacerdos
2875 2602 2888 2641 :
2921 2587 3135 2652 Eccita,
3166 2586 3417 2653 Domine,
3447 2601 3766 2658 qmumus

2106 2681 2327 2730 tuorum
2379 2674 2630 2746 ﬁdelium
2677 2675 3004 2742 voluntates,
3061 2679 3170 2731 etc.
3197 2676 3572 2748 Quanquam
3621 2677 3678 2730 et
3708 2673 3764 2726 in

2108 2763 2465 2835 quibusdam
2498 2762 2830 2820 Missalium
2863 2763 3030 2820 libris
3060 2763 3237 2819 etiam
3268 2762 3471 2830 altera,
3505 2761 3704 2818 nescio
3733 2777 3768 2816 a

2109 2868 2248 2924 quo,
2265 2852 2599 2910 inveniatur
2629 2853 2972 2925 composita.
2989 2853 3151 2920 Quod
3169 2853 3218 2909 si
3236 2852 3294 2908 in
3313 2851 3617 2925 aliquibus
3643 2849 3771 2922 plu-

2108 2957 2202 2999 res
2231 2941 2610 2999 inveniuntur
2637 2941 2828 3011 libris,
2862 2959 2979 2999 non
3010 2947 3207 2999 tamen
3239 2941 3616 2998 authenticis.

2179 3031 2281 3088 His
2313 3031 2394 3088 ita
2421 3048 2550 3088 sese
2579 3031 2956 3102 habentibus,
2973 3047 3073 3088 eos
3097 3031 3199 3104 qui
3232 3034 3394 3088 tanto
3424 3028 3634 3088 annisu
3649 3027 3765 3084 hoc

2108 3136 2262 3177 anno
2281 3137 2459 3177 unam
2477 3119 2910 3177 hebdomadam
2928 3120 3231 3179 Dominico
3246 3117 3530 3176 Adventui
3551 3133 3773 3174 conan-

2107 3214 2206 3265 tur
2240 3209 2515 3280 adjicere,
2546 3208 2689 3264 libet
2745 3208 3075 3281 percontari
3129 3208 3413 3282 quidnam
3468 3207 3770 3278 agendum

2110 3301 2408 3366 censeant,
2441 3314 2577 3354 cum
2629 3297 2888 3370 primum
2931 3296 3156 3354 Pascha
3204 3297 3264 3353 in
3309 3314 3368 3353 x1
3398 3294 3519 3351 Kal.
3550 3295 3766 3368 April.,

2108 3386 2554 3460 Septuagesima
2596 3403 2731 3444 vero
2778 3403 2852 3442 xv
2900 3385 3024 3442 Kal.
3073 3385 3234 3442 Febr.
3285 3384 3556 3451 evenerit,
3587 3389 3645 3440 et
3687 3386 3763 3441 ob

2110 3475 2219 3532 hoc
2276 3475 2392 3532 duo
2450 3475 2664 3543 ofﬁcia,
2699 3491 2826 3548 qua:
2875 3478 3014 3531 sunt
3047 3493 3060 3532 :
3095 3474 3282 3532 Omnis
3313 3479 3475 3542 terra,
3506 3472 3760 3544 Adorate,

2108 3563 2270 3621 velut
2287 3563 2483 3620 minus
2503 3562 2831 3620 necessaria
2847 3563 3249 3630 remanebunt,
3263 3559 3374 3617 nisi
3393 3561 3537 3617 forte
3553 3561 3760 3634 priori,

2109 3653 2167 3709 id
2199 3659 2290 3709 est
2321 3669 2334 3708 :
2369 3653 2556 3710 Omnis
2586 3660 2752 3720 terra,
2787 3650 2887 3728 tali
2918 3653 3090 3709 modo
3120 3651 3307 3708 locum
3338 3649 3497 3727 dent,
3531 3653 3596 3706 ut
3625 3655 3763 3706 ante

2110 3741 2497 3814 Epiphaniam
2515 3760 2528 3798 :
2543 3743 2606 3799 In
2621 3741 2830 3799 excelso
2850 3742 3042 3798 throno
3065 3755 3261 3798 contra
3281 3754 3506 3795 morem
3523 3743 3760 3806 canant,

2110 3847 2246 3887 cum
2265 3829 2322 3886 in
2342 3831 2620 3888 omnibus
2637 3829 2995 3888 authenticis
3015 3827 3452 3901 Antiphonariis
3481 3827 3538 3884 id
3561 3828 3761 3902 ipsum

2111 3920 2195 3976 ita
2212 3919 2627 3992 praetituletur:
2645 3920 3087 3993 Dominicalposl
3117 3917 3487 3989 Epiphaniam
3514 3917 3757 3974 Domini.

2109 4008 2234 4065 Non
2289 4007 2479 4064 solum
2539 4008 2668 4076 hoc,
2701 4008 2804 4064 sed
2853 4013 2912 4065 et
2959 4005 3324 4078 responsoria
3357 4021 3372 4062 :
3406 4007 3660 4075 Domine,
3690 4025 3764 4064 ne

2112 4100 2172 4154 in
2192 4099 2300 4162 ira,
2317 4097 2548 4154 nullum
2570 4097 2726 4155 diem
2757 4095 3123 4156 Dominicum
3155 4098 3432 4168 poterunt
3450 4094 3759 4169 attingere,

2111 4191 2312 4244 octava
2340 4187 2677 4261 Epiphania:
2704 4186 2962 4259 proxima
2981 4183 3154 4240 tertia
3180 4184 3326 4240 feria
3353 4188 3489 4240 ante
3516 4187 3760 4256 Septua-

2110 4275 2337 4352 gesima
2366 4271 2897 4343 occurrente.0uod
2921 4272 2970 4329 si
3003 4272 3087 4329 ita
3117 4277 3226 4340 est,
3243 4274 3361 4330 imo
3393 4273 3532 4346 quia
3550 4272 3632 4329 ita
3647 4277 3758 4341 est,

2110 4383 2298 4423 unum
2323 4365 2534 4422 horum
2567 4377 2798 4422 necesse
2817 4366 2907 4418 est
2935 4362 3286 4437 intelligant,
3301 4367 3402 4420 aut
3423 4368 3486 4419 ut
3507 4362 3624 4419 haec
3639 4379 3760 4420 om-

2111 4455 2232 4525 nia,
2264 4455 2322 4511 id
2353 4458 2443 4512 est
2475 4471 2489 4512 :
2521 4454 2730 4520 ofﬁcia,
2764 4452 3166 4524 responsuris:
3200 4455 3538 4520 Domine,nc
3565 4454 3624 4508 in
3647 4455 3756 4519 ira,

2110 4543 2390 4602 lectiones
2440 4547 2706 4617 quatuor,
2738 4541 2954 4598 missas
3001 4542 3286 4615 quinque,
3317 4540 3554 4599 omnino
3585 4544 3751 4614 quasi

346 4625 466 4719 tius
488 4625 548 4719 in
569 4623 1041 4719 ipsaquinica,
1058 4627 1293 4719 quando
1305 4626 1507 4700 vigilia
1523 4625 1852 4719 celebratur
1865 4643 2000 4719 cum
2030 4651 2080 4719 D
2112 4649 2228 4690 non
2261 4631 2592 4692 necessaria
2604 4629 3048 4705 pratermittant
3063 4649 3076 4699 ;
3093 4635 3195 4688 aut
3213 4631 3315 4688 ubi
3337 4629 3595 4688 locorum
3615 4647 3754 4704 pos-

345 4713 584 4787 hymnis
596 4713 1068 4784 matutinalibus,
1077 4715 1268 4789 primo
1281 4733 1453 4773 mane
1475 4715 1705 4789 possint
1723 4717 2002 4791 adimple—
2030 4713 2071 4719 —
2109 4721 2250 4792 sint,
2285 4723 2651 4786 intersemnt,
2665 4722 2724 4775 et
2755 4720 3080 4776 concedant
3109 4719 3298 4786 nobis,
3317 4719 3374 4776 id
3394 4737 3512 4776 una
3530 4723 3751 4776 tantum

348 4802 418 4870 ri,
449 4805 570 4857 tam
601 4801 879 4875 mysticae
911 4805 1166 4861 rationes
1195 4809 1448 4878 quatuor
1497 4804 2001 4863 hebdomadarum

347 4891 615 4948 evacuari
646 4891 856 4946 debere
873 4890 901 4946 ?

417 4980 546 5035 Non
576 4979 782 5050 utique
817 4983 1029 5050 quarta
1074 4981 1378 5039 Dominica
1426 4983 1724 5040 Adventus
1771 4983 2004 5042 Domini

349 5068 600 5132 vacaret,
632 5065 683 5120 si
741 5067 1044 5136 preprium
1103 5070 1362 5126 ofﬁcium
1408 5071 1665 5128 haberet.
1701 5073 2004 5140 Introitus,

351 5157 641 5218 Memento,
663 5152 724 5206 in
758 5151 918 5208 nullo
949 5155 1282 5214 authentico
1324 5159 1620 5217 invenitur
1645 5161 2006 5236 Antiphone-

354 5241 471 5308 rio;
497 5240 597 5294 sed
619 5238 816 5311 ipsum
838 5241 1096 5300 ofﬁcium
1118 5263 1152 5300 a
1169 5247 1424 5316 quodam
1457 5266 1560 5321 pro
1583 5249 1751 5306 libitu
1782 5256 1872 5308 est
1901 5269 2006 5308 su-

355 5325 750 5403 peradditum,
769 5326 1018 5398 ideoque
1041 5349 1145 5388 nec
1163 5351 1533 5407 summopere
1547 5343 1635 5394 est
1654 5342 2002 5412 curandum,

355 5417 405 5473 si
418 5431 522 5489 pro
539 5413 960 5470 rationabiliori
977 5433 1155 5476 causa
1175 5421 1490 5493 aliquando
1514 5426 1688 5482 fuerit
1709 5429 2004 5487 intermis-

357 5523 511 5562 sum.
536 5503 716 5558 Vacat
741 5500 898 5557 enim
923 5502 1052 5574 ista,
1079 5510 1576 5580 quemadmodum
1601 5519 1656 5570 et
1675 5519 1864 5575 cmteri
1889 5525 2006 5578 tres

359 5590 670 5650 Dominica
703 5589 848 5658 dies,
875 5590 974 5662 qui
998 5593 1175 5650 simili
1200 5598 1375 5653 modo
1399 5607 1698 5670 ponuntur
1716 5611 1850 5678 post
1868 5609 2010 5668 duo-

359 5683 547 5741 decim
579 5677 882 5750 lectiones,
909 5679 1126 5752 quibus
1155 5689 1347 5742 tamen
1398 5688 1643 5748 minime
1685 5677 1899 5754 desunt
1926 5698 2007 5756 le-

2113 4811 2298 4868 missa
2313 4815 2372 4868 et
2387 4807 2757 4869 unaleotione
2767 4807 3088 4880 apostolica
3107 4825 3213 4864 seu
3224 4807 3557 4882 evangelica
3565 4824 3755 4882 agere,

2113 4901 2270 4974 quod
2301 4900 2414 4958 sibi
2428 4897 2650 4971 ,putant
2679 4895 2740 4952 in
2764 4895 3036 4970 plurimis
3053 4895 3248 4955 licere.
3269 4896 3542 4970 Alioquin
3559 4899 3753 4954 termi-

2116 5007 2259 5046 num
2290 4985 2619 5062 paschalem
2649 4989 2893 5042 eatenus
2917 4987 3297 5057 transferant,
3348 4991 3630 5060 quatenus
3657 4985 3756 5043 illa

2116 5080 2232 5136 duo
2261 5077 2466 5145 ofﬁcia,
2500 5090 2572 5130 ne
2601 5075 2795 5132 dicam
2826 5074 3106 5132 lectiones
3127 5081 3186 5133 et
3216 5075 3452 5145 missas,
3466 5075 3612 5132 inter
3631 5076 3757 5149 Epi-

2116 5168 2389 5240 phaniam
2412 5169 2470 5220 et
2490 5163 2995 5238 Septuagesimm
3011 5164 3224 5221 locum
3253 5164 3568 5234 inveniant,
3583 5168 3634 5220 et
3651 5181 3751 5220 nos

2115 5255 2234 5314 illis
2257 5253 2630 5312 concedimus
2674 5253 3001 5309 Adventum
3048 5253 3279 5310 Domini
3327 5253 3658 5326 anticipare,
3689 5258 3754 5310 ut

2116 5341 2413 5402 Dominica
2445 5359 2571 5414 qua;
2610 5345 2798 5409 vacat,
2829 5357 2964 5397 cum
2997 5341 3333 5415 integritate
3381 5342 3746 5398 hebdomadas

2117 5430 2297 5507 possit
2322 5431 2580 5504 vigiliam
2611 5429 2833 5487 Natalis
2865 5431 3094 5488 Domini
3127 5431 3236 5487 hoc
3264 5449 3420 5488 anno
3452 5431 3662 5505 praeire.

2183 5521 2342 5588 Quod
2376 5520 2426 5578 si
2456 5519 2894 5593 respondebunt
2940 5519 3052 5576 hoc
3100 5521 3384 5577 canonica
3420 5520 3743 5577 auctoritate

2112 5627 2236 5668 esse
2265 5609 2651 5684 prohibitum,
2683 5614 2741 5665 et
2772 5626 2878 5666 nos
2905 5611 3188 5667 veraciter
3229 5608 3482 5667 dicimus
3510 5610 3640 5683 quia
3668 5609 3742 5665 ri-

2109 5703 2237 5758 tum
2267 5716 2384 5775 quo
2413 5699 2744 5756 Adventum
2789 5698 3024 5757 Domini
3068 5697 3452 5771 celebramus,
3477 5716 3511 5756 a
3540 5698 3740 5756 sanctis
