4984 6384
697 431 849 497 1085

1797 427 1900 491 DE
1943 426 2182 490 INITIO
2223 426 2641 489 ADVENTUS
2685 423 2989 489 DOMINI.

3932 428 4089 494 4086

693 564 962 625 Patribus
982 557 1233 628 Gelasio,
1248 560 1894 636 Gregorio,Hieronymo
1916 566 2088 634 atque
2116 560 2331 617 Hilario
2360 564 2413 630 Α
2444 575 2620 616 suum
2640 559 2653 615 ι
2674 558 2900 616 Salutat
2915 564 2971 615 te
2988 558 3231 617 humilis
3246 559 3627 634 Augiensium
3651 561 3893 620 fratrum
3914 567 4091 622 cater-

696 654 1095 712 indubitanter
1114 651 1605 724 accepimus,quae
1635 651 1982 707 velutbases
2004 650 2336 707 consistunt
2440 648 2599 713 vula,
2634 665 2867 721 semper
2898 649 2981 704 tui
3015 665 3241 706 memor
3271 649 3425 707 inter
3452 667 3616 708 sacra
3664 652 3993 710 orationum
4020 653 4090 711 li-

694 746 749 801 in
775 745 989 801 sanctas
1027 740 1297 796 Ecclesiae
1346 741 1768 809 fundamentis,
1800 757 2052 812 quorum
2103 744 2334 794 senten-

691 833 784 889 tiis
815 831 966 888 nolle
996 829 1369 902 acquiescere
1398 829 1790 902 transgressio
1819 834 1907 884 est
1937 827 2083 901 legis
2107 827 2333 883 divinae.

1343 934 1569 990 CAPUT
1608 933 1698 988 IV.

692 1027 971 1096 Implorat
1001 1029 1188 1080 Βενηο
1209 1026 1484 1080 Aribonis
1513 1025 2119 1096 auctori/alemgtt‘ne
2136 1022 2336 1096 plures

759 1094 930 1172 quam
959 1102 1215 1168 quatuor
1240 1097 1517 1151 Adventus
1543 1094 1874 1149 Duminz‘cus
1897 1094 2188 1149 celebrari
2211 1108 2338 1162 per-

766 1170 976 1225 mutat.

761 1277 887 1332 Haec
916 1291 1045 1331 esse
1086 1273 1197 1330 etsi
1244 1273 1325 1327 ita
1367 1272 1681 1338 credimus,
1716 1262 1872 1326 haud
1923 1271 2089 1326 facile
2142 1274 2337 1326 tamen

695 1364 819 1420 aliis
831 1362 1338 1436 persuadebimus.
1354 1363 1716 1432 Quapropter
1736 1376 1802 1415 ex
1822 1364 2037 1414 sancta:
2056 1358 2209 1413 sedis
2228 1363 2337 1413 tuae

694 1450 1029 1506 auctoritate
1073 1448 1367 1504 sententia
1399 1448 1659 1519 prodeat,
1694 1464 1825 1518 qum
1870 1450 2205 1502 sanctorum
2240 1447 2337 1501 Pa-

693 1543 842 1593 trum
871 1536 1144 1592 instituta
1171 1553 1401 1592 servare
1431 1537 1727 1600 decernat,
1761 1551 1831 1589 ne
1862 1538 2078 1590 sanctae
2132 1534 2339 1589 matris

691 1625 948 1682 Ecclesiae
976 1624 1109 1692 ﬁlii,
1144 1625 1204 1680 in
1239 1625 1500 1680 schisma
1528 1624 1761 1690 diversi,
1795 1623 1995 1679 minus
2030 1623 2338 1678 unanimes

690 1715 905 1787 possint
934 1714 1208 1771 habitare
1239 1715 1296 1769 in
1333 1714 1504 1770 domo
1538 1713 1953 1768 Domini.Nam
1977 1728 2045 1767 ex
2075 1710 2340 1766 dulcissi-

696 1820 786 1859 mo
816 1804 960 1859 sacri
995 1802 1255 1876 pectoris
1289 1802 1377 1857 tui
1407 1804 1564 1857 fonte
1596 1818 1810 1873 purum
1858 1800 2036 1871 hujus
2087 1799 2337 1854 scientiae

2450 736 2707 792 bamina.

2696 828 3053 899 Rescriplum
3086 828 3359 885 Aribom's
3387 830 3837 901 archiepiscopi.

2516 914 2889 970 Sanctitatem
2919 920 3171 972 vestram
3217 934 3334 973 aevo
3383 919 3737 991 sempiterno
3787 920 4097 978 intemera-

2445 1005 2566 1057 tam
2597 1020 2938 1060 conservare
2983 1009 3270 1076 optantes,
3295 1006 3733 1080 circumspecta!
3783 1014 3986 1066 vestrae
4034 1010 4092 1064 in

2447 1091 2562 1159 bis,
2597 1108 2723 1163 quae
2755 1092 2827 1146 ad
2861 1094 3169 1149 Dominum
3219 1100 3378 1162 sunt,
3413 1096 3793 1153 sollicitudini
3845 1098 4102 1171 gratula-

2448 1196 2598 1235 mur.
2632 1181 2893 1236 Tandem
2924 1181 3099 1237 etiam
3130 1184 3337 1239 vestris
3369 1184 3513 1239 bene
3545 1189 3601 1240 et
3647 1186 3964 1243 artificiose
4011 1186 4099 1243 in-

2444 1268 2654 1336 ventis,
2713 1268 2929 1339 Optime
3003 1270 3323 1343 dispositis,
3404 1273 3650 1329 facunde
3715 1272 3984 1340 elocutis,
4044 1280 4101 1332 et

2446 1360 2738 1428 postremo
2788 1358 2957 1414 firma
3007 1359 3289 1415 memoria
3337 1362 3753 1432 pronuntiatis,
3787 1380 3857 1418 ex
3900 1363 4099 1419 animo

2448 1445 2709 1499 favemus
2743 1446 3106 1513 tractatibus,
3136 1452 3211 1511 et,
3245 1447 3294 1504 si
3325 1466 3441 1520 qua
3473 1448 3572 1505 illa
3600 1454 3689 1507 est
3719 1451 4096 1523 pontiﬁcatus

2446 1532 2659 1587 tantilli
2719 1534 3058 1600 auctoritas,
3104 1536 3251 1606 ejus,
3311 1537 3466 1593 sicut
3524 1540 3794 1610 rogastis,
3854 1557 4097 1596 manum

2445 1620 2804 1692 imponimus
2854 1621 2957 1677 eis.
3012 1624 3302 1679 Fecundet
3332 1625 3615 1683 Dominus
3669 1632 3725 1682 ct
3783 1628 4101 1701 amplificet

2449 1713 2673 1764 tantam
2709 1711 2766 1764 in
2796 1711 2960 1765 vobis
2991 1711 3265 1783 gratiam,
3299 1718 3381 1781 ut,
3415 1712 3465 1768 si
3500 1714 3654 1786 quod
3685 1715 3877 1772 adhuc
3904 1716 4100 1783 etiam,

2462 1798 2520 1852 in
2553 1815 2668 1869 quo
2700 1798 2953 1854 Ecclesia
2993 1800 3265 1867 offendat,
3298 1802 3666 1858 obstaculum
3713 1809 3932 1861 restare
3979 1822 4105 1861 sen-

692 1896 887 1964 potum
916 1892 1162 1948 tandem
1193 1890 1427 1946 haurire
1458 1890 1827 1962 cupimus,ne
1844 1905 1945 1961 per
1963 1888 2153 1942 varios
2173 1905 2331 1943 erro-
2364 1931 2411 1996 Β
2465 1886 2677 1953 seritis,
2704 1887 2907 1943 eadem
2951 1888 3177 1945 cautela
3222 1890 3541 1963 prOpellere
3592 1891 3781 1948 velitis
3828 1897 3885 1947 et
3926 1892 4102 1949 indu-

890 1981 901 1992 .
983 1980 998 1996 ς
1128 1980 1169 1996 ς.
1221 1979 1255 1996 ..
1477 1995 1481 1996 ν
1788 1978 1800 1996 .
1839 1993 2083 1996 Nam“;
2143 1975 2325 1996 me
2462 1975 2567 1996 με,

699 1997 828 2035 rum
858 1980 1073 2037 rivulos
1112 1979 1334 2035 diutius
1365 1996 1399 2034 a
1426 1995 1558 2034 vero
1597 1996 1703 2033 nos
1751 1978 2107 2044 aberremus,
2142 1979 2207 2030 ut
2233 1975 2335 2031 illa

696 2068 881 2125 valeas
911 2069 1185 2125 mercede
1214 2067 1417 2123 donari
1446 2083 1622 2139 quam
1655 2066 1940 2122 Dominus
1973 2082 2075 2137 per
2104 2064 2347 2136 prophe-

698 2160 811 2213 tam
841 2150 1057 2214 talibus
1092 2158 1288 2213 verbis
1318 2156 1595 2228 dignatus
1619 2161 1709 2210 est
1735 2153 1997 2226 polliceri
2024 2155 2349 2225 :Bealz',qui

697 2247 980 2301 seminatis
1004 2263 1187 2318 super
1215 2261 1410 2299 omnes
1438 2261 1637 2316 aquas.

766 2334 1016 2391 Dilectus
1041 2333 1317 2391 Ecclesize
1349 2332 1741 2405 Sponsus,qui
1764 2330 2024 2403 quotidie
2048 2328 2350 2386 descendit

704 2422 760 2477 in
791 2422 1019 2480 hortum
1053 2439 1235 2479 suum
1269 2424 1339 2478 ad
1373 2421 1626 2477 areolam
1658 2424 2079 2484 aromatum,te
2112 2435 2352 2491 pascenz

707 2515 815 2567 tem
848 2512 905 2567 in
935 2512 1129 2569 hortis
1158 2509 1632 2579 virtutum,inter
1660 2508 1784 2564 lilia
1815 2507 2101 2565 castitatis
2124 2507 2351 2563 conval-

705 2598 841 2655 lium
872 2606 1003 2673 post
1024 2601 1209 2672 hujus
1234 2601 1361 2656 vitae
1386 2599 1704 2655 terminum
1728 2596 1965 2669 colligat
1991 2597 2049 2651 in
2074 2595 2347 2652 horreum

2462 1975 2595 2030 tria.

2527 2064 2608 2119 De
2636 2071 2860 2131 caetero,
2885 2066 3247 2122 orationibus
3276 2067 3484 2124 vestris
3518 2073 3575 2124 et
3603 2069 3789 2125 sancti
3820 2069 4105 2129 examinis

2455 2152 2566 2208 sub
2595 2156 2784 2209 vestro
2808 2152 3090 2225 regimine
3119 2155 3514 2212 mellificantis
3533 2159 3775 2214 recreari
3801 2163 4102 2232 optamus;

2454 2244 2511 2295 et
2539 2240 2640 2311 qui
2673 2258 2829 2296 nunc
2858 2243 2968 2296 sub
3000 2242 3189 2299 crucis
3216 2244 3419 2300 habitu
3446 2246 3563 2301 assi
3608 2247 3786 2318 piscis
3825 2252 3989 2318 parte
4018 2247 4102 2303 ci-

2457 2328 2700 2396 bamini,
2726 2333 2789 2384 ut
2811 2331 3163 2403 quandoque
3193 2332 3318 2388 favo
3349 2333 3538 2389 mellis
3559 2334 3719 2406 digni
3741 2334 4100 2401 habeamini,

2460 2432 2552 2472 me
2583 2434 2815 2489 quoque
2846 2435 2879 2472 a
2908 2417 3078 2490 longe
3110 2419 3264 2475 haud
3297 2426 3533 2476 strenue
3574 2427 3895 2479 certantem
3925 2427 3983 2479 et
4008 2422 4100 2480 in-

2459 2506 2690 2561 terdum
2745 2504 2993 2561 statione
3052 2505 3252 2562 relicta
3307 2507 3432 2563 loco
3483 2510 3803 2574 cedentem,
3832 2510 4102 2583 precibus

2459 2593 2668 2649 vestris
2698 2610 2963 2649 revocare
2988 2595 3198 2663 velitis,
3232 2595 3477 2652 sollicite
3506 2613 3803 2669 rogamus.

1331 2802 1998 2929 BERNONIS
2084 2800 2665 2925 ABBATIS
2751 2800 3483 2926 AUGIENSIS

1904 2987 2245 3075 RATIO
2304 2987 2913 3075 GENERALIS

1022 3117 1116 3173 DE
1156 3115 1376 3172 INITIO
1415 3113 1790 3169 ADVENTUS
1832 3112 2089 3168 DOMINI
2128 3109 2511 3167 SECUNDUM
2547 3109 3103 3167 AUCTORITATEM
3144 3111 3410 3168 HlLARII
3451 3112 3780 3169 EPISCOPI.

1998 3209 2190 3281 (Apud
2223 3207 2349 3274 Pez,
2375 3209 2474 3262 ubi
2498 3223 2687 3278 supra,
2720 3207 2832 3288 49.)

777 3366 1091 3448 Sciendum
1122 3409 1263 3448 sane
1295 3395 1381 3447 est
1409 3397 1466 3446 et
1496 3389 1769 3445 omnibus
1791 3388 2126 3444 orthodoxis
2158 3386 2345 3443 ﬁdeli-
2377 3388 2419 3455 C
2450 3386 2699 3443 termino
2729 3392 3053 3455 versantur,
3087 3391 3432 3455 succrescat,
3467 3404 3568 3460 per
3597 3389 3850 3461 speciem
3892 3407 4095 3463 synec-

710 3476 815 3535 bus
831 3482 1170 3537 memoriter
1191 3478 1728 3550 retinendum,quia
1750 3477 1901 3533 sicut
1923 3477 2210 3549 praacipua
2226 3493 2352 3531 cur-

708 3568 883 3625 rentis
907 3570 1045 3625 anni
1079 3574 1345 3640 tempora
1375 3566 1625 3640 propriis
1658 3570 1795 3622 sunt
1821 3565 2089 3620 terminis
2120 3566 2350 3636 praefixo

704 3659 896 3713 tenore
926 3657 1338 3726 contenta,hoc
1370 3660 1456 3711 est
1482 3675 1494 3711 :
1518 3654 2197 3726 Septuagesimale,quod
2226 3670 2351 3725 sep-

705 3744 963 3817 tuaginta
992 3747 1173 3803 trium
1206 3745 1433 3801 dierum
1467 3744 1655 3816 spatio
1686 3730 2074 3807 c3nﬁcitur,et
2095 3742 2347 3813 quadra-

703 3831 994 3903 gesimale,
1018 3835 1176 3908 quod
1209 3833 1601 3907 quadragenis
1643 3832 1912 3902 binisque
1956 3834 2183 3885 constat
2226 3829 2348 3885 die-

704 3919 831 3989 bus,
863 3939 968 3979 nec
1016 3942 1134 3980 non
1165 3927 1221 3980 et
1255 3921 1550 3996 paschalis
1599 3919 1988 3975 solemnitatis
2038 3917 2344 3987 terminus,

705 4010 838 4080 quia
868 4029 902 4067 a
927 4030 1009 4068 xu
1046 4011 1164 4068 Kal.
1196 4010 1411 4084 Aprilis
1442 4025 1631 4081 usque
1659 4027 1755 4064 xxv
1786 4007 1913 4063 Kal.
1940 4006 2075 4064 Maii
2106 4024 2263 4079 perx
2294 4010 2351 4062 et

706 4112 757 4151 χι
788 4114 969 4156 annos
985 4099 1274 4168 variatur;
1292 4099 1680 4172 Rogationum
1703 4112 1955 4170 quoque,
1970 4112 2221 4168 quarum
2240 4100 2349 4151 ter-

707 4184 901 4244 minus
931 4187 1094 4245 omni
1129 4192 1389 4261 tempore
1422 4204 1455 4241 a
1485 4186 1671 4261 pridie
1701 4186 1846 4242 Non.
1872 4184 2005 4239 Maii
2046 4183 2344 4256 quzeritur,

705 4276 759 4327 et
785 4279 874 4331 est
903 4276 1048 4334 luna
1074 4295 1145 4333 xx
1176 4276 1400 4332 mensis
1423 4275 1591 4341 Maii;
1617 4275 1981 4330 Pentecostes
2010 4272 2295 4329 terminus
2315 4290 2349 4326 a

703 4377 799 4417 xm
829 4363 947 4420 Kal.
979 4366 1140 4422 Junii
1190 4381 1424 4437 semper
1470 4362 1807 4435 inquiritur,
1842 4361 1941 4434 qui
1990 4365 2081 4417 est
2122 4360 2262 4416 luna
2292 4377 2348 4416 ιν

704 4452 922 4509 mensis
936 4455 1099 4511 Junii
1119 4472 1133 4524 ;
1152 4454 1235 4510 ita
1257 4470 1392 4525 ergo
1416 4452 1703 4508 terminus
1723 4449 2108 4506 inchoationis
2120 4450 2344 4505 Adven-

702 4540 796 4595 tus
808 4540 1041 4599 Domini
1061 4539 1347 4600 immobili
1366 4542 1553 4598 limite
1575 4543 1805 4596 constat
1828 4539 2151 4594 secundum
2169 4537 2344 4593 fidem

701 4624 912 4686 Nicaani
945 4632 1175 4689 concilii
1208 4649 1242 4688 a
1263 4648 1300 4687 ν
1324 4630 1447 4686 Kal.
1481 4630 1614 4686 Dec.
1649 4626 1913 4700 usquein
1944 4643 2002 4682 ιιι
2026 4626 2345 4696 Non.ejus-

701 4714 832 4772 dem
863 4721 1103 4777 mensis.
1129 4720 1275 4776 Nam
1308 4725 1528 4792 septem
1562 4717 1686 4773 dies
1732 4717 1790 4771 in
1823 4715 2013 4771 medio
2052 4715 2345 4770 variantes
2374 4747 2423 4814 Β

702 4807 1016 4864 ostendunt
1043 4808 1242 4883 procul
1275 4808 1451 4863 dubio
1485 4804 1737 4879 singulis
1769 4803 1940 4858 annis
1957 4802 2341 4871 Dominicam,

702 4888 757 4945 in
789 4897 1156 4971 qua,absque
1183 4894 1564 4969 refragatione
1584 4894 2010 4966 aliqua,sancta
2026 4907 2126 4963 per
2142 4890 2342 4946 orbem

700 4978 954 5039 Ecclesia
972 4985 1298 5042 Adventum
1321 4981 1552 5040 Domini
1580 4980 1962 5054 praeconando
1982 4978 2338 5052 aggreditur.

771 5069 837 5123 Et
857 5070 942 5127 ita
963 5074 1267 5146 contingit,
1294 5076 1359 5127 ut
1390 5072 1440 5127 si
1464 5069 1854 5143 quarumdam
1879 5083 2039 5122 more
2059 5066 2340 5123 Ecclesia-

701 5171 829 5213 rum
860 5175 896 5214 a
921 5176 981 5216 v1
1010 5161 1130 5218 Kal.
1165 5160 1437 5218 Decemb.
1472 5158 1628 5214 idem
1662 5155 1947 5212 terminus
1978 5156 2343 5227 ligatur,pro-

700 5243 855 5302 xima
878 5247 1247 5306 hebdomada
1270 5245 1599 5304 Nativitatis
1630 5243 1859 5301 Domini
1890 5244 2183 5315 superflua
2221 5247 2341 5299 tota

700 5331 1030 5392 inveniatur
1050 5343 1110 5395 at
1130 5352 1501 5410 nequaquam
1521 5332 2105 5389 vacillans.Sanctum
2125 5330 2340 5404 quippe

664 5435 732 5475 ‘a
762 5420 1031 5481 Patribus
1073 5426 1324 5499 mystica
1373 5421 1716 5480 auctoritate
1759 5424 1868 5487 est,
1902 5424 2193 5490 quatenus
2245 5419 2340 5474 ille

700 5512 1089 5583 praeoptabilis
1117 5511 1347 5568 Domini
1379 5512 1674 5566 Adventus
1704 5526 1820 5564 non
1851 5507 1963 5562 nisi
1997 5506 2175 5562 trium
2207 5507 2340 5562 heb-

697 5596 1079 5657 domadarum
1112 5598 1537 5672 prmstolationc
1566 5597 1928 5669 suppleatur.
1960 5597 2031 5649 At
2061 5594 2111 5649 si
2132 5600 2341 5667 quarta

697 5693 933 5760 propter
958 5689 1291 5747 varietatem
1326 5691 1576 5759 quatuor
1604 5685 1852 5752 dierum,
1873 5682 1977 5755 qui
2004 5682 2066 5738 in
2100 5684 2338 5755 praefato

2459 3476 2677 3542 dochze,
2705 3476 2764 3532 id
2793 3482 2900 3544 est,
2932 3482 3054 3533 tota
3100 3494 3168 3533 ex
3217 3482 3377 3549 parte
3427 3482 3812 3549 computetur,
3846 3496 3911 3536 eo
3941 3482 4097 3552 quod

2460 3568 2580 3621 tota
2610 3582 2724 3620 non
2756 3566 3013 3621 vacando
3043 3566 3423 3637 expendatur,
3451 3567 3552 3622 sed
3584 3566 3643 3622 in
3676 3567 3928 3625 Sabbato
3971 3571 4099 3641 ejus

2458 3654 2692 3709 tandem
2726 3654 2923 3725 vigilia
2954 3654 3185 3709 Domini
3211 3654 3549 3711 celebretur.

2528 3742 2684 3807 Quaa,
2718 3743 3012 3814 inquiunt,
3032 3742 3177 3798 ratio
3207 3747 3296 3798 est
3338 3748 3403 3799 ut
3432 3748 3687 3816 quatuor
3723 3745 4099 3803 hebdomadas

2458 3830 2519 3885 in
2550 3832 2837 3903 praeconio
2868 3832 3161 3887 Adventus
3188 3831 3416 3887 Domini
3452 3832 3717 3888 funditus
3737 3834 4098 3907 expleantur,

2458 3922 2515 3974 et
2544 3919 2752 3989 quinta
2782 3919 3034 3976 intrante
3074 3919 3271 3990 vigilia
3318 3920 3547 3975 Domini
3593 3920 3919 3978 habeatur?
3948 3924 4007 3980 Si
4040 3924 4098 3979 in

2458 4023 2518 4061 ιιι
2552 4008 2697 4062 Non.
2724 4007 2992 4063 Decemb.
3027 4007 3356 4073 inchoatur,
3391 4008 3489 4065 ubi
3540 4008 3749 4064 ultima
3797 4010 4101 4068 Dominica

2457 4096 2720 4166 ejusdem
2752 4095 2985 4151 termini
3002 4096 3441 4163 invenitur,non
3463 4098 3875 4169 expenduntur
3904 4099 3963 4153 in
3983 4101 4099 4156 Ad-

2455 4186 2628 4237 ventu
2660 4183 2889 4239 Domini
2940 4183 3054 4238 nisi
3104 4189 3222 4239 tres
3269 4183 3648 4240 hebdomadas
3697 4184 3878 4257 plenae
3921 4186 4097 4243 etiam

2456 4270 2759 4327 celebratis
2781 4270 2985 4343 legalis
3007 4271 3221 4342 jejunii
3250 4272 3571 4339 solemniis,
3603 4279 3812 4345 quarta
3858 4275 4098 4331 demum

2456 4364 2881 4415 accrastinante
2909 4358 3108 4432 vigilia
3137 4360 3368 4416 Domini
3398 4359 3457 4415 in
3489 4360 3793 4418 Dominica
3822 4364 4095 4420 occurrit.

2526 4448 2655 4504 Haec
2676 4452 2873 4504 autem
2891 4464 3070 4505 causa
3085 4449 3337 4521 est,quia
3353 4449 3592 4521 prasfata
3610 4449 3847 4507 Patrum
3870 4456 4099 4509 senten-

2453 4537 2537 4592 tia
2565 4536 2821 4593 fulcitur.
2845 4536 3050 4593 Omnis
3081 4536 3236 4593 enim
3266 4537 3659 4609 Omnipotenti
3686 4538 3858 4595 Verbi
3885 4538 4099 4596 huma-

2454 4624 2575 4679 nati
2593 4624 3193 4696 dispensatio,sanctze
3214 4624 3514 4680 Trinitatis
3533 4624 3832 4682 individua
3858 4631 3947 4682 est
3960 4643 4097 4699 ope-

2455 4713 2620 4767 ratio.
2650 4712 2717 4767 Et
2747 4728 3082 4785 quanquam
3120 4713 3191 4768 ad
3223 4712 3414 4769 solum
3448 4712 3659 4768 Filium
3685 4712 3958 4787 respiciat
3986 4714 4096 4771 hu-

2455 4800 2758 4856 manitatis
2788 4801 3137 4873 assumptio,
3173 4805 3367 4856 tamen
3413 4802 3486 4856 ad
3536 4805 3718 4858 totam
3750 4802 4095 4859 Trinitatem

2454 4889 2704 4962 pertinet
2718 4890 2977 4946 eil'ectiva
2992 4895 3202 4945 nostra:
3214 4890 3630 4961 redemptionis
3644 4892 4093 4969 consummatio.

2452 4980 2815 5051 Quapropter
2836 4995 3069 5051 aequum
3102 4995 3205 5051 per
3232 4979 3432 5034 omnia
3482 4980 3603 5035 fore
3646 4983 3704 5035 et
3743 4979 4097 5037 condecibile

2453 5071 2740 5135 censetur,
2766 5072 3054 5138 quatenus
3082 5072 3200 5123 tres
3231 5072 3461 5123 tantum
3495 5067 3875 5124 hebdomadas
3905 5068 4099 5124 obser-

2448 5159 2660 5210 ventur
2690 5155 2749 5209 in
2780 5156 3039 5210 Adventu
3074 5156 3322 5211 Domini.
3351 5157 3512 5220 Quod
3540 5155 3590 5211 si
3618 5155 3842 5228 aliquid
3890 5173 4095 5229 super-

2451 5241 2646 5312 crevit,
2693 5242 3142 5314 synecdochicos
3191 5242 3492 5316 accipitur,
3514 5261 3586 5300 ne
3635 5246 3781 5301 tanti
3833 5245 4091 5318 mysterii

2449 5330 2650 5402 regula
2680 5331 3105 5401 priesumptive,
3138 5332 3291 5403 quod
3323 5332 3494 5393 absit.
3524 5333 3876 5388 annulletur.

2522 5420 2620 5473 Est
2648 5423 2842 5474 autem
2874 5423 2932 5473 et
2960 5418 3072 5474 alia
3091 5420 3353 5491 ejusdem
3381 5422 3593 5493 negotii
3619 5422 3763 5476 ratio
3785 5420 4088 5490 haudqua-

2451 5524 2628 5578 quam
2659 5507 3087 5579 vilipendenda,
3120 5524 3236 5579 qua
3265 5507 3558 5581 gloriosus
3596 5506 3857 5564 Ecclesiae
3887 5509 4089 5561 auctor

2446 5599 2504 5649 et
2530 5595 2731 5650 doctor
2754 5594 3003 5650 eximius
3048 5594 3304 5651 Hilarius
3336 5598 3393 5652 in
3442 5596 3588 5652 libro
3635 5595 3819 5650 utitur
3847 5592 4084 5646 Officio-

2448 5699 2579 5741 rum
2615 5699 2627 5737 :
2664 5683 2889 5749 «Sicut,
2919 5681 3210 5756 inquiens,
3231 5688 3395 5757 pater
3414 5680 3664 5740 familias
3693 5680 3752 5736 in
3772 5675 4080 5746 Evangelio
