3886 6398
315 437 468 502 108⁸1

1391 421 1784 484 BERNONIS
1827 419 2160 482 ABBATIS
2205 418 2646 482 AUGIENSIS.

3595 417 3772 480 1088

313 575 467 634 trino
499 569 748 630 adventu
771 561 1194 619 infructuosam
1227 553 1536 614 ﬁculneam
1557 553 1814 612 visitavit
1837 571 1850 610 :
1874 553 1958 611 sic
1989 556 2044 624 Α
2071 557 2200 610 tum
2231 553 2466 611 Domini
2497 552 2860 610 inchoarent.
2885 553 3210 612 Transacta
3237 551 3464 627 quippe
3497 551 3602 610 illa
3619 551 3770 612 heb-

315 667 516 723 sancta
547 661 732 716 mater
753 651 1008 708 Ecclesia
1043 647 1358 705 Salvatoris
1407 647 1716 700 adventum
1761 661 1960 699 annuo

315 768 552 810 recursu
589 765 690 820 per
719 743 896 799 trium
929 739 1390 810 septimanarum
1433 739 1722 790 secretum
1771 732 1964 804 spatia

315 842 502 916 [alter
529 837 685 900 cod.,
719 829 998 905 spatium}
1029 827 1138 916 sibi
1169 824 1450 916 incitavit,
1487 823 1656 916 Venit
1675 825 1832 916 enim
1863 824 1960 878 Fi-

316 913 427 989 lius
439 927 686 984 hominis
695 935 952 996 qmcrerc
963 923 1018 973 et
1029 933 1098 973 sa
1107 914 1262 971 (eum
1279 915 1476 988 [tmere
1484 913 1652 986 ,quod
1669 914 1958 984 perierat.

313 1019 488 1076 Venit
511 1019 644 1072 ante
672 1013 884 1083 legem,
915 1007 1054 1079 quia
1083 1021 1186 1076 per
1225 1001 1548 1058 naturalem
1597 999 1960 1056 intellectum

317 1107 456 1182 quid
489 1102 804 1173 unicuique
855 1097 1168 1168 agendum,
1203 1093 1412 1164 quidve
1462 1090 1828 1162 sequendum
1863 1088 1960 1157 sit,

313 1179 586 1256 innotuit.
609 1190 780 1246 Venit
812 1187 920 1243 sub
951 1181 1250 1255 lcge,quia
1281 1179 1742 1251 patriarcharum
1765 1193 1961 1232 exem-

315 1287 428 1360 plis
457 1289 512 1340 et
541 1280 958 1355 prophetarum
983 1269 1286 1360 praeconiis
1307 1268 1548 1360 Abraha:
1581 1265 1792 1338 legalia
1831 1281 1964 1360 con-

315 1355 1018 1432 Iirmavitdecreta.Venit
1039 1359 1208 1415 tertio
1237 1363 1370 1431 post
1387 1356 1572 1428 legem
1595 1373 1696 1428 per
1711 1355 1960 1428 gratiam

313 1465 385 1522 ad
413 1459 776 1518 vocationem
813 1452 1094 1517 centium,
1129 1453 1254 1503 uta
1284 1446 1424 1502 solis
1469 1451 1600 1500 ortu
1653 1461 1841 1515 usque
1887 1443 1960 1498 ad

315 1567 588 1610 occasum
625 1542 1134 1601 tandm-edicerent
1157 1535 1800 1606 [codd.,discernerent}
1821 1549 1961 1604 puc-

315 1643 363 1697 ri
391 1653 608 1696 nomen
643 1630 1205 1701 Domini,quousque
1225 1625 1296 1680 ad
1325 1625 1500 1678 tinem
1521 1621 1724 1677 mundi
1749 1621 1820 1676 ad
1843 1638 1960 1675 suae

317 1727 644 1800 maiestatis
699 1721 924 1776 cultum
977 1713 1272 1773 exhortari
1329 1729 1461 1800 non,
1503 1711 1734 1800 desinit.
1772 1733 1801 1800 τι
1833 1709 1962 1764 Haec

313 1799 474 1884 sunt,
503 1831 628 1888 quae
661 1811 812 1884 apud
837 1807 1030 1863 Gallos
1063 1804 1292 1876 positus
1319 1817 1390 1856 ex
1431 1799 1578 1854 libro
1619 1799 1958 1855 Ot'ﬁciorum

313 1905 500 1964 sancti
531 1900 728 1960 Hilarii
761 1915 876 1954 non
900 1893 1184 1950 inutiliter
1213 1889 1354 1946 mihi
1387 1889 1624 1944 corrasi.

633 1985 1001 2058 Conﬁrmah'o
1029 1981 1288 2054 ejusdem
1319 1979 1642 2034 centenum.

383 2083 494 2138 Sed
515 2097 586 2136 ne
601 2095 670 2135 ea
690 2093 817 2148 qum
835 2073 1120 2129 hactenus
1139 2071 1372 2125 Patrum
1399 2067 1643 2138 vestigia
1659 2065 1956 2136 sequendo

313 2161 998 2238 retulimus,amphibola
1023 2163 1132 2233 [ita
1163 2159 1318 2228 cod.)
1350 2159 1596 2213 fortasse
1625 2156 1954 2220 videantur,

307 2277 495 2334 operae
525 2257 778 2331 pretium
807 2253 1084 2309 duximus
1115 2247 1458 2320 ut,qualiter
1485 2246 1688 2300 eadem
1711 2241 1958 2334 auctori-

305 2332 397 2407 tas
427 2349 487 2405 in
511 2349 714 2404 nostra
733 2358 964 2416 quoque
985 2337 1294 2412 praesentia
1309 2335 1465 2408 apud
1483 2332 1958 2390 urbemAurelia-

307 2453 550 2495 nensem
563 2434 884 2492 multorum
905 2433 1190 2487 conventu
1214 2427 1622 2498 episcoporum
1647 2427 1822 2494 atque
1845 2422 1958 2493 spi-

309 2527 570 2584 ritalium
595 2527 834 2579 Patrum
861 2518 1208 2574 difﬁnitione
1239 2514 1486 2570 subnixa
1507 2511 1952 2576 sit,referamus.

379 2612 634 2686 Contigit
659 2623 917 2680 namque
949 2606 1206 2678 quodam
1237 2599 1718 2666 anno,mediante
1747 2599 1958 2686 decens

309 2684 610 2758 novenalis
639 2697 782 2770 cycli
815 2693 1130 2760 curriculo,
1145 2696 1212 2746 ut
1227 2689 1676 2745 Aurelianenses
1693 2684 1956 2742 canonici

309 2805 488 2848 causa
514 2791 721 2860 agente
753 2781 1116 2856 negligentie:
1145 2779 1204 2836 in
1231 2797 1282 2834 vn
1317 2777 1442 2834 Kal.
1493 2777 1722 2832 Decem.
1741 2775 1960 2832 Adven-

2071 644 2322 700 domada
2353 643 2572 700 exstitit
2601 648 2802 700 octava
2831 644 2980 710 dies,
3015 661 3143 718 quae
3187 649 3278 700 est
3333 658 3398 700 Ill
3451 644 3606 700 Non.
3647 644 3768 700 De.-

2070 733 2258 788 cemb.
2293 733 2358 788 Et
2391 749 2494 788 nos
2527 731 2922 789 Floriacenses
2953 733 3182 798 fratres,
3215 733 3506 790 monachi
3543 733 3768 790 videli-

2071 825 2160 876 cet
2217 820 2543 877 beatissimi
2591 822 2781 878 Patris
2829 821 3146 888 Benedicti,
3179 823 3430 880 initium
3497 823 3772 880 fecimus

2069 910 2365 966 Adventus
2397 909 2648 966 Domini.
2673 909 2936 982 Cumque
2961 909 3018 966 in
3041 911 3576 983 crastinum,quod
3599 917 3698 968 est
3727 931 3764 970 ιι

2070 999 2214 1054 Non.
2251 1003 2378 1054 Dec.
2413 999 2628 1054 festum
2659 999 2974 1055 haberetur
3001 999 3282 1056 illationis
3329 1001 3616 1072 ejusdem
3655 1001 3768 1058 Pa-

2071 1087 2197 1154 tris,
2233 1091 2286 1142 et
2317 1087 2538 1159 przet'ati
2569 1087 2834 1144 canonici
2883 1091 3058 1144 tantae
3105 1088 3412 1146 festivitati
3463 1107 3539 1146 ex
3589 1108 3766 1148 more

2071 1183 2500 1244 concurrerent,
2543 1181 2598 1231 et
2649 1193 2756 1232 nos
2803 1195 2874 1232 ex
2921 1177 3350 1234 consuetudine
3409 1181 3770 1236 monastica

2071 1265 2478 1321 matutinalcm
2511 1265 2875 1322 celebramus
2909 1267 3154 1322 missam
3196 1267 3270 1322 de
3311 1267 3593 1324 Adventu
3641 1269 3770 1326 Do-

2070 1353 2235 1420 mini,
2271 1371 2446 1426 quem
2501 1355 2687 1426 pridie
2735 1357 2816 1426 {In
2865 1357 2964 1412 alt.
3017 1355 3132 1410 cod.
3177 1355 3322 1412 deest
3349 1375 3371 1410 .·
3403 1356 3630 1432 pridie]
3671 1359 3768 1414 in-

2070 1443 2740 1516 choavimus,cmperunt
2771 1443 2882 1516 ipsi
2916 1443 3370 1502 Aurelianenses
3393 1445 3576 1504 valde
3599 1449 3772 1506 inter

2069 1549 2130 1588 se
2165 1533 2478 1588 mussitare
2507 1537 2563 1587 et
2595 1551 2700 1588 nos
2733 1533 2964 1589 incaute
2995 1550 3259 1607 arguere.

2141 1623 2252 1676 Sed
2285 1621 2423 1692 quia
2453 1625 2616 1677 tanta
2637 1621 2780 1678 tanti
2815 1621 3005 1679 Patris
3037 1622 3388 1680 solemnitas
3415 1641 3532 1684 nos
3569 1643 3766 1684 ares-

2071 1711 2352 1781 ponsiuue
2383 1711 2798 1782 suspendebat,
2833 1709 2892 1766 in
2924 1711 3250 1769 crastinum
3281 1729 3380 1770 res
3409 1715 3764 1774 admodum

2069 1799 2347 1854 ventilata
2375 1799 2568 1854 est.Et
2601 1799 2738 1870 quia
2763 1799 2892 1854 sine
2923 1801 3234 1871 praesentia
3263 1803 3548 1872 ejusdem
3581 1807 3766 1864 urbis

2071 1887 2326 1958 episcopi
2349 1887 2500 1942 ﬁniri
2525 1903 2640 1942 non
2663 1887 3102 1960 potuit,placuit
3123 1889 3248 1945 sine
3269 1907 3442 1950 mora
3461 1894 3764 1952 omnibus

2069 1975 2441 2048 Francigenis
2471 1977 2760 2049 episcopis
2805 1978 2958 2049 apud
2989 1979 3118 2049 jam
3163 1979 3322 2036 dicta
3353 1983 3570 2040 urbem
3605 2001 3764 2041 con-

2063 2063 2268 2118 cilium
2301 2081 2477 2134 supcr
2503 2064 2766 2120 Adventu
2799 2063 3032 2120 Domini
3061 2066 3358 2137 agere.Ibi
3383 2083 3498 2125 nos
3521 2071 3762 2144 quippe

2067 2151 2462 2208 Floriacenses
2481 2153 2722 2208 Patrum
2753 2153 3102 2210 auctoritate
3131 2155 3347 2212 armati
3365 2157 3760 2231 etingladia-

2067 2241 2258 2296 biliter
2289 2241 2600 2312 perarmati
2631 2241 3026 2310 adfuimus,et
3055 2243 3138 2299 ita
3167 2245 3652 2304 contradicentes
3693 2249 3756 2304 in

2065 2331 2342 2386 omnibus
2372 2329 2751 2396 convicimus,
2773 2335 2838 2386 ut
2867 2329 2926 2386 in
2957 2335 3240 2389 aeternum
3293 2335 3382 2390 eis
3431 2335 3754 2394 silentium

2053 2438 2244 2492 .super
2273 2421 2380 2476 hoc
2415 2421 2642 2494 negotio
2675 2421 3132 2492 imponeremus.
3149 2423 3228 2478 Ex
3251 2421 3356 2482 illo
3379 2425 3480 2484 die
3501 2431 3562 2484 et
3583 2429 3756 2484 dein-

2065 2525 2202 2582 cepa
2235 2527 2348 2565 non
2371 2517 2460 2566 est
2481 2511 2634 2582 apud
2667 2509 2862 2568 Gallos
2887 2511 2972 2566 vel
2989 2517 3312 2570 Germanos
3335 2523 3750 2590 praesumptor

2067 2599 2362 2666 inventus,
2395 2600 2494 2671 qui
2527 2597 2664 2654 huic
2695 2603 2818 2656 tam
2851 2617 3006 2656 sane
3035 2601 3378 2659 dimnitioni
3407 2605 3590 2662 vellet
3609 2623 3750 2664 con-

2067 2687 2262 2744 traire.
2297 2689 2658 2760 Quapropter
2689 2687 2736 2743 si
2767 2693 2858 2744 est
2889 2707 3045 2746 unus
3074 2690 3386 2761 Dominus,
3421 2711 3546 2750 una
3571 2697 3746 2762 ﬁdes,

2069 2793 2252 2832 unum
2281 2775 2598 2848 baptisma,
2631 2776 2706 2832 sit
2737 2781 2794 2832 et
2817 2795 2935 2834 una
2963 2779 3234 2836 Ecclesiae
3269 2783 3670 2841 unanimitas.

1541 3021 1778 3174 BE
1801 3015 2492 3177 RNONIS

1135 3277 1715 3428 ABBATIS
1810 3274 2280 3470 AUGIZE
2375 3275 2904 3403 DIVITIS

1725 3479 2321 3568 DIALOGUS

547 3629 908 3696 QUALITER
945 3625 1284 3692 OUATUOR
1321 3623 1726 3682 TEMPORUM
1763 3621 2056 3678 JEJUNIA
2093 3621 2231 3676 PER
2265 3620 2400 3676 SUA
2437 3620 2758 3677 SABBATA
2797 3621 2962 3678 SINT
2999 3623 3504 3694 OBSERVANDA,

1561 3738 1752 3812 (Apud
1779 3737 1906 3804 Pez,
1937 3737 2038 3792 ubi
2063 3753 2252 3810 supra,
2287 3754 2340 3811 p.
2375 3737 2490 3810 53.)

1809 3871 2182 3883 ——._———-—

454 3967 674 4052 Incipit
725 3967 1010 4050 protegas
1061 3967 1246 4028 Bern.
1305 3965 1535 4054 abba-(is
1605 3964 1686 4024 ad
1733 3963 2072 4054 Antiopen}.
2109 3961 2620 4054 grclu'epzlscolmm
2677 3962 3100 4043 Moguntinum
3157 3965 3220 4024 in
3275 3963 3612 4046 Dz'alogum

1317 4046 1387 4106 de
1417 4045 1820 4106 observatione
1833 4043 2072 4124 jejum'i
2099 4043 2366 4118 Quatuor
2395 4053 2718 4124 temporum

385 4183 807 4244 Amantissimo
853 4183 1090 4240 domino
1139 4182 1405 4248 Amnoxl,
1437 4179 1725 4236 odorifero
1775 4178 1966 4252 ponti-
1999 4179 2040 4246 C
2079 4181 2136 4232 et
2156 4175 2534 4249 responsione
2560 4176 2630 4230 de
2641 4175 3161 4247 jejuniisQuatuor
3181 4179 3546 4256 Temporum
3565 4181 3756 4252 edidi,

319 4277 494 4332 ﬁcum
525 4273 697 4340 Flori,
729 4274 906 4330 BERN.
941 4271 1038 4328 Dei
1073 4269 1276 4328 Matris
1302 4285 1602 4326 servorum
1647 4273 1964 4334 extremus,

315 4363 376 4420 in
411 4363 676 4420 discretae
707 4361 842 4418 ﬁdei
872 4361 1110 4434 pignus,
1143 4357 1438 4431 simulque
1485 4356 1664 4413 debiti
1715 4373 1964 4429 pensum

317 4452 660 4510 famulatus.

389 4541 662 4598 Doctrina
709 4543 768 4596 et
811 4538 1046 4608 veritas,
1069 4554 1198 4609 qua
1245 4535 1304 4592 in
1355 4533 1722 4592 rationabilis
1765 4550 1968 4606 pecca-

319 4631 466 4688 toris
489 4631 602 4698 ωε,
631 4631 862 4686 decoris
883 4629 978 4686 sui
1003 4627 1259 4700 speciem
1297 4627 1772 4699 praemonstrant,
1807 4621 1878 4678 ad
1909 4623 1968 4678 id

321 4735 520 4777 meum
551 4719 910 4776 inducebant
937 4717 1224 4782 animum,
1257 4732 1373 4788 quo
1404 4719 1460 4770 te
1491 4731 1606 4786 prae
1637 4711 1860 4768 caeteris
1891 4711 1974 4766 di-

321 4823 504 4880 gnum
535 4809 828 4876 ducerem,
863 4807 1032 4878 cujus
1061 4803 1594 4862 examinationibus
1647 4799 1806 4856 illius
1837 4817 1971 4856 nar-

2079 4265 2578 4322 commendarem.
2613 4263 2768 4320 Nihil
2797 4265 2958 4322 enim
2989 4283 3057 4322 ex
3099 4267 3354 4340 propriis
3405 4285 3542 4324 sum
3585 4287 3760 4330 com-

2077 4355 2410 4422 mendatus,
2445 4353 2544 4408 sed
2578 4353 2734 4427 quod
2765 4353 2901 4412 inde
2925 4356 3201 4429 antiquos
3231 4356 3434 4414 Patres
3467 4361 3758 4430 probabi-

2077 4441 2210 4498 liter
2238 4443 2498 4499 elocutos
2529 4441 2708 4498 fuisse
2741 4441 2998 4500 invenire
3027 4444 3210 4517 potui,
3239 4443 3514 4518 diligenti
3547 4447 3758 4522 dispo-

2079 4531 2292 4587 sitione
2313 4530 2624 4588 scribendo
2653 4531 2950 4588 memoriae
2979 4533 3406 4590 commendavi.

2151 4622 2240 4676 Tu
2269 4637 2402 4676 vero
2433 4635 2592 4676 nunc
2621 4621 3384 4696 opusculum,decus,aaqui
3409 4621 3760 4684 libraminis

2081 4707 2268 4776 lance,
2288 4710 3194 4783 qumso,perpende,utrumnam
3225 4712 3304 4766 sit
3335 4711 3588 4786 dignum
3613 4731 3758 4786 pro-

2083 4797 2484 4868 nuntiatione;
2519 4797 2660 4870 quia
2691 4799 2836 4856 satis
2865 4799 2976 4856 erit
3005 4805 3222 4870 ratum,
3243 4801 3294 4858 si
3325 4801 3474 4858 tanti
3509 4801 3758 4862 Pontifi-

321 4895 568 4954 rationis
611 4896 842 4965 seriem,
881 4911 1060 4968 quam
1117 4911 1308 4967 nuper
1355 4893 1468 4950 sub
1515 4889 1974 4963 interrogatione
2085 4888 2170 4943 cis
2199 4887 2550 4944 auctoritate
2582 4887 2758 4944 fuerit
2784 4889 3144 4947 roboratam.

1481 5095 1924 5188 INCIPIT
1988 5091 2583 5186 DIALOGUS

503 5257 674 5299 INTER
713 5259 881 5300 BERN.
923 5261 1182 5304 ΛΒΒΑΤΕΜ
1221 5263 1511 5304 Αυοιεηειε
1551 5265 1806 5306 COENODII
1845 5265 1912 5306 ET
1949 5266 1965 5304 l

2113 5265 2268 5304 CHUM
2307 5261 2630 5304 GERUNGUM
2669 5263 2936 5315 HABITUS,
2980 5263 3254 5310 QUALITER
3293 5263 3570 5311 QUATUOR

1139 5337 1460 5376 TEMPORUM
1499 5337 1726 5376 JEJUNIA
1765 5337 1875 5378 PER
1913 5337 2024 5377 SUA
2061 5335 2310 5376 SABBATA
2349 5335 2476 5375 SINT
2515 5333 2907 5376 OBSERVANDA.

863 5429 1093 5485 CAPUT
1133 5433 1440 5490 PRIMUM.

465 5519 538 5572 De
568 5515 914 5571 diversitate
930 5515 1164 5594 jejuuia
1193 5527 1457 5593 Quatuor
1495 5523 1832 5594 Temporum

933 5602 994 5641 ce
1003 5587 1371 5650 lebra-niium.

405 5693 462 5754 G.
500 5693 654 5748 Licet
688 5689 746 5750 in
779 5689 870 5747 his
909 5696 1089 5754 sacris
1111 5701 1476 5774 jejuniorum
1503 5696 1735 5768 diebus,
1771 5715 1978 5772 exspo-

2012 5437 2058 5502 D
2087 5434 2228 5490 liata
2259 5433 2570 5490 mundanae
2593 5435 2840 5492 actionis
2873 5435 3090 5501 tunica,
3125 5433 3182 5489 in
3215 5431 3432 5494 lectulo
3473 5435 3752 5496 dulcissi-

2089 5541 2198 5580 mae
2231 5524 2446 5597 quietis
2475 5523 2592 5581 otio
2623 5523 2734 5581 frui
2781 5523 2974 5582 modis
3024 5523 3301 5579 omnibus
3351 5529 3410 5582 te
3455 5525 3604 5582 velle
3637 5545 3754 5584 non

2089 5614 2409 5688 ambigam,
2443 5613 2524 5670 ita
2551 5617 2618 5671 ut
2639 5614 2946 5674 delecteris
2973 5611 3162 5668 dicere
3197 5628 3208 5665 :
3243 5615 3377 5686 Ego
3413 5613 3670 5688 dormio,
3701 5626 3756 5672 et

2089 5719 2190 5759 cor
2233 5719 2426 5760 meum
2471 5702 2714 5776 vigilat,-
2747 5704 3199 5776 quibuscunque
3229 5701 3508 5774 precibus
3557 5709 3756 5762 tamen
