3886 6418
86 452 262 515 1089

1031 450 1423 517 DIALOGUS
1469 452 1572 513 DE
1612 450 1952 515 JEJUNIIS
1996 452 2372 525 QUATUOR
2416 453 2655 518 Tl‘IMP.

3383 455 3543 520 1090

86 586 507 651 excitandum
534 584 1068 660 putavi,quatenus
1096 584 1400 657 pessulum
1422 583 1556 640 ostii
1576 583 1787 639 dilecto
1817 587 1872 652 Α
1903 585 2191 641 intentum
2222 586 2446 643 adesse
2490 587 2802 660 conspicio.
2835 586 3138 644 Terminos
3195 593 3361 645 recte:
3404 584 3542 646 fidei

89 679 199 731 tuo
231 691 505 748 sponso,
540 674 813 730 videlicet
841 673 1163 740 Christo,in
1198 673 1365 728 nobis
1405 673 1655 745 aperias,
1688 672 1788 726 da-

92 767 285 835 taque
321 778 524 819 manu
557 763 618 818 in
649 761 988 819 cubiculum
1021 777 1198 818 sacrae
1229 759 1505 816 doctrina
1528 760 1792 816 introdu-

93 867 221 920 cas,
260 850 372 906 ubi
406 856 473 907 et
502 865 719 923 panem
752 848 1151 923 intelligentiae
1182 847 1441 921 parvulis
1459 847 1793 921 petentibus

97 941 379 1012 frangas.
440 938 597 1005 Quia
651 943 793 994 tunc
843 937 1159 994 salubriter
1203 954 1236 992 a
1281 934 1794 1008 contemplationis

96 1044 323 1084 somno
354 1029 438 1082 ad
473 1030 717 1099 tempus
743 1026 1033 1094 excitaris,
1068 1024 1117 1083 si
1143 1025 1545 1098 proximorum
1596 1040 1791 1080 neces-

102 1116 267 1173 sitati
302 1114 604 1188 patiendo
635 1114 1091 1171 condescendas.

172 1206 240 1261 B.
279 1204 455 1261 Satis
478 1203 738 1277 egregie,
771 1202 873 1271 fili,
904 1203 1012 1258 hoc
1041 1201 1334 1257 difﬁnisti.
1369 1202 1480 1257 Sed
1525 1216 1631 1273 ego
1658 1200 1794 1255 inde

105 1292 306 1366 magis
338 1290 620 1348 dolorem
653 1291 841 1363 capio,
862 1290 1019 1364 quod
1050 1289 1109 1346 in
1142 1305 1235 1345 me
1265 1289 1410 1345 nihil
1452 1288 1799 1360 hujusmodi

106 1381 417 1452 sentio,ut
443 1385 809 1452 puta,quem
834 1377 998 1434 nulla
1039 1377 1321 1433 virtutum
1355 1394 1546 1450 penna
1574 1378 1644 1432 ad
1676 1375 1795 1431 alta

108 1468 401 1533 sustollit,
434 1468 546 1525 sed
581 1467 743 1541 gravi
776 1467 1007 1523 sarcina
1036 1465 1332 1522 saecularis
1362 1483 1511 1521 curae
1562 1465 1633 1519 ad
1677 1466 1793 1519 ima

109 1557 432 1630 demergit,
469 1554 784 1611 dissolutae
816 1554 1032 1610 mentis
1064 1554 1301 1627 pigredo
1351 1554 1420 1608 ad
1472 1554 1644 1609 noxia
1694 1569 1796 1624 per

111 1646 331 1721 quietis
363 1660 653 1718 soporem
678 1642 1070 1716 pertrahit,ita
1099 1647 1163 1697 ut
1193 1642 1251 1696 in
1284 1640 1517 1696 illorum
1552 1657 1794 1696 numero

112 1735 366 1791 inveniri
400 1731 928 1807 pertimescam,de
958 1730 1175 1802 quibus
1206 1729 1421 1785 dicitur
1436 1745 1540 1802 per
1561 1728 1796 1785 Psalmi-

114 1829 304 1879 stam:
330 1822 703 1879 Dormierunt
729 1835 985 1875 somnum
1013 1827 1252 1881 suum,et
1273 1819 1416 1873 nihil
1446 1820 1791 1873 invenerunt.

1901 689 2174 745 saumque
2203 675 2478 731 doctrinae
2511 680 2833 748 posuerunt
2875 676 2948 731 ab
2979 675 3147 732 initio
3196 676 3396 733 Patres
3442 695 3543 734 ca-

1901 760 2121 828 tholici,
2154 778 2305 834 quos
2334 763 2572 820 omnino
2590 764 2766 825 nefas
2805 767 2895 821 est
2942 764 3294 835 transgredi.
3327 765 3436 821 Sed
3487 771 3544 821 et

1902 848 2098 904 multae
2144 851 2599 911 consuetudines
2645 851 3052 908 ecclesiasticae
3100 852 3481 911 inveniuntur
3510 871 3553 915 ι

1902 938 2122 993 sanctis
2174 938 2440 996 Patribus
2486 939 2640 995 inl‘ra
2690 938 2980 995 canonicae
3021 938 3234 1011 regula
3264 940 3547 999 terminos

1901 1026 2252 1092 constitutas,
2285 1026 2437 1083 sicut
2467 1032 2606 1083 sunt
2635 1028 2933 1083 Adventus
2961 1027 3214 1096 Domini,
3235 1027 3550 1102 Septuage-

1901 1114 2072 1178 sima,
2104 1115 2495 1187 Sexagesima,
2528 1115 3046 1188 Quinquagesima,
3079 1115 3308 1173 Litania
3337 1118 3545 1188 major,

1901 1202 2025 1258 dies
2048 1203 2435 1276 Rogationum
2469 1208 2604 1260 ante
2635 1204 3043 1261 Ascensionem
3066 1204 3320 1275 Domini,
3335 1205 3551 1278 vigiliis

1900 1292 2291 1363 quorumdam
2323 1297 2681 1359 sanctorum,
2715 1308 2818 1348 nec
2850 1308 2963 1347 non
2993 1296 3053 1347 et
3082 1291 3200 1348 haec
3230 1292 3362 1365 ipsa
3395 1292 3546 1357 Ona-

1902 1383 2037 1433 tuor
2064 1380 2418 1451 Temporum
2439 1378 2690 1451 jejunio,
2721 1396 2849 1451 qua:
2875 1397 2989 1451 prae
3021 1380 3296 1437 manibus
3323 1380 3547 1439 baben-

1902 1472 2019 1538 tnr,
2054 1468 2284 1540 aliaque
2327 1468 2606 1540 perplura
2654 1484 2782 1539 quae
2826 1468 3028 1524 omnia
3073 1469 3209 1539 jure
3267 1474 3546 1542 perpetuo

1903 1556 2121 1628 absque
2152 1555 2269 1611 ulla
2299 1555 2765 1627 transgressione
2795 1556 2967 1611 nobis
3000 1562 3141 1611 sunt
3186 1557 3549 1613 observanda

1902 1660 1969 1700 ac
1995 1660 2097 1715 pro
2129 1643 2251 1716 lege
2282 1644 2800 1710 tenenda,dicente
2833 1644 3235 1716 S.Augustino
3264 1646 3335 1702 ad
3366 1646 3546 1702 Casu~

1903 1729 2104 1788 lanum
2155 1732 2556 1804 presbyterum
2603 1732 2673 1787 de
2694 1732 2922 1803 jejunio
2972 1732 3209 1789 Sabbati
3238 1749 3250 1789 :
3284 1755 3313 1784 ‹‹
3344 1734 3411 1790 In
3456 1732 3551 1790 his

1903 1818 2058 1875 enim
2092 1820 2286 1885 rebus,
2320 1820 2389 1873 de
2421 1819 2635 1891 quibus
2667 1818 2814 1875 nihil
2844 1820 2981 1875 certi
3017 1821 3224 1877 statuit
3252 1822 3552 1894 Scriptura

117 1908 525 2012 verum-quia
551 1908 832 2012 Salomon
863 1906 1008 1962 dicit
1032 1923 1045 1961 :
1069 1906 1261 2012 Stellio
1290 1907 1546 2012 inanibus
1573 1907 1794 2004 nititur,
1827 1946 1874 2012 Β
1906 1907 2122 2012 divina,
2156 1924 2283 2012 mos
2314 1906 2509 2012 populi
2544 1906 2643 2012 Dei
2668 1907 3060 2012 vel'insti‘tuta
3104 1911 3399 2012 majorum.
3446 1926 3550 2009 pro

118 2007 168 2055 et
184 2002 450 2055 moratur
482 1999 545 2053 in
569 1995 786 2052 aedibus
816 2012 1040 2063 regmn;
1067 1994 1176 2051 etsi
1208 1994 1412 2050 tardus
1441 1994 1693 2065 ingenio,
1715 1994 1795 2048 in-

124 2090 269 2145 lisus
295 2092 506 2144 tamen
539 2084 603 2140 in
636 2101 727 2152 eo,
751 2083 851 2156 qui
885 2082 1043 2139 omni
1068 2083 1287 2156 petenti
1318 2098 1381 2139 se
1411 2081 1657 2137 ﬁdeliter
1693 2081 1795 2136 tri-

122 2175 272 2243 buit,
298 2190 367 2231 ac
400 2172 559 2230 nulli
592 2171 1125 2244 improperat,nisu
1157 2188 1273 2243 quo
1294 2170 1455 2227 valeo
1478 2187 1580 2242 per
1599 2170 1794 2241 ipsum

126 2265 194 2320 ad
226 2264 430 2336 ipsum
464 2277 564 2317 me
598 2259 788 2315 levare
814 2260 1086 2326 conabor,
1119 2259 1220 2331 qui
1252 2258 1428 2315 etiam
1457 2258 1609 2331 gallo
1639 2257 1799 2314 dedit

128 2347 610 2423 intelligentiam.
642 2347 729 2403 'l‘u
752 2348 987 2403 tandem
1021 2363 1276 2421 propone
1308 2346 1463 2420 quod
1497 2351 1796 2419 tantopere

132 2438 273 2494 velis
300 2438 691 2511 investigare.

198 2530 261 2583 G.
296 2526 416 2583 Hoc
445 2524 696 2582 scilicet.
738 2529 820 2596 ut,
854 2541 986 2580 cum
1024 2540 1141 2579 una
1170 2524 1313 2579 ﬁdes
1356 2528 1567 2580 sanctae
1600 2524 1794 2579 catho-

135 2614 254 2671 lica
282 2614 491 2671 Matris
539 2612 813 2671 Ecclesiae
862 2614 1149 2668 unitatem
1198 2613 1588 2678 commendet,
1622 2628 1800 2683 quare

136 2704 260 2776 ipsa
288 2704 349 2760 in
382 2701 528 2759 ﬁliis
551 2701 682 2758 suis
706 2701 1063 2773 quibusdam
1088 2700 1584 2755 consuetudinum
1617 2700 1801 2755 diver-

138 2790 300 2847 sitate
329 2790 658 2863 aliquando
688 2788 1261 2845 discordetlUtenim
1293 2806 1475 2844 unum
1502 2789 1800 2861 quoddam

140 2880 205 2935 ad
236 2880 502 2936 medium
524 2879 765 2945 ducam,
793 2879 864 2933 de
884 2876 1131 2950 jejuniis
1164 2879 1424 2942 Quatuor
1446 2876 1801 2950 Temporum

142 2969 333 3024 studui
351 2985 513 3025 nunc
529 2965 1106 3039 interrogandum,in
1132 2981 1382 3036 quorum
1401 2964 1803 3020 observatione

142 3055 401 3111 nonnulli
432 3056 713 3112 videntur
766 3053 1121 3109 discordare.
1153 3052 1299 3108 Nam
1347 3068 1481 3108 cum
1533 3054 1592 3108 in
1637 3052 1803 3108 libris

142 3145 654 3202 Sacramentorum
689 3143 771 3197 ita
810 3142 1145 3198 ordinatum
1194 3139 1596 3213 praetituletur,
1631 3144 1696 3196 ut
1739 3140 1800 3195 in

144 3234 325 3306 primo
372 3233 633 3289 Sabbato
685 3230 859 3304 primi
914 3230 1133 3286 mensis
1180 3228 1487 3285 duodecim
1526 3228 1801 3286 lectiones

146 3305 271 3378 cum
294 3322 530 3395 jejunio
563 3321 689 3377 sint
716 3319 1110 3386 celebrandae;
1137 3318 1195 3372 in
1228 3321 1436 3390 quarto
1463 3334 1664 3374 mense
1709 3335 1797 3374 se-
1830 3305 1873 3374 C

149 3411 359 3479 cundo;
381 3412 443 3466 in
473 3409 729 3482 septimo
764 3408 961 3474 tertio;
986 3406 1045 3462 in
1079 3406 1304 3462 decimo
1352 3406 1615 3480 proximo
1656 3407 1798 3463 Sab-

150 3499 275 3555 bato
304 3504 439 3556 ante
468 3497 741 3554 Natalem
777 3495 1043 3562 Domini;
1077 3493 1173 3550 alii
1223 3494 1308 3550 sic
1355 3494 1799 3568 intelligendum

152 3591 370 3661 putant,
389 3592 456 3644 ut
482 3587 535 3643 si
566 3586 882 3653 Martiusv,
902 3583 1085 3652 vn,vel
1116 3583 1245 3650 ipsa
1264 3599 1343 3639 vn
1375 3583 1520 3640 feria
1539 3584 1797 3657 incipiat,

154 3691 278 3731 mox
303 3692 436 3732 eum
460 3674 827 3750 pracedente
847 3671 1140 3729 Februarii
1163 3672 1386 3728 mensis
1398 3677 1606 3745 quarta
1635 3673 1796 3743 feria,

156 3780 249 3820 seu
280 3766 456 3820 etiam
486 3761 813 3837 aliquando
842 3778 897 3817 VI
919 3759 1218 3835 jejunium
1251 3759 1309 3815 in
1354 3760 1606 3816 Sabbato
1649 3760 1798 3818 cele-

156 3851 664 3927 brent,eademque
685 3850 1102 3922 consequentia
1131 3848 1452 3905 secundum
1474 3850 1796 3907 Sabbatum

159 3940 212 3995 in
241 3941 432 4008 Junio,
453 3942 699 3998 tertium
730 3941 1041 3995 observent
1068 3938 1125 3994 in
1160 3937 1654 4012 septimo,absque
1691 3940 1798 3996 ali-

162 4044 266 4101 qua
282 4030 748 4087 consideratione
769 4032 987 4102 quarta:
1008 4045 1110 4083 seu
1136 4033 1304 4084 sextae
1329 4027 1498 4082 feriae.
1522 4027 1632 4083 Alii
1664 4045 1797 4086 vero

162 4132 189 4172 e
214 4118 431 4175 diverso
460 4119 671 4175 nolunt
699 4117 760 4173 in
792 4116 997 4173 Martio
1021 4114 1278 4188 primum
1296 4116 1616 4172 Sabbatum
1638 4118 1794 4189 jeju-

164 4204 266 4262 niis
287 4207 588 4280 deputare,
621 4205 735 4263 nisi
767 4205 1032 4278 ejusdem
1063 4209 1273 4277 quarta
1304 4204 1448 4260 feria
1470 4205 1795 4275 antecedat,

163 4294 349 4350 eodem
374 4300 608 4353 utentes
639 4293 844 4350 ordine
890 4311 994 4368 per
1036 4310 1175 4350 suas
1222 4296 1475 4366 quatuor
1521 4293 1693 4349 ferias
1736 4295 1793 4350 in

162 4379 321 4438 Junio
348 4388 402 4440 et
430 4384 782 4458 Septembri.
815 4383 1095 4448 Quocirca
1144 4381 1289 4437 ratio
1331 4380 1529 4456 exigit,
1564 4386 1629 4438 ut
1658 4400 1793 4457 ape-

164 4468 269 4524 rias
294 4472 342 4527 si
370 4474 525 4546 quod
556 4477 974 4546 argumentum
1012 4471 1099 4527 vel
1148 4469 1412 4543 regulam
1459 4469 1569 4528 hac
1616 4472 1687 4528 de
1735 4489 1796 4528 re

166 4560 413 4616 statuerit
436 4560 695 4617 anterior
718 4565 878 4629 aetas,
912 4561 1082 4632 cujus
1130 4557 1472 4615 auctoritate
1520 4559 1793 4616 instructi

167 4641 548 4705 disceruamus
571 4648 676 4723 qui
703 4649 913 4706 horum
945 4647 1134 4722 magis
1164 4648 1283 4704 sint
1305 4648 1612 4719 sequendi.

170 4837 223 4891 In
264 4841 412 4898 rebus
464 4845 692 4903 incertis
736 4861 801 4901 ac
845 4844 1028 4900 dubii:
1073 4845 1343 4917 majorum
1389 4844 1619 4900 tenenda
1664 4848 1792 4900 sunt

835 4918 1106 4975 instituta.

236 5000 292 5053 Β.
320 4999 483 5061 Recte
499 5003 787 5076 priorum,
809 5004 909 5077 qui
931 5008 1100 5061 :etate
1114 5007 1178 5060 et
1196 5003 1484 5076 sapientia
1510 5021 1615 5060 nos
1644 5022 1791 5077 pra:-

174 5096 694 5158 cesserunt,statuta
715 5092 1027 5161 delectant,
1042 5108 1171 5166 qua
1192 5092 1407 5148 mentis
1428 5091 1786 5149 intellectum

176 5166 310 5227 infra
336 5174 571 5251 legitimi
601 5198 814 5238 cursus
840 5185 1059 5240 metam
1090 5180 1429 5250 cohibeant;
1462 5197 1641 5253 quam
1685 5181 1788 5253 qui

178 5260 595 5339 transgreditur,
627 5270 915 5326 obnoxius
939 5269 1120 5342 culpa;
1151 5272 1401 5325 tenetur.
1434 5268 1598 5326 Unde
1636 5268 1789 5324 Scri-

182 5349 333 5414 Ρὶυηι
358 5354 592 5424 pulchre
639 5358 915 5415 admonet
959 5358 1162 5414 dicens
1196 5375 1209 5414 :
1242 5358 1322 5413 Ne
1364 5356 1790 5427 transgredior-is

182 5437 412 5497 εενγηὸπος
436 5447 706 5519 antiquior,
740 5461 870 5517 quo:
893 5452 1193 5517 posuerunt
1212 5453 1394 5516 patres
1422 5447 1525 5501 tui.

212 5522 422 5618 Hic
447 5532 753 5602 paululum
782 5533 923 5591 siste
960 5535 1230 5608 gradum,
1264 5533 1526 5606 mihique
1574 5551 1790 5607 DNBPO‘

184 5608 269 5663 siti
292 5614 595 5677 testimonii
624 5621 819 5695 pande
845 5638 1108 5682 sensum.

244 5697 537 5768 B.'Libenti
561 5710 760 5770 animo
806 5709 863 5767 id
895 5728 1024 5787 ago,
1056 5710 1533 5787 quandoquidem
1585 5715 1637 5770 te
1665 5715 1788 5772 tam

1906 1995 2028 2067 lege
2059 1999 2200 2051 sunt
2228 1995 2495 2051 tenenda.
2516 2018 2542 2044 ››
2574 1995 2809 2051 Accedit
2838 1995 2898 2052 in
2930 1996 3229 2068 hoc,quod
3259 1997 3402 2055 nihil
3425 1998 3552 2055 sine

1904 2082 2127 2138 ratione
2156 2081 2213 2138 in
2246 2082 2658 2139 ecclesiasticis
2688 2084 3217 2153 consuetudinibus
3248 2101 3284 2141 a
3329 2086 3555 2147 sanctis

1906 2170 2175 2227 Patribus
2205 2171 2587 2228 constitutum
2614 2172 2921 2244 reperitur,
2953 2171 3002 2229 si
3031 2189 3212 2231 causa
3247 2172 3557 2248 diligentet'
3609 2228 3619 2238 .

1906 2260 2257 2331 inquiratur.

1978 2349 2036 2405 G.
2074 2349 2155 2404 [ta
2185 2364 2312 2404 esse
2344 2351 2409 2404 ut
2437 2348 2654 2413 asseris
2677 2349 3077 2407 indubitanter
3096 2351 3553 2421 creditur;ideo-

1908 2452 2021 2507 que
2053 2435 2241 2507 magis
2271 2452 2635 2508 consequens
2665 2436 2893 2492 videtur
2913 2437 3282 2496 utedisseras
3311 2456 3431 2512 qua
3460 2457 3551 2497 ra-

1907 2525 2065 2581 tione
2091 2524 2213 2579 bmc
2246 2527 2505 2591 Quatuor
2531 2526 2885 2598 Temporum
2908 2526 3141 2598 jejunio.
3174 2527 3294 2585 sint
3340 2518 3555 2586 consti-

1909 2617 2182 2679 tuta;cur
2204 2611 2297 2667 his
2328 2613 2698 2685 potissimum
2731 2612 2920 2668 tribus
2950 2612 3287 2685 septimanae
3310 2614 3551 2687 diebus;

1908 2718 2013 2757 cur
2036 2702 2183 2757 feria
2213 2707 2421 2774 quarta
2449 2701 2575 2756 duze
2607 2700 2903 2767 lectiones,
2939 2702 2995 2757 in
3028 2707 3192 2758 sexta
3233 2702 3375 2759 feria
3422 2708 3553 2760 tan-

1909 2793 2034 2845 tum
2069 2806 2185 2844 una
2214 2789 2468 2862 legatur;
2501 2789 2820 2845 Sabbatum
2852 2795 3047 2845 autem
3076 2791 3465 2863 pristituletur
3494 2793 3557 2849 in

1908 2878 2219 2932 duodecim
2250 2877 2621 2945 lectionibus,
2649 2894 2782 2933 cum
2815 2895 2928 2933 non
2963 2877 3096 2951 plus
3127 2895 3305 2952 quam
3331 2896 3433 2937 sex
3474 2880 3555 2938 le-

1909 2969 2142 3039 gantur.
2162 2965 2379 3021 Deinde
2404 2965 2559 3037 quod
2586 2982 2844 3037 quaerere
2876 2966 3422 3040 institui,videlicet,
3438 2985 3555 3043 quo

1909 3054 2111 3109 ordine
2154 3054 2369 3126 saepius
2419 3058 2740 3109 memorata
2768 3070 2833 3109 ac
2880 3056 3261 3112 memoranda
3302 3072 3407 3131 per
3448 3073 3561 3115 sua

1907 3143 2159 3198 Sabbata
2188 3141 2308 3197 sint
2337 3140 2685 3198 celebranda
2705 3141 2955 3214 jejunia.

2545 3273 2773 3329 CAPUT
2812 3275 2906 3331 Ill.

1910 3363 2025 3432 Qua
2054 3364 2266 3418 ratione
2293 3363 2539 3431 Quatuor
2568 3364 2897 3436 Temporum
2934 3365 3154 3436 jejunio
3200 3368 3310 3420 sint
3351 3367 3549 3421 consti-

1977 3439 2114 3501 tuta,
2146 3442 2198 3507 et
2240 3450 2340 3488 cur
2382 3434 2729 3507 potissimum
2752 3434 3295 3507 tributaeptimanz
3330 3436 3551 3506 diebus,-

1978 3520 2104 3578 (μιᾶς
2130 3505 2362 3576 denique
2408 3508 2549 3560 ratio
2591 3506 2845 3577 plurium
2887 3506 2967 3562 vel
3012 3505 3332 3579 pauciorum
3375 3510 3554 3565 lectio-

1977 3595 2131 3632 num.

1977 3677 2038 3730 Β.
2068 3675 2308 3746 (Assum.
2343 3674 2597 3730 Fonrux.
2629 3674 2786 3731 eccle.
2812 3673 2967 3747 Ofﬁc.
2992 3673 3094 3731 lib.
3127 3692 3190 3746 ιι,
3214 3692 3263 3733 c.
3284 3677 3366 3749 2.)
3390 3676 3462 3734 Ut
3482 3693 3555 3733 ex

1905 3768 2187 3832 veterum,
2219 3762 2506 3835 praecipue
2537 3762 2596 3818 S.
2627 3763 2935 3836 Augustini
2969 3765 3344 3821 sermonibus
3382 3765 3553 3822 intel-

1906 3851 2007 3924 ligi
2030 3855 2239 3925 potest,
2265 3850 2661 3908 necessarium
2688 3856 2779 3906 est
2804 3855 3014 3909 1108th
3040 3852 3305 3925 religioni
3335 3870 3554 3913 annua-

1905 3939 2009 3995 tim
2044 3944 2298 4013 quatuor
2313 3939 2543 4011 jejunia
2564 3938 2875 3999 celebrare.
2890 3939 3036 3997 Nam
3057 3945 3308 4011 quatuor
3328 3944 3551 4014 tempo-

1906 4027 2070 4084 ribus
2093 4026 2341 4083 volvitur
2358 4044 2550 4082 annus
2575 4044 2588 4082 :
2616 4030 3321 4095 vere,a:state,autumuo,
3337 4027 3547 4087 hieme.

1905 4116 2035 4173 Haec
2062 4120 2314 4189 quatuor
2340 4118 2604 4187 tempora
2642 4112 2831 4171 solent
2860 4132 2967 4171 nos
2996 4131 3099 4187 per
3127 4114 3553 4177 delectamenta

1904 4222 2013 4263 sua
2037 4221 2301 4262 revocare
2320 4204 2392 4260 ab
2417 4220 2614 4260 amore
2624 4202 2938 4259 Creatoris.
2955 4204 3078 4270 Qua
3103 4203 3176 4260 de
3197 4220 3257 4260 re
3277 4203 3550 4275 jejunau-

1902 4294 2043 4349 dum
2074 4298 2163 4349 est
2192 4292 2251 4348 in
2282 4308 2637 4365 unoquoque
2666 4296 2924 4364 tempore
2946 4294 3009 4347 ut
3036 4290 3397 4364 castigentur
3418 4309 3550 4351 nos-

1902 4387 1992 4438 tra
2021 4385 2271 4455 quatuor
2300 4380 2608 4446 elementa,
2632 4396 2704 4436 ne
2729 4379 3135 4451 subripiantur
3154 4396 3195 4437 a
3221 4380 3549 4441 delectatio.

1901 4488 1975 4527 ne
2007 4470 2234 4527 mundi.
2264 4473 2395 4542 Ipsa
2415 4472 2670 4542 quatuor
2698 4467 2986 4524 elementa
3014 4469 3326 4541 conjuncta
3352 4468 3413 4529 in
3442 4486 3549 4531 sua

1903 4563 2114 4615 natura
2143 4562 2282 4614 sunt
2311 4562 2565 4630 quatuor
2593 4556 2956 4628 temporibus
2977 4557 3135 4613 anni.
3155 4555 3270 4614 Ver
3287 4562 3379 4614 est
3401 4556 3548 4615 cali-

1823 4670 1870 4735 D
1900 4648 2042 4703 dum
2069 4652 2124 4704 et
2148 4645 2552 4713 humidum,et
2580 4643 2638 4700 in
2669 4662 2738 4702 eo
2766 4644 3016 4735 facimus
3045 4661 3231 4735 unum
3248 4645 3545 4718 jejunium

1902 4742 1965 4793 ut
1993 4736 2345 4801 elementum
2376 4734 2643 4792 humoris
2674 4735 2733 4790 in
2768 4734 2936 4790 nobis
2960 4734 3301 4806 castigatur,
3327 4752 3398 4793 ne
3416 4752 3552 4797 cons

1901 4825 2116 4882 sentiat
2141 4824 2301 4881 falsa!
2328 4823 2749 4897 pulchritudini
2780 4822 2953 4878 veris.
2986 4823 3067 4878 Ex
3097 4822 3343 4881 humore
3387 4824 3545 4891 enim

1899 4919 1957 4971 et
1984 4914 2175 4971 calore
2195 4914 2461 4970 nascitur
2476 4910 2847 4986 pulchritudo
2876 4915 3060 4967 terra.
3092 4912 3282 4970 [Estas
3309 4913 3467 4970 sicca
3488 4917 3548 4970 et

1898 5002 2106 5069 calida,
2137 5001 2196 5059 in
2227 5019 2345 5074 qua
2371 5001 2617 5059 alterum
2640 5001 2936 5073 jejunium
2981 4999 3231 5059 facimus
3282 5006 3350 5057 ut
3376 5001 3549 5057 casti-

1897 5095 2066 5163 getur
2092 5089 2447 5147 elementum
2472 5088 2685 5146 caloris
2716 5090 2774 5145 in
2805 5088 3074 5158 nobis,ae
3104 5090 3433 5149 consentiat
3460 5089 3547 5145 in-

1897 5179 2103 5236 cendio
2115 5178 2335 5234 carnali
2352 5228 2355 5231 ,
2372 5178 2637 5239 Tertium
2648 5176 2942 5249 jejunium
2969 5177 3107 5235 litin
3129 5178 3543 5251 autumno,qui

1902 5271 1991 5325 est
2009 5265 2261 5339 frigidus
2276 5270 2330 5322 et
2355 5265 2651 5334 siccus,ne
2676 5264 2874 5338 aliquo
2894 5264 3173 5339 languore
3192 5266 3375 5324 animi
3393 5282 3549 5325 ares-

1894 5372 2101 5413 camus
2119 5370 2187 5410 ac
2203 5354 2535 5411 deﬂuamus
2556 5359 2614 5410 et
2636 5353 3011 5411 inveniamur
3035 5355 3163 5411 sine
3188 5353 3544 5427 pinguedine

1898 5444 2005 5502 olei
2063 5444 2122 5498 in
2176 5447 2390 5500 (sterno
2444 5441 2842 5499 tabernaculo.
2874 5441 3103 5498 Etenim
3136 5442 3236 5498 illo
3282 5447 3541 5513 tempore

1898 5546 2342 5605 congregamus,
2369 5546 2486 5603 quo
2514 5531 2783 5589 fruamur
2805 5530 2873 5597 in,
2899 5530 3114 5589 futuro.
3143 5530 3424 5595 Quartum
3445 5526 3537 5595 je-

1889 5620 2129 5695 junium
2160 5620 2226 5675 ﬁt
2250 5618 2314 5674 in
2341 5618 2557 5687 hieme,
2588 5636 2716 5692 qua:
2745 5623 2837 5677 est
2862 5623 2921 5676 et
2947 5617 3193 5683 humida
3219 5620 3278 5671 et
3302 5611 3532 5695 frigida.

1897 5693 1970 5770 ne
2000 5707 2262 5768 membro
2294 5711 2493 5766 nostra
2521 5706 2681 5767 ﬂuxu
2711 5711 2884 5786 atque
2935 5704 3077 5761 luxu
3131 5700 3431 5760 solvantur
3468 5693 3529 5751 in
