  <div class='ocr_page' id='page_1' title='image "/cluster/home/n/w/nwhite01/storage/ocr_20150623/142-143/uc1.31175018423130/553.png"; bbox 0 0 4984 6464; ppageno 0'>
   <div class='ocr_carea' id='block_1_1' title="bbox 1487 526 1632 603">
    <p class='ocr_par' dir='ltr' id='par_1_1' title="bbox 1487 526 1632 603">
     <span class='ocr_line' id='line_1_1' title="bbox 1487 526 1632 603; baseline -0.021 0"><span class='ocrx_word' id='word_1_1' title='bbox 1487 526 1632 603; x_wconf 67' lang='lat' dir='ltr'>{osi</span> 
     </span>
    </p>
   </div>
   <div class='ocr_carea' id='block_1_2' title="bbox 2565 529 3812 600">
    <p class='ocr_par' dir='ltr' id='par_1_2' title="bbox 2565 529 3812 600">
     <span class='ocr_line' id='line_1_2' title="bbox 2565 529 3812 600; baseline -0.006 0"><span class='ocrx_word' id='word_1_2' title='bbox 2565 536 2953 600; x_wconf 80' lang='lat' dir='ltr'>BERNONIS</span> <span class='ocrx_word' id='word_1_3' title='bbox 2998 531 3326 596; x_wconf 75' lang='lat' dir='ltr'>ABBA&#39;I‘IS</span> <span class='ocrx_word' id='word_1_4' title='bbox 3375 529 3812 595; x_wconf 77' lang='lat' dir='ltr'>AUGIENSIS.</span> 
     </span>
    </p>
   </div>
   <div class='ocr_carea' id='block_1_3' title="bbox 3847 101 3983 110">
    <p class='ocr_par' dir='ltr' id='par_1_3' title="bbox 3847 101 3983 110">
     <span class='ocr_line' id='line_1_3' title="bbox 3847 101 3983 110; baseline 0.007 -3"><span class='ocrx_word' id='word_1_5' title='bbox 3847 101 3983 110; x_wconf 60' lang='grc'>.-</span> 
     </span>
    </p>
   </div>
   <div class='ocr_carea' id='block_1_4' title="bbox 4745 528 4902 590">
    <p class='ocr_par' dir='ltr' id='par_1_4' title="bbox 4745 528 4902 590">
     <span class='ocr_line' id='line_1_4' title="bbox 4745 528 4902 590; baseline 0.013 -2"><span class='ocrx_word' id='word_1_6' title='bbox 4745 528 4902 590; x_wconf 70' lang='grc'><strong>1092</strong></span> 
     </span>
    </p>
   </div>
   <div class='ocr_carea' id='block_1_5' title="bbox 1483 661 4903 746">
    <p class='ocr_par' dir='ltr' id='par_1_5' title="bbox 1483 661 4903 746">
     <span class='ocr_line' id='line_1_5' title="bbox 1483 661 4903 746; baseline 0.001 -18"><span class='ocrx_word' id='word_1_7' title='bbox 1483 672 2012 729; x_wconf 68' lang='lat' dir='ltr'>comessationibus</span> <span class='ocrx_word' id='word_1_8' title='bbox 2043 676 2098 729; x_wconf 90' lang='lat' dir='ltr'>et</span> <span class='ocrx_word' id='word_1_9' title='bbox 2130 672 2542 746; x_wconf 74' lang='lat' dir='ltr'>potationibus,</span> <span class='ocrx_word' id='word_1_10' title='bbox 2579 689 2644 726; x_wconf 89' lang='lat' dir='ltr'>ac</span> <span class='ocrx_word' id='word_1_11' title='bbox 2681 687 2782 743; x_wconf 87' lang='lat' dir='ltr'>per</span> <span class='ocrx_word' id='word_1_12' title='bbox 2811 671 2917 725; x_wconf 93' lang='lat' dir='ltr'>hoc</span> <span class='ocrx_word' id='word_1_13' title='bbox 2950 667 3130 740; x_wconf 86' lang='lat' dir='ltr'>negli-</span> <span class='ocrx_word' id='word_1_14' title='bbox 3160 666 3214 734; x_wconf 74' lang='grc' dir='ltr'><strong>Α</strong></span> <span class='ocrx_word' id='word_1_15' title='bbox 3245 665 3459 738; x_wconf 78' lang='lat' dir='ltr'>quibus</span> <span class='ocrx_word' id='word_1_16' title='bbox 3511 663 3805 736; x_wconf 81' lang='lat' dir='ltr'>incognita</span> <span class='ocrx_word' id='word_1_17' title='bbox 3860 667 3983 718; x_wconf 88' lang='lat' dir='ltr'>erat</span> <span class='ocrx_word' id='word_1_18' title='bbox 4025 661 4231 719; x_wconf 89' lang='lat' dir='ltr'>Latina</span> <span class='ocrx_word' id='word_1_19' title='bbox 4281 661 4502 737; x_wconf 64' lang='lat' dir='ltr'>lingua,</span> <span class='ocrx_word' id='word_1_20' title='bbox 4531 665 4903 736; x_wconf 74' lang='lat' dir='ltr'>aderantque</span> 
     </span>
    </p>
   </div>
   <div class='ocr_carea' id='block_1_6' title="bbox 1485 756 1996 834">
    <p class='ocr_par' dir='ltr' id='par_1_6' title="bbox 1485 756 1996 834">
     <span class='ocr_line' id='line_1_6' title="bbox 1485 756 1996 834; baseline 0 -18"><span class='ocrx_word' id='word_1_21' title='bbox 1485 769 1660 834; x_wconf 82' lang='lat' dir='ltr'>gatur</span> <span class='ocrx_word' id='word_1_22' title='bbox 1687 779 1855 818; x_wconf 84' lang='lat' dir='ltr'>amor</span> <span class='ocrx_word' id='word_1_23' title='bbox 1876 756 1996 818; x_wconf 82' lang='lat' dir='ltr'>Dei.</span> 
     </span>
    </p>
   </div>
   <div class='ocr_carea' id='block_1_7' title="bbox 1558 847 3127 922">
    <p class='ocr_par' dir='ltr' id='par_1_7' title="bbox 1558 847 3127 922">
     <span class='ocr_line' id='line_1_7' title="bbox 1558 847 3127 922; baseline -0.004 -16"><span class='ocrx_word' id='word_1_24' title='bbox 1558 854 1627 906; x_wconf 87' lang='lat' dir='ltr'>At</span> <span class='ocrx_word' id='word_1_25' title='bbox 1647 851 1788 922; x_wconf 89' lang='lat' dir='ltr'>quia</span> <span class='ocrx_word' id='word_1_26' title='bbox 1807 855 2062 921; x_wconf 80' lang='lat' dir='ltr'>quatuor</span> <span class='ocrx_word' id='word_1_27' title='bbox 2080 853 2340 922; x_wconf 86' lang='lat' dir='ltr'>tempora</span> <span class='ocrx_word' id='word_1_28' title='bbox 2362 865 2644 903; x_wconf 89' lang='lat' dir='ltr'>annorum</span> <span class='ocrx_word' id='word_1_29' title='bbox 2671 865 2777 904; x_wconf 90' lang='lat' dir='ltr'>nos</span> <span class='ocrx_word' id='word_1_30' title='bbox 2799 847 3127 918; x_wconf 80' lang='lat' dir='ltr'>impediunt</span> 
     </span>
    </p>
   </div>
   <div class='ocr_carea' id='block_1_8' title="bbox 1485 935 3128 1010">
    <p class='ocr_par' dir='ltr' id='par_1_8' title="bbox 1485 935 3128 1010">
     <span class='ocr_line' id='line_1_8' title="bbox 1485 935 3128 1010; baseline -0.005 -14"><span class='ocrx_word' id='word_1_31' title='bbox 1485 941 1557 995; x_wconf 89' lang='lat' dir='ltr'>ab</span> <span class='ocrx_word' id='word_1_32' title='bbox 1588 955 1787 995; x_wconf 89' lang='lat' dir='ltr'>amore</span> <span class='ocrx_word' id='word_1_33' title='bbox 1816 939 1939 1004; x_wconf 87' lang='lat' dir='ltr'>Dei,</span> <span class='ocrx_word' id='word_1_34' title='bbox 1965 937 2451 1010; x_wconf 87' lang='lat' dir='ltr'>quatuorjejunia</span> <span class='ocrx_word' id='word_1_35' title='bbox 2475 938 2743 992; x_wconf 76' lang='lat' dir='ltr'>facimus.</span> <span class='ocrx_word' id='word_1_36' title='bbox 2763 938 2866 992; x_wconf 87' lang='lat' dir='ltr'>Per</span> <span class='ocrx_word' id='word_1_37' title='bbox 2896 935 3128 1006; x_wconf 83' lang='lat' dir='ltr'>singula</span> 
     </span>
    </p>
   </div>
   <div class='ocr_carea' id='block_1_9' title="bbox 1485 1025 3126 1100">
    <p class='ocr_par' dir='ltr' id='par_1_9' title="bbox 1485 1025 3126 1100">
     <span class='ocr_line' id='line_1_9' title="bbox 1485 1025 3126 1100; baseline -0.004 -16"><span class='ocrx_word' id='word_1_38' title='bbox 1485 1044 1719 1100; x_wconf 90' lang='lat' dir='ltr'>quoque</span> <span class='ocrx_word' id='word_1_39' title='bbox 1747 1030 2008 1099; x_wconf 88' lang='lat' dir='ltr'>tempora</span> <span class='ocrx_word' id='word_1_40' title='bbox 2030 1025 3000 1097; x_wconf 87' lang='lat' dir='ltr'>suumjcjunium,unumqucdque</span> <span class='ocrx_word' id='word_1_41' title='bbox 3027 1042 3126 1095; x_wconf 85' lang='lat' dir='ltr'>pro</span> 
     </span>
    </p>
   </div>
   <div class='ocr_carea' id='block_1_10' title="bbox 1486 1113 3130 1188">
    <p class='ocr_par' dir='ltr' id='par_1_10' title="bbox 1486 1113 3130 1188">
     <span class='ocr_line' id='line_1_10' title="bbox 1486 1113 3130 1188; baseline -0.004 -16"><span class='ocrx_word' id='word_1_42' title='bbox 1486 1133 1594 1172; x_wconf 87' lang='lat' dir='ltr'>suo</span> <span class='ocrx_word' id='word_1_43' title='bbox 1624 1120 1904 1188; x_wconf 86' lang='lat' dir='ltr'>tempore.</span> <span class='ocrx_word' id='word_1_44' title='bbox 1929 1114 2114 1170; x_wconf 86' lang='lat' dir='ltr'>Simili</span> <span class='ocrx_word' id='word_1_45' title='bbox 2147 1114 2318 1169; x_wconf 91' lang='lat' dir='ltr'>modo</span> <span class='ocrx_word' id='word_1_46' title='bbox 2336 1113 2548 1169; x_wconf 89' lang='lat' dir='ltr'>diurna</span> <span class='ocrx_word' id='word_1_47' title='bbox 2563 1114 2855 1169; x_wconf 90' lang='lat' dir='ltr'>curricula</span> <span class='ocrx_word' id='word_1_48' title='bbox 2877 1118 3130 1185; x_wconf 77' lang='lat' dir='ltr'>quatuor</span> 
     </span>
    </p>
   </div>
   <div class='ocr_carea' id='block_1_11' title="bbox 1483 1203 3130 1278">
    <p class='ocr_par' dir='ltr' id='par_1_11' title="bbox 1483 1203 3130 1278">
     <span class='ocr_line' id='line_1_11' title="bbox 1483 1203 3130 1278; baseline -0.003 -17"><span class='ocrx_word' id='word_1_49' title='bbox 1483 1222 1591 1260; x_wconf 88' lang='lat' dir='ltr'>nos</span> <span class='ocrx_word' id='word_1_50' title='bbox 1621 1204 1948 1278; x_wconf 87' lang='lat' dir='ltr'>impediunt</span> <span class='ocrx_word' id='word_1_51' title='bbox 1971 1203 2044 1258; x_wconf 90' lang='lat' dir='ltr'>ab</span> <span class='ocrx_word' id='word_1_52' title='bbox 2074 1219 2271 1258; x_wconf 89' lang='lat' dir='ltr'>amore</span> <span class='ocrx_word' id='word_1_53' title='bbox 2302 1203 2648 1270; x_wconf 77' lang='lat' dir='ltr'>caelestium,</span> <span class='ocrx_word' id='word_1_54' title='bbox 2682 1203 2901 1259; x_wconf 77' lang='lat' dir='ltr'>scilicet</span> <span class='ocrx_word' id='word_1_55' title='bbox 2942 1207 3130 1256; x_wconf 90' lang='lat' dir='ltr'>matu-</span> 
     </span>
    </p>
   </div>
   <div class='ocr_carea' id='block_1_12' title="bbox 1480 1292 3129 1364">
    <p class='ocr_par' dir='ltr' id='par_1_12' title="bbox 1480 1292 3129 1364">
     <span class='ocr_line' id='line_1_12' title="bbox 1480 1292 3129 1364; baseline -0.004 -14"><span class='ocrx_word' id='word_1_56' title='bbox 1480 1294 1696 1364; x_wconf 82' lang='lat' dir='ltr'>tinum,</span> <span class='ocrx_word' id='word_1_57' title='bbox 1727 1293 2138 1358; x_wconf 74' lang='lat' dir='ltr'>meriJianum,</span> <span class='ocrx_word' id='word_1_58' title='bbox 2163 1292 2582 1364; x_wconf 87' lang='lat' dir='ltr'>vespertinum,</span> <span class='ocrx_word' id='word_1_59' title='bbox 2613 1298 2962 1347; x_wconf 90' lang='lat' dir='ltr'>nocturnum</span> <span class='ocrx_word' id='word_1_60' title='bbox 2989 1309 3002 1345; x_wconf 88' lang='lat'><strong>:</strong></span> <span class='ocrx_word' id='word_1_61' title='bbox 3028 1308 3129 1363; x_wconf 90' lang='lat' dir='ltr'>per</span> 
     </span>
    </p>
   </div>
   <div class='ocr_carea' id='block_1_13' title="bbox 1478 1379 3125 1452">
    <p class='ocr_par' dir='ltr' id='par_1_13' title="bbox 1478 1379 3125 1452">
     <span class='ocr_line' id='line_1_13' title="bbox 1478 1379 3125 1452; baseline -0.002 -15"><span class='ocrx_word' id='word_1_62' title='bbox 1478 1381 1599 1438; x_wconf 70' lang='lat' dir='ltr'>haec</span> <span class='ocrx_word' id='word_1_63' title='bbox 1614 1381 1769 1437; x_wconf 89' lang='lat' dir='ltr'>enim</span> <span class='ocrx_word' id='word_1_64' title='bbox 1793 1379 2052 1452; x_wconf 82' lang='lat' dir='ltr'>quotidie</span> <span class='ocrx_word' id='word_1_65' title='bbox 2074 1380 2147 1435; x_wconf 92' lang='lat' dir='ltr'>ab</span> <span class='ocrx_word' id='word_1_66' title='bbox 2166 1396 2361 1435; x_wconf 88' lang='lat' dir='ltr'>amore</span> <span class='ocrx_word' id='word_1_67' title='bbox 2383 1385 2729 1435; x_wconf 75' lang='lat' dir='ltr'>azternorum</span> <span class='ocrx_word' id='word_1_68' title='bbox 2755 1379 3125 1435; x_wconf 87' lang='lat' dir='ltr'>relrahimur.</span> 
     </span>
    </p>
   </div>
   <div class='ocr_carea' id='block_1_14' title="bbox 1476 1468 3128 1543">
    <p class='ocr_par' dir='ltr' id='par_1_14' title="bbox 1476 1468 3128 1543">
     <span class='ocr_line' id='line_1_14' title="bbox 1476 1468 3128 1543; baseline -0.003 -16"><span class='ocrx_word' id='word_1_69' title='bbox 1476 1471 1537 1527; x_wconf 89' lang='lat' dir='ltr'>In</span> <span class='ocrx_word' id='word_1_70' title='bbox 1573 1485 1922 1543; x_wconf 89' lang='lat' dir='ltr'>unoquoque</span> <span class='ocrx_word' id='word_1_71' title='bbox 1952 1473 2070 1524; x_wconf 89' lang='lat' dir='ltr'>tres</span> <span class='ocrx_word' id='word_1_72' title='bbox 2111 1468 2237 1524; x_wconf 90' lang='lat' dir='ltr'>dies</span> <span class='ocrx_word' id='word_1_73' title='bbox 2284 1473 2444 1535; x_wconf 89' lang='lat' dir='ltr'>sunt,</span> <span class='ocrx_word' id='word_1_74' title='bbox 2479 1469 2619 1541; x_wconf 93' lang='lat' dir='ltr'>quia</span> <span class='ocrx_word' id='word_1_75' title='bbox 2665 1469 3128 1540; x_wconf 80' lang='lat' dir='ltr'>unumquodque</span> 
     </span>
    </p>
   </div>
   <div class='ocr_carea' id='block_1_15' title="bbox 1473 1557 3126 1632">
    <p class='ocr_par' dir='ltr' id='par_1_15' title="bbox 1473 1557 3126 1632">
     <span class='ocr_line' id='line_1_15' title="bbox 1473 1557 3126 1632; baseline -0.004 -16"><span class='ocrx_word' id='word_1_76' title='bbox 1473 1563 1706 1632; x_wconf 81' lang='lat' dir='ltr'>tempus</span> <span class='ocrx_word' id='word_1_77' title='bbox 1734 1563 1854 1615; x_wconf 90' lang='lat' dir='ltr'>tres</span> <span class='ocrx_word' id='word_1_78' title='bbox 1887 1574 2121 1613; x_wconf 80' lang='lat' dir='ltr'>menses</span> <span class='ocrx_word' id='word_1_79' title='bbox 2153 1557 2345 1612; x_wconf 83' lang='lat' dir='ltr'>habet.</span> <span class='ocrx_word' id='word_1_80' title='bbox 2381 1557 2487 1613; x_wconf 86' lang='lat' dir='ltr'>Pro</span> <span class='ocrx_word' id='word_1_81' title='bbox 2523 1575 2876 1630; x_wconf 89' lang='lat' dir='ltr'>unoquoque</span> <span class='ocrx_word' id='word_1_82' title='bbox 2927 1574 3126 1612; x_wconf 89' lang='lat' dir='ltr'>mense</span> 
     </span>
    </p>
   </div>
   <div class='ocr_carea' id='block_1_16' title="bbox 1473 1647 3126 1721">
    <p class='ocr_par' dir='ltr' id='par_1_16' title="bbox 1473 1647 3126 1721">
     <span class='ocr_line' id='line_1_16' title="bbox 1473 1647 3126 1721; baseline -0.003 -17"><span class='ocrx_word' id='word_1_83' title='bbox 1473 1647 1691 1721; x_wconf 82' lang='lat' dir='ltr'>singuli</span> <span class='ocrx_word' id='word_1_84' title='bbox 1721 1647 1847 1703; x_wconf 87' lang='lat' dir='ltr'>dies</span> <span class='ocrx_word' id='word_1_85' title='bbox 1872 1647 2098 1718; x_wconf 88' lang='lat' dir='ltr'>jejunio</span> <span class='ocrx_word' id='word_1_86' title='bbox 2121 1650 2635 1702; x_wconf 88' lang='lat' dir='ltr'>consecrantur.At</span> <span class='ocrx_word' id='word_1_87' title='bbox 2657 1665 2788 1703; x_wconf 89' lang='lat' dir='ltr'>vero</span> <span class='ocrx_word' id='word_1_88' title='bbox 2820 1647 2958 1718; x_wconf 84' lang='lat' dir='ltr'><strong>quia</strong></span> <span class='ocrx_word' id='word_1_89' title='bbox 2984 1663 3126 1718; x_wconf 87' lang='lat' dir='ltr'>quo-</span> 
     </span>
    </p>
   </div>
   <div class='ocr_carea' id='block_1_17' title="bbox 1472 1736 3128 1809">
    <p class='ocr_par' dir='ltr' id='par_1_17' title="bbox 1472 1736 3128 1809">
     <span class='ocr_line' id='line_1_17' title="bbox 1472 1736 3128 1809; baseline -0.003 -16"><span class='ocrx_word' id='word_1_90' title='bbox 1472 1737 1699 1793; x_wconf 90' lang='lat' dir='ltr'>tidiana</span> <span class='ocrx_word' id='word_1_91' title='bbox 1724 1742 1960 1809; x_wconf 83' lang='lat' dir='ltr'>peccata</span> <span class='ocrx_word' id='word_1_92' title='bbox 1989 1741 2328 1804; x_wconf 79' lang='lat' dir='ltr'>aggravant,</span> <span class='ocrx_word' id='word_1_93' title='bbox 2361 1753 2476 1791; x_wconf 91' lang='lat' dir='ltr'>non</span> <span class='ocrx_word' id='word_1_94' title='bbox 2508 1737 2727 1792; x_wconf 82' lang='lat' dir='ltr'>suiticit</span> <span class='ocrx_word' id='word_1_95' title='bbox 2766 1753 2949 1791; x_wconf 90' lang='lat' dir='ltr'>unum</span> <span class='ocrx_word' id='word_1_96' title='bbox 2976 1736 3128 1806; x_wconf 79' lang='lat' dir='ltr'>jeju-</span> 
     </span>
    </p>
   </div>
   <div class='ocr_carea' id='block_1_18' title="bbox 1475 1825 3127 1897">
    <p class='ocr_par' dir='ltr' id='par_1_18' title="bbox 1475 1825 3127 1897">
     <span class='ocr_line' id='line_1_18' title="bbox 1475 1825 3127 1897; baseline -0.002 -16"><span class='ocrx_word' id='word_1_97' title='bbox 1475 1825 1642 1881; x_wconf 89' lang='lat' dir='ltr'>nium</span> <span class='ocrx_word' id='word_1_98' title='bbox 1671 1841 1775 1897; x_wconf 92' lang='lat' dir='ltr'>per</span> <span class='ocrx_word' id='word_1_99' title='bbox 1803 1825 2265 1896; x_wconf 91' lang='lat' dir='ltr'>unumquodque</span> <span class='ocrx_word' id='word_1_100' title='bbox 2299 1831 2553 1897; x_wconf 86' lang='lat' dir='ltr'>tempus,</span> <span class='ocrx_word' id='word_1_101' title='bbox 2581 1832 2670 1884; x_wconf 83' lang='lat' dir='ltr'>(ac</span> <span class='ocrx_word' id='word_1_102' title='bbox 2702 1842 2802 1896; x_wconf 92' lang='lat' dir='ltr'>per</span> <span class='ocrx_word' id='word_1_103' title='bbox 2833 1825 2960 1888; x_wconf 84' lang='lat' dir='ltr'>hoc)</span> <span class='ocrx_word' id='word_1_104' title='bbox 2987 1841 3127 1895; x_wconf 87' lang='lat' dir='ltr'>qua-</span> 
     </span>
    </p>
   </div>
   <div class='ocr_carea' id='block_1_19' title="bbox 1475 1912 3127 1987">
    <p class='ocr_par' dir='ltr' id='par_1_19' title="bbox 1475 1912 3127 1987">
     <span class='ocr_line' id='line_1_19' title="bbox 1475 1912 3127 1987; baseline -0.001 -18"><span class='ocrx_word' id='word_1_105' title='bbox 1475 1912 1858 1987; x_wconf 87' lang='lat' dir='ltr'>dragesimale</span> <span class='ocrx_word' id='word_1_106' title='bbox 1915 1913 2274 1980; x_wconf 90' lang='lat' dir='ltr'>inducimus,</span> <span class='ocrx_word' id='word_1_107' title='bbox 2323 1930 2438 1985; x_wconf 93' lang='lat' dir='ltr'>quo</span> <span class='ocrx_word' id='word_1_108' title='bbox 2495 1914 2838 1985; x_wconf 79' lang='lat' dir='ltr'>quotidiana</span> <span class='ocrx_word' id='word_1_109' title='bbox 2893 1917 3127 1984; x_wconf 90' lang='lat' dir='ltr'>peccata</span> 
     </span>
    </p>
   </div>
   <div class='ocr_carea' id='block_1_20' title="bbox 1475 2003 1830 2076">
    <p class='ocr_par' dir='ltr' id='par_1_20' title="bbox 1475 2003 1830 2076">
     <span class='ocr_line' id='line_1_20' title="bbox 1475 2003 1830 2076; baseline -0.006 -16"><span class='ocrx_word' id='word_1_110' title='bbox 1475 2003 1830 2076; x_wconf 79' lang='lat' dir='ltr'>affligantur.</span> 
     </span>
    </p>
   </div>
   <div class='ocr_carea' id='block_1_21' title="bbox 1542 2090 3125 2164">
    <p class='ocr_par' dir='ltr' id='par_1_21' title="bbox 1542 2090 3125 2164">
     <span class='ocr_line' id='line_1_21' title="bbox 1542 2090 3125 2164; baseline -0.003 -16"><span class='ocrx_word' id='word_1_111' title='bbox 1542 2093 1756 2148; x_wconf 86' lang='lat' dir='ltr'>Eadem</span> <span class='ocrx_word' id='word_1_112' title='bbox 1787 2107 1920 2148; x_wconf 90' lang='lat' dir='ltr'>vero</span> <span class='ocrx_word' id='word_1_113' title='bbox 1952 2093 2214 2157; x_wconf 81' lang='lat' dir='ltr'>Quatuor</span> <span class='ocrx_word' id='word_1_114' title='bbox 2247 2093 2604 2164; x_wconf 85' lang='lat' dir='ltr'>Temporqu</span> <span class='ocrx_word' id='word_1_115' title='bbox 2640 2091 2868 2161; x_wconf 88' lang='lat' dir='ltr'>jejunia</span> <span class='ocrx_word' id='word_1_116' title='bbox 2890 2091 2982 2145; x_wconf 89' lang='lat' dir='ltr'>his</span> <span class='ocrx_word' id='word_1_117' title='bbox 3008 2090 3125 2145; x_wconf 91' lang='lat' dir='ltr'>die-</span> 
     </span>
    </p>
   </div>
   <div class='ocr_carea' id='block_1_22' title="bbox 1471 2179 3121 2250">
    <p class='ocr_par' dir='ltr' id='par_1_22' title="bbox 1471 2179 3121 2250">
     <span class='ocr_line' id='line_1_22' title="bbox 1471 2179 3121 2250; baseline -0.002 -13"><span class='ocrx_word' id='word_1_118' title='bbox 1471 2181 1584 2236; x_wconf 89' lang='lat' dir='ltr'>bus</span> <span class='ocrx_word' id='word_1_119' title='bbox 1609 2179 1798 2236; x_wconf 88' lang='lat' dir='ltr'>solent</span> <span class='ocrx_word' id='word_1_120' title='bbox 1825 2179 2129 2247; x_wconf 87' lang='lat' dir='ltr'>celebrari,</span> <span class='ocrx_word' id='word_1_121' title='bbox 2153 2179 2372 2235; x_wconf 91' lang='lat' dir='ltr'>scilicet</span> <span class='ocrx_word' id='word_1_122' title='bbox 2405 2184 2611 2250; x_wconf 88' lang='lat' dir='ltr'>quarta</span> <span class='ocrx_word' id='word_1_123' title='bbox 2640 2181 2802 2244; x_wconf 79' lang='lat' dir='ltr'>feria,</span> <span class='ocrx_word' id='word_1_124' title='bbox 2826 2186 3004 2244; x_wconf 82' lang='lat' dir='ltr'>sexta,</span> <span class='ocrx_word' id='word_1_125' title='bbox 3029 2196 3121 2233; x_wconf 88' lang='lat' dir='ltr'>se-</span> 
     </span>
    </p>
   </div>
   <div class='ocr_carea' id='block_1_23' title="bbox 1472 2269 3122 2344">
    <p class='ocr_par' dir='ltr' id='par_1_23' title="bbox 1472 2269 3122 2344">
     <span class='ocr_line' id='line_1_23' title="bbox 1472 2269 3122 2344; baseline -0.003 -19"><span class='ocrx_word' id='word_1_126' title='bbox 1472 2271 1658 2344; x_wconf 89' lang='lat' dir='ltr'>ptima</span> <span class='ocrx_word' id='word_1_127' title='bbox 1681 2287 1695 2324; x_wconf 93' lang='lat'><strong>:</strong></span> <span class='ocrx_word' id='word_1_128' title='bbox 1719 2269 1848 2324; x_wconf 89' lang='lat' dir='ltr'>ideo</span> <span class='ocrx_word' id='word_1_129' title='bbox 1871 2269 2246 2342; x_wconf 88' lang='lat' dir='ltr'>quarta,quia</span> <span class='ocrx_word' id='word_1_130' title='bbox 2267 2269 2449 2325; x_wconf 67' lang='lat' dir='ltr'>Judaei</span> <span class='ocrx_word' id='word_1_131' title='bbox 2484 2270 2540 2323; x_wconf 92' lang='lat' dir='ltr'>in</span> <span class='ocrx_word' id='word_1_132' title='bbox 2563 2285 2629 2324; x_wconf 90' lang='lat' dir='ltr'>ea</span> <span class='ocrx_word' id='word_1_133' title='bbox 2653 2270 2910 2324; x_wconf 84' lang='lat' dir='ltr'>fecerunt</span> <span class='ocrx_word' id='word_1_134' title='bbox 2931 2269 3122 2323; x_wconf 86' lang='lat' dir='ltr'>consi-</span> 
     </span>
    </p>
   </div>
   <div class='ocr_carea' id='block_1_24' title="bbox 1471 2357 3118 2428">
    <p class='ocr_par' dir='ltr' id='par_1_24' title="bbox 1471 2357 3118 2428">
     <span class='ocr_line' id='line_1_24' title="bbox 1471 2357 3118 2428; baseline -0.002 -14"><span class='ocrx_word' id='word_1_135' title='bbox 1471 2359 1615 2414; x_wconf 88' lang='lat' dir='ltr'>lium</span> <span class='ocrx_word' id='word_1_136' title='bbox 1648 2364 1711 2414; x_wconf 90' lang='lat' dir='ltr'>ut</span> <span class='ocrx_word' id='word_1_137' title='bbox 1740 2359 2069 2414; x_wconf 83' lang='lat' dir='ltr'>occiderent</span> <span class='ocrx_word' id='word_1_138' title='bbox 2097 2357 2425 2422; x_wconf 82' lang='lat' dir='ltr'>Christum;</span> <span class='ocrx_word' id='word_1_139' title='bbox 2457 2363 2617 2412; x_wconf 80' lang='lat' dir='ltr'>sexta</span> <span class='ocrx_word' id='word_1_140' title='bbox 2644 2358 2806 2423; x_wconf 78' lang='lat' dir='ltr'>feria,</span> <span class='ocrx_word' id='word_1_141' title='bbox 2841 2357 3118 2428; x_wconf 87' lang='lat' dir='ltr'>quoniam</span> 
     </span>
    </p>
   </div>
   <div class='ocr_carea' id='block_1_25' title="bbox 1471 2446 3122 2519">
    <p class='ocr_par' dir='ltr' id='par_1_25' title="bbox 1471 2446 3122 2519">
     <span class='ocr_line' id='line_1_25' title="bbox 1471 2446 3122 2519; baseline -0.001 -17"><span class='ocrx_word' id='word_1_142' title='bbox 1471 2446 1808 2503; x_wconf 90' lang='lat' dir='ltr'>occiderunt</span> <span class='ocrx_word' id='word_1_143' title='bbox 1835 2464 1998 2513; x_wconf 90' lang='lat' dir='ltr'>eum;</span> <span class='ocrx_word' id='word_1_144' title='bbox 2024 2447 2367 2519; x_wconf 79' lang='lat' dir='ltr'>septima,ex</span> <span class='ocrx_word' id='word_1_145' title='bbox 2399 2447 2739 2502; x_wconf 80' lang='lat' dir='ltr'>auctoritate</span> <span class='ocrx_word' id='word_1_146' title='bbox 2771 2451 2981 2501; x_wconf 69' lang='lat' dir='ltr'>sancta:</span> <span class='ocrx_word' id='word_1_147' title='bbox 3018 2447 3122 2500; x_wconf 78' lang='lat' dir='ltr'>Ito-</span> 
     </span>
    </p>
   </div>
   <div class='ocr_carea' id='block_1_26' title="bbox 1473 2533 3122 2606">
    <p class='ocr_par' dir='ltr' id='par_1_26' title="bbox 1473 2533 3122 2606">
     <span class='ocr_line' id='line_1_26' title="bbox 1473 2533 3122 2606; baseline -0.003 -14"><span class='ocrx_word' id='word_1_148' title='bbox 1473 2553 1658 2592; x_wconf 71' lang='lat' dir='ltr'>mana:</span> <span class='ocrx_word' id='word_1_149' title='bbox 1681 2536 1949 2592; x_wconf 64' lang='lat' dir='ltr'>Ecclesiae</span> <span class='ocrx_word' id='word_1_150' title='bbox 1973 2535 2345 2590; x_wconf 88' lang='lat' dir='ltr'>concluditur</span> <span class='ocrx_word' id='word_1_151' title='bbox 2367 2535 2662 2606; x_wconf 84' lang='lat' dir='ltr'>jejunium</span> <span class='ocrx_word' id='word_1_152' title='bbox 2693 2539 2925 2606; x_wconf 82' lang='lat' dir='ltr'>propter</span> <span class='ocrx_word' id='word_1_153' title='bbox 2947 2533 3122 2588; x_wconf 82' lang='lat' dir='ltr'>tristi-</span> 
     </span>
    </p>
   </div>
   <div class='ocr_carea' id='block_1_27' title="bbox 1473 2623 3118 2696">
    <p class='ocr_par' dir='ltr' id='par_1_27' title="bbox 1473 2623 3118 2696">
     <span class='ocr_line' id='line_1_27' title="bbox 1473 2623 3118 2696; baseline -0.004 -14"><span class='ocrx_word' id='word_1_154' title='bbox 1473 2625 1615 2682; x_wconf 90' lang='lat' dir='ltr'>tiam</span> <span class='ocrx_word' id='word_1_155' title='bbox 1647 2623 2070 2696; x_wconf 85' lang='lat' dir='ltr'>apostolorum,</span> <span class='ocrx_word' id='word_1_156' title='bbox 2107 2641 2284 2694; x_wconf 88' lang='lat' dir='ltr'>quam</span> <span class='ocrx_word' id='word_1_157' title='bbox 2318 2625 2389 2678; x_wconf 92' lang='lat' dir='ltr'>de</span> <span class='ocrx_word' id='word_1_158' title='bbox 2421 2629 2603 2678; x_wconf 91' lang='lat' dir='ltr'>morte</span> <span class='ocrx_word' id='word_1_159' title='bbox 2648 2624 2828 2678; x_wconf 78' lang='lat' dir='ltr'>nostri</span> <span class='ocrx_word' id='word_1_160' title='bbox 2877 2624 3118 2677; x_wconf 78' lang='lat' dir='ltr'>Redem—</span> 
     </span>
    </p>
   </div>
   <div class='ocr_carea' id='block_1_28' title="bbox 1475 2711 3124 2782">
    <p class='ocr_par' dir='ltr' id='par_1_28' title="bbox 1475 2711 3124 2782">
     <span class='ocr_line' id='line_1_28' title="bbox 1475 2711 3124 2782; baseline -0.002 -13"><span class='ocrx_word' id='word_1_161' title='bbox 1475 2713 1620 2769; x_wconf 81' lang='lat' dir='ltr'>toris</span> <span class='ocrx_word' id='word_1_162' title='bbox 1651 2713 2001 2778; x_wconf 88' lang='lat' dir='ltr'>habuerant,</span> <span class='ocrx_word' id='word_1_163' title='bbox 2028 2713 2180 2768; x_wconf 80' lang='lat' dir='ltr'>sicut</span> <span class='ocrx_word' id='word_1_164' title='bbox 2212 2712 2583 2767; x_wconf 91' lang='lat' dir='ltr'>Innocentius</span> <span class='ocrx_word' id='word_1_165' title='bbox 2616 2729 2763 2782; x_wconf 89' lang='lat' dir='ltr'>papa</span> <span class='ocrx_word' id='word_1_166' title='bbox 2794 2711 2850 2766; x_wconf 92' lang='lat' dir='ltr'>in</span> <span class='ocrx_word' id='word_1_167' title='bbox 2875 2712 2999 2765; x_wconf 87' lang='lat' dir='ltr'>suis</span> <span class='ocrx_word' id='word_1_168' title='bbox 3025 2716 3124 2765; x_wconf 87' lang='lat' dir='ltr'>De-</span> 
     </span>
    </p>
   </div>
   <div class='ocr_carea' id='block_1_29' title="bbox 1477 2800 3119 2870">
    <p class='ocr_par' dir='ltr' id='par_1_29' title="bbox 1477 2800 3119 2870">
     <span class='ocr_line' id='line_1_29' title="bbox 1477 2800 3119 2870; baseline -0.001 -14"><span class='ocrx_word' id='word_1_169' title='bbox 1477 2800 1792 2856; x_wconf 87' lang='lat' dir='ltr'>cretalibus</span> <span class='ocrx_word' id='word_1_170' title='bbox 1824 2805 2022 2854; x_wconf 90' lang='lat' dir='ltr'>narrat</span> <span class='ocrx_word' id='word_1_171' title='bbox 2057 2817 2070 2854; x_wconf 87' lang='lat'><strong>:</strong></span> <span class='ocrx_word' id='word_1_172' title='bbox 2107 2824 2131 2847; x_wconf 87' lang='grc'>‹‹</span> <span class='ocrx_word' id='word_1_173' title='bbox 2169 2800 2447 2864; x_wconf 88' lang='lat' dir='ltr'>Sabbato,</span> <span class='ocrx_word' id='word_1_174' title='bbox 2482 2800 2695 2870; x_wconf 87' lang='lat' dir='ltr'>inquit,</span> <span class='ocrx_word' id='word_1_175' title='bbox 2729 2801 3119 2870; x_wconf 83' lang='lat' dir='ltr'>jejunandum</span> 
     </span>
    </p>
   </div>
   <div class='ocr_carea' id='block_1_30' title="bbox 1476 2887 3121 2946">
    <p class='ocr_par' dir='ltr' id='par_1_30' title="bbox 1476 2887 3121 2946">
     <span class='ocr_line' id='line_1_30' title="bbox 1476 2887 3121 2946; baseline -0.002 -1"><span class='ocrx_word' id='word_1_176' title='bbox 1476 2904 1607 2946; x_wconf 86' lang='lat' dir='ltr'>esse</span> <span class='ocrx_word' id='word_1_177' title='bbox 1651 2889 1795 2945; x_wconf 83' lang='lat' dir='ltr'>ratio</span> <span class='ocrx_word' id='word_1_178' title='bbox 1845 2887 2283 2944; x_wconf 80' lang='lat' dir='ltr'>evidentissima</span> <span class='ocrx_word' id='word_1_179' title='bbox 2334 2889 2716 2943; x_wconf 84' lang='lat' dir='ltr'>demonstrat.</span> <span class='ocrx_word' id='word_1_180' title='bbox 2751 2889 2895 2942; x_wconf 74' lang='lat' dir='ltr'>Nam</span> <span class='ocrx_word' id='word_1_181' title='bbox 2948 2890 2994 2943; x_wconf 88' lang='lat' dir='ltr'>si</span> <span class='ocrx_word' id='word_1_182' title='bbox 3029 2890 3121 2943; x_wconf 89' lang='lat' dir='ltr'>die</span> 
     </span>
    </p>
   </div>
   <div class='ocr_carea' id='block_1_31' title="bbox 1477 2976 3120 3033">
    <p class='ocr_par' dir='ltr' id='par_1_31' title="bbox 1477 2976 3120 3033">
     <span class='ocr_line' id='line_1_31' title="bbox 1477 2976 3120 3033; baseline -0.001 -1"><span class='ocrx_word' id='word_1_183' title='bbox 1477 2976 1778 3032; x_wconf 90' lang='lat' dir='ltr'>Dominico</span> <span class='ocrx_word' id='word_1_184' title='bbox 1805 2977 1877 3033; x_wconf 93' lang='lat' dir='ltr'>ob</span> <span class='ocrx_word' id='word_1_185' title='bbox 1927 2977 2311 3032; x_wconf 90' lang='lat' dir='ltr'>venerabilem</span> <span class='ocrx_word' id='word_1_186' title='bbox 2363 2977 2846 3032; x_wconf 83' lang='lat' dir='ltr'>resurrectionem</span> <span class='ocrx_word' id='word_1_187' title='bbox 2892 2977 3120 3032; x_wconf 89' lang='lat' dir='ltr'>Domini</span> 
     </span>
    </p>
   </div>
   <div class='ocr_carea' id='block_1_32' title="bbox 1477 3065 3119 3132">
    <p class='ocr_par' dir='ltr' id='par_1_32' title="bbox 1477 3065 3119 3132">
     <span class='ocr_line' id='line_1_32' title="bbox 1477 3065 3119 3132; baseline -0.002 -10"><span class='ocrx_word' id='word_1_188' title='bbox 1477 3065 1661 3122; x_wconf 89' lang='lat' dir='ltr'>nostri</span> <span class='ocrx_word' id='word_1_189' title='bbox 1691 3065 1828 3122; x_wconf 85' lang='lat' dir='ltr'>Jesu</span> <span class='ocrx_word' id='word_1_190' title='bbox 1860 3065 2070 3121; x_wconf 88' lang='lat' dir='ltr'>Christi</span> <span class='ocrx_word' id='word_1_191' title='bbox 2105 3082 2215 3119; x_wconf 92' lang='lat' dir='ltr'>non</span> <span class='ocrx_word' id='word_1_192' title='bbox 2249 3065 2440 3121; x_wconf 91' lang='lat' dir='ltr'>solum</span> <span class='ocrx_word' id='word_1_193' title='bbox 2476 3065 2694 3120; x_wconf 83' lang='lat' dir='ltr'>Pascha</span> <span class='ocrx_word' id='word_1_194' title='bbox 2736 3065 3119 3132; x_wconf 73' lang='lat' dir='ltr'>celebramus,</span> 
     </span>
    </p>
   </div>
   <div class='ocr_carea' id='block_1_33' title="bbox 1473 3153 3121 3226">
    <p class='ocr_par' dir='ltr' id='par_1_33' title="bbox 1473 3153 3121 3226">
     <span class='ocr_line' id='line_1_33' title="bbox 1473 3153 3121 3226; baseline -0.001 -16"><span class='ocrx_word' id='word_1_195' title='bbox 1473 3171 1676 3210; x_wconf 87' lang='lat' dir='ltr'>verum</span> <span class='ocrx_word' id='word_1_196' title='bbox 1706 3155 1879 3210; x_wconf 91' lang='lat' dir='ltr'>etiam</span> <span class='ocrx_word' id='word_1_197' title='bbox 1905 3171 2005 3226; x_wconf 81' lang='lat' dir='ltr'>per</span> <span class='ocrx_word' id='word_1_198' title='bbox 2035 3153 2296 3226; x_wconf 90' lang='lat' dir='ltr'>singulos</span> <span class='ocrx_word' id='word_1_199' title='bbox 2325 3154 2574 3209; x_wconf 89' lang='lat' dir='ltr'>circulos</span> <span class='ocrx_word' id='word_1_200' title='bbox 2623 3155 3121 3210; x_wconf 84' lang='lat' dir='ltr'>hebdomadarum</span> 
     </span>
    </p>
   </div>
   <div class='ocr_carea' id='block_1_34' title="bbox 1475 3243 3124 3316">
    <p class='ocr_par' dir='ltr' id='par_1_34' title="bbox 1475 3243 3124 3316">
     <span class='ocr_line' id='line_1_34' title="bbox 1475 3243 3124 3316; baseline 0 -19"><span class='ocrx_word' id='word_1_201' title='bbox 1475 3243 1663 3316; x_wconf 86' lang='lat' dir='ltr'>ipsius</span> <span class='ocrx_word' id='word_1_202' title='bbox 1693 3243 1803 3300; x_wconf 90' lang='lat' dir='ltr'>diei</span> <span class='ocrx_word' id='word_1_203' title='bbox 1839 3243 2153 3316; x_wconf 82' lang='lat' dir='ltr'>imaginem</span> <span class='ocrx_word' id='word_1_204' title='bbox 2175 3244 2708 3314; x_wconf 79' lang='lat' dir='ltr'>frequentamus,ac</span> <span class='ocrx_word' id='word_1_205' title='bbox 2727 3243 2774 3296; x_wconf 89' lang='lat' dir='ltr'>si</span> <span class='ocrx_word' id='word_1_206' title='bbox 2799 3248 2960 3299; x_wconf 76' lang='lat' dir='ltr'>sexta</span> <span class='ocrx_word' id='word_1_207' title='bbox 2984 3244 3124 3298; x_wconf 78' lang='lat' dir='ltr'>feria</span> 
     </span>
    </p>
   </div>
   <div class='ocr_carea' id='block_1_35' title="bbox 1473 3332 3120 3406">
    <p class='ocr_par' dir='ltr' id='par_1_35' title="bbox 1473 3332 3120 3406">
     <span class='ocr_line' id='line_1_35' title="bbox 1473 3332 3120 3406; baseline -0.001 -18"><span class='ocrx_word' id='word_1_208' title='bbox 1473 3337 1707 3406; x_wconf 86' lang='lat' dir='ltr'>propter</span> <span class='ocrx_word' id='word_1_209' title='bbox 1753 3333 2088 3405; x_wconf 84' lang='lat' dir='ltr'>passionem</span> <span class='ocrx_word' id='word_1_210' title='bbox 2130 3332 2362 3388; x_wconf 88' lang='lat' dir='ltr'>Domini</span> <span class='ocrx_word' id='word_1_211' title='bbox 2404 3332 2772 3402; x_wconf 89' lang='lat' dir='ltr'>jejunamus,</span> <span class='ocrx_word' id='word_1_212' title='bbox 2803 3333 3120 3387; x_wconf 81' lang='lat' dir='ltr'>Sabbatum</span> 
     </span>
    </p>
   </div>
   <div class='ocr_carea' id='block_1_36' title="bbox 3239 752 4904 825">
    <p class='ocr_par' dir='ltr' id='par_1_36' title="bbox 3239 752 4904 825">
     <span class='ocr_line' id='line_1_36' title="bbox 3239 752 4904 825; baseline -0.001 -17"><span class='ocrx_word' id='word_1_213' title='bbox 3239 754 3423 808; x_wconf 85' lang='lat' dir='ltr'>Latini</span> <span class='ocrx_word' id='word_1_214' title='bbox 3459 755 3671 824; x_wconf 80' lang='lat' dir='ltr'>quibus</span> <span class='ocrx_word' id='word_1_215' title='bbox 3707 752 3999 824; x_wconf 79' lang='lat' dir='ltr'>incngnita</span> <span class='ocrx_word' id='word_1_216' title='bbox 4028 759 4151 808; x_wconf 87' lang='lat' dir='ltr'>erat</span> <span class='ocrx_word' id='word_1_217' title='bbox 4195 753 4393 808; x_wconf 66' lang='lat' dir='ltr'>Graeca</span> <span class='ocrx_word' id='word_1_218' title='bbox 4423 771 4435 808; x_wconf 95' lang='lat'>:</span> <span class='ocrx_word' id='word_1_219' title='bbox 4471 753 4726 809; x_wconf 88' lang='lat' dir='ltr'>alteram</span> <span class='ocrx_word' id='word_1_220' title='bbox 4771 769 4904 825; x_wconf 85' lang='lat' dir='ltr'>pro-</span> 
     </span>
    </p>
   </div>
   <div class='ocr_carea' id='block_1_37' title="bbox 3236 841 4904 914">
    <p class='ocr_par' dir='ltr' id='par_1_37' title="bbox 3236 841 4904 914">
     <span class='ocr_line' id='line_1_37' title="bbox 3236 841 4904 914; baseline -0.002 -16"><span class='ocrx_word' id='word_1_221' title='bbox 3236 849 3322 898; x_wconf 90' lang='lat' dir='ltr'>ter</span> <span class='ocrx_word' id='word_1_222' title='bbox 3355 843 3798 898; x_wconf 88' lang='lat' dir='ltr'>unanimitatem</span> <span class='ocrx_word' id='word_1_223' title='bbox 3829 842 4134 913; x_wconf 88' lang='lat' dir='ltr'>utriusque</span> <span class='ocrx_word' id='word_1_224' title='bbox 4166 841 4387 914; x_wconf 89' lang='lat' dir='ltr'>populi.</span> <span class='ocrx_word' id='word_1_225' title='bbox 4423 841 4755 898; x_wconf 86' lang='lat' dir='ltr'>Duodecim</span> <span class='ocrx_word' id='word_1_226' title='bbox 4789 841 4904 897; x_wconf 84' lang='lat' dir='ltr'>Iec-</span> 
     </span>
    </p>
   </div>
   <div class='ocr_carea' id='block_1_38' title="bbox 3236 929 4913 1004">
    <p class='ocr_par' dir='ltr' id='par_1_38' title="bbox 3236 929 4913 1004">
     <span class='ocr_line' id='line_1_38' title="bbox 3236 929 4913 1004; baseline 0.001 -20"><span class='ocrx_word' id='word_1_227' title='bbox 3236 932 3421 986; x_wconf 89' lang='lat' dir='ltr'>tiones</span> <span class='ocrx_word' id='word_1_228' title='bbox 3452 932 3728 985; x_wconf 88' lang='lat' dir='ltr'>dicuntur</span> <span class='ocrx_word' id='word_1_229' title='bbox 3750 935 3985 1002; x_wconf 88' lang='lat' dir='ltr'>propter</span> <span class='ocrx_word' id='word_1_230' title='bbox 4012 929 4318 985; x_wconf 88' lang='lat' dir='ltr'>duodecim</span> <span class='ocrx_word' id='word_1_231' title='bbox 4347 929 4616 1002; x_wconf 86' lang='lat' dir='ltr'>lectores,</span> <span class='ocrx_word' id='word_1_232' title='bbox 4631 948 4756 988; x_wconf 90' lang='lat' dir='ltr'>non</span> <span class='ocrx_word' id='word_1_233' title='bbox 4783 948 4913 1004; x_wconf 89' lang='lat' dir='ltr'>pro-</span> 
     </span>
    </p>
   </div>
   <div class='ocr_carea' id='block_1_39' title="bbox 3237 1018 4911 1091">
    <p class='ocr_par' dir='ltr' id='par_1_39' title="bbox 3237 1018 4911 1091">
     <span class='ocr_line' id='line_1_39' title="bbox 3237 1018 4911 1091; baseline 0.001 -19"><span class='ocrx_word' id='word_1_234' title='bbox 3237 1024 3362 1091; x_wconf 88' lang='lat' dir='ltr'>pter</span> <span class='ocrx_word' id='word_1_235' title='bbox 3391 1019 3696 1073; x_wconf 83' lang='lat' dir='ltr'>duodecim</span> <span class='ocrx_word' id='word_1_236' title='bbox 3731 1019 4150 1074; x_wconf 89' lang='lat' dir='ltr'>sententiarum</span> <span class='ocrx_word' id='word_1_237' title='bbox 4183 1019 4512 1076; x_wconf 81' lang='lat' dir='ltr'>varietates.</span> <span class='ocrx_word' id='word_1_238' title='bbox 4547 1020 4662 1075; x_wconf 80' lang='lat' dir='ltr'>Sex</span> <span class='ocrx_word' id='word_1_239' title='bbox 4709 1018 4911 1074; x_wconf 87' lang='lat' dir='ltr'>lectio-</span> 
     </span>
    </p>
   </div>
   <div class='ocr_carea' id='block_1_40' title="bbox 3239 1107 4910 1181">
    <p class='ocr_par' dir='ltr' id='par_1_40' title="bbox 3239 1107 4910 1181">
     <span class='ocr_line' id='line_1_40' title="bbox 3239 1107 4910 1181; baseline 0 -19"><span class='ocrx_word' id='word_1_240' title='bbox 3239 1125 3340 1164; x_wconf 91' lang='lat' dir='ltr'>nes</span> <span class='ocrx_word' id='word_1_241' title='bbox 3371 1112 3507 1163; x_wconf 91' lang='lat' dir='ltr'>sunt</span> <span class='ocrx_word' id='word_1_242' title='bbox 3538 1108 3942 1162; x_wconf 85' lang='lat' dir='ltr'>tantummodo</span> <span class='ocrx_word' id='word_1_243' title='bbox 3975 1107 4032 1162; x_wconf 92' lang='lat' dir='ltr'>in</span> <span class='ocrx_word' id='word_1_244' title='bbox 4066 1107 4398 1162; x_wconf 88' lang='lat' dir='ltr'>sententiis.</span> <span class='ocrx_word' id='word_1_245' title='bbox 4424 1107 4628 1181; x_wconf 83' lang='lat' dir='ltr'>Neque</span> <span class='ocrx_word' id='word_1_246' title='bbox 4659 1108 4834 1164; x_wconf 90' lang='lat' dir='ltr'>enim</span> <span class='ocrx_word' id='word_1_247' title='bbox 4863 1108 4910 1163; x_wconf 90' lang='lat' dir='ltr'>si</span> 
     </span>
    </p>
   </div>
   <div class='ocr_carea' id='block_1_41' title="bbox 3236 1196 4908 1268">
    <p class='ocr_par' dir='ltr' id='par_1_41' title="bbox 3236 1196 4908 1268">
     <span class='ocr_line' id='line_1_41' title="bbox 3236 1196 4908 1268; baseline 0.001 -18"><span class='ocrx_word' id='word_1_248' title='bbox 3236 1196 3556 1251; x_wconf 79' lang='lat' dir='ltr'>dixerimus</span> <span class='ocrx_word' id='word_1_249' title='bbox 3581 1214 3772 1260; x_wconf 89' lang='lat' dir='ltr'>amen,</span> <span class='ocrx_word' id='word_1_250' title='bbox 3805 1213 4027 1263; x_wconf 91' lang='lat' dir='ltr'>verum,</span> <span class='ocrx_word' id='word_1_251' title='bbox 4055 1203 4360 1268; x_wconf 85' lang='lat' dir='ltr'>propterea</span> <span class='ocrx_word' id='word_1_252' title='bbox 4389 1196 4541 1253; x_wconf 89' lang='lat' dir='ltr'>duas</span> <span class='ocrx_word' id='word_1_253' title='bbox 4582 1196 4908 1252; x_wconf 82' lang='lat' dir='ltr'>varietates</span> 
     </span>
    </p>
   </div>
   <div class='ocr_carea' id='block_1_42' title="bbox 3238 1284 4904 1354">
    <p class='ocr_par' dir='ltr' id='par_1_42' title="bbox 3238 1284 4904 1354">
     <span class='ocr_line' id='line_1_42' title="bbox 3238 1284 4904 1354; baseline 0.001 -16"><span class='ocrx_word' id='word_1_254' title='bbox 3238 1284 3558 1354; x_wconf 79' lang='lat' dir='ltr'>intelligere</span> <span class='ocrx_word' id='word_1_255' title='bbox 3591 1285 3872 1340; x_wconf 76' lang='lat' dir='ltr'>debemus</span> <span class='ocrx_word' id='word_1_256' title='bbox 3907 1285 4008 1340; x_wconf 90' lang='lat' dir='ltr'>sed</span> <span class='ocrx_word' id='word_1_257' title='bbox 4043 1301 4241 1340; x_wconf 89' lang='lat' dir='ltr'>unam.</span> <span class='ocrx_word' id='word_1_258' title='bbox 4270 1308 4297 1334; x_wconf 73' lang='grc' dir='ltr'>υ</span> <span class='ocrx_word' id='word_1_259' title='bbox 4326 1285 4436 1342; x_wconf 90' lang='lat' dir='ltr'>Sed</span> <span class='ocrx_word' id='word_1_260' title='bbox 4467 1285 4540 1341; x_wconf 90' lang='lat' dir='ltr'>de</span> <span class='ocrx_word' id='word_1_261' title='bbox 4570 1285 4667 1343; x_wconf 88' lang='lat' dir='ltr'>bis</span> <span class='ocrx_word' id='word_1_262' title='bbox 4700 1286 4904 1342; x_wconf 87' lang='lat' dir='ltr'>hacte-</span> 
     </span>
    </p>
   </div>
   <div class='ocr_carea' id='block_1_43' title="bbox 3239 1373 4352 1445">
    <p class='ocr_par' dir='ltr' id='par_1_43' title="bbox 3239 1373 4352 1445">
     <span class='ocr_line' id='line_1_43' title="bbox 3239 1373 4352 1445; baseline 0.001 -17"><span class='ocrx_word' id='word_1_263' title='bbox 3239 1391 3369 1429; x_wconf 89' lang='lat' dir='ltr'>nus.</span> <span class='ocrx_word' id='word_1_264' title='bbox 3404 1374 3567 1428; x_wconf 78' lang='lat' dir='ltr'>Nunc</span> <span class='ocrx_word' id='word_1_265' title='bbox 3590 1374 3660 1428; x_wconf 87' lang='lat' dir='ltr'>ad</span> <span class='ocrx_word' id='word_1_266' title='bbox 3695 1373 3992 1445; x_wconf 89' lang='lat' dir='ltr'>proposita</span> <span class='ocrx_word' id='word_1_267' title='bbox 4021 1374 4352 1429; x_wconf 85' lang='lat' dir='ltr'>redeamus.</span> 
     </span>
    </p>
   </div>
   <div class='ocr_carea' id='block_1_44' title="bbox 3882 1498 4246 1555">
    <p class='ocr_par' dir='ltr' id='par_1_44' title="bbox 3882 1498 4246 1555">
     <span class='ocr_line' id='line_1_44' title="bbox 3882 1498 4246 1555; baseline 0 -1"><span class='ocrx_word' id='word_1_268' title='bbox 3882 1498 4112 1555; x_wconf 85' lang='lat' dir='ltr'>CAPUT</span> <span class='ocrx_word' id='word_1_269' title='bbox 4152 1498 4246 1555; x_wconf 87' lang='lat' dir='ltr'>IV.</span> 
     </span>
    </p>
   </div>
   <div class='ocr_carea' id='block_1_45' title="bbox 3238 1587 4907 1662">
    <p class='ocr_par' dir='ltr' id='par_1_45' title="bbox 3238 1587 4907 1662">
     <span class='ocr_line' id='line_1_45' title="bbox 3238 1587 4907 1662; baseline -0.002 -16"><span class='ocrx_word' id='word_1_270' title='bbox 3238 1591 3426 1647; x_wconf 76' lang='lat' dir='ltr'>Utrum</span> <span class='ocrx_word' id='word_1_271' title='bbox 3459 1590 3643 1662; x_wconf 73' lang='lat' dir='ltr'>statim</span> <span class='ocrx_word' id='word_1_272' title='bbox 3675 1589 3729 1642; x_wconf 83' lang='lat' dir='ltr'>in</span> <span class='ocrx_word' id='word_1_273' title='bbox 3751 1589 3930 1658; x_wconf 85' lang='lat' dir='ltr'>primo</span> <span class='ocrx_word' id='word_1_274' title='bbox 3960 1587 4190 1643; x_wconf 84' lang='lat' dir='ltr'>Sabbato</span> <span class='ocrx_word' id='word_1_275' title='bbox 4216 1589 4403 1645; x_wconf 73' lang='lat' dir='ltr'>Martii</span> <span class='ocrx_word' id='word_1_276' title='bbox 4415 1598 4489 1644; x_wconf 80' lang='lat' dir='ltr'>stt</span> <span class='ocrx_word' id='word_1_277' title='bbox 4505 1589 4907 1662; x_wconf 72' lang='lat' dir='ltr'>jejunandum,</span> 
     </span>
    </p>
   </div>
   <div class='ocr_carea' id='block_1_46' title="bbox 3305 1660 4910 1732">
    <p class='ocr_par' dir='ltr' id='par_1_46' title="bbox 3305 1660 4910 1732">
     <span class='ocr_line' id='line_1_46' title="bbox 3305 1660 4910 1732; baseline 0.001 -17"><span class='ocrx_word' id='word_1_278' title='bbox 3305 1663 3523 1715; x_wconf 73' lang='lat' dir='ltr'>etiamsi</span> <span class='ocrx_word' id='word_1_279' title='bbox 3554 1660 3693 1713; x_wconf 75' lang='lat' dir='ltr'>idem</span> <span class='ocrx_word' id='word_1_280' title='bbox 3724 1663 3922 1713; x_wconf 60' lang='grc' dir='ltr'>Μέντης</span> <span class='ocrx_word' id='word_1_281' title='bbox 3952 1664 4169 1732; x_wconf 75' lang='lat' dir='ltr'>quinta,</span> <span class='ocrx_word' id='word_1_282' title='bbox 4199 1670 4349 1715; x_wconf 62' lang='lat' dir='ltr'>sarta</span> <span class='ocrx_word' id='word_1_283' title='bbox 4380 1669 4480 1716; x_wconf 78' lang='lat' dir='ltr'>aut</span> <span class='ocrx_word' id='word_1_284' title='bbox 4494 1660 4735 1732; x_wconf 69' lang='lat' dir='ltr'>septima</span> <span class='ocrx_word' id='word_1_285' title='bbox 4757 1665 4910 1732; x_wconf 79' lang='lat' dir='ltr'>feria</span> 
     </span>
    </p>
   </div>
   <div class='ocr_carea' id='block_1_47' title="bbox 3308 1732 4910 1805">
    <p class='ocr_par' dir='ltr' id='par_1_47' title="bbox 3308 1732 4910 1805">
     <span class='ocr_line' id='line_1_47' title="bbox 3308 1732 4910 1805; baseline 0.001 -19"><span class='ocrx_word' id='word_1_286' title='bbox 3308 1735 3557 1802; x_wconf 62' lang='lat' dir='ltr'>incipiat,</span> <span class='ocrx_word' id='word_1_287' title='bbox 3590 1733 3769 1805; x_wconf 57' lang='lat' dir='ltr'>quin</span> <span class='ocrx_word' id='word_1_288' title='bbox 3815 1732 3970 1805; x_wconf 71' lang='lat' dir='ltr'>aliud</span> <span class='ocrx_word' id='word_1_289' title='bbox 4017 1732 4316 1787; x_wconf 70' lang='lat' dir='ltr'>Sabbatum</span> <span class='ocrx_word' id='word_1_290' title='bbox 4360 1738 4586 1804; x_wconf 82' lang='lat' dir='ltr'>propter</span> <span class='ocrx_word' id='word_1_291' title='bbox 4633 1739 4910 1805; x_wconf 79' lang='lat' dir='ltr'>quartum</span> 
     </span>
    </p>
   </div>
   <div class='ocr_carea' id='block_1_48' title="bbox 3301 1802 4040 1873">
    <p class='ocr_par' dir='ltr' id='par_1_48' title="bbox 3301 1802 4040 1873">
     <span class='ocr_line' id='line_1_48' title="bbox 3301 1802 4040 1873; baseline -0.001 -16"><span class='ocrx_word' id='word_1_292' title='bbox 3301 1806 3501 1873; x_wconf 68' lang='lat' dir='ltr'>ﬂ’rium</span> <span class='ocrx_word' id='word_1_293' title='bbox 3534 1805 3601 1856; x_wconf 79' lang='lat' dir='ltr'>sit</span> <span class='ocrx_word' id='word_1_294' title='bbox 3632 1802 3992 1872; x_wconf 54' lang='lat' dir='ltr'>differendum</span> <span class='ocrx_word' id='word_1_295' title='bbox 4012 1807 4040 1856; x_wconf 87' lang='lat'><strong><em>?</em></strong></span> 
     </span>
    </p>
   </div>
   <div class='ocr_carea' id='block_1_49' title="bbox 3305 1907 4913 1974">
    <p class='ocr_par' dir='ltr' id='par_1_49' title="bbox 3305 1907 4913 1974">
     <span class='ocr_line' id='line_1_49' title="bbox 3305 1907 4913 1974; baseline 0.003 -12"><span class='ocrx_word' id='word_1_296' title='bbox 3305 1909 3522 1974; x_wconf 71' lang='lat' dir='ltr'>Qumtin</span> <span class='ocrx_word' id='word_1_297' title='bbox 3557 1908 3743 1973; x_wconf 88' lang='lat' dir='ltr'>tua,si</span> <span class='ocrx_word' id='word_1_298' title='bbox 3790 1909 3897 1963; x_wconf 88' lang='lat' dir='ltr'>rite</span> <span class='ocrx_word' id='word_1_299' title='bbox 3948 1909 4237 1974; x_wconf 85' lang='lat' dir='ltr'>recordor,</span> <span class='ocrx_word' id='word_1_300' title='bbox 4262 1907 4397 1965; x_wconf 89' lang='lat' dir='ltr'>talis</span> <span class='ocrx_word' id='word_1_301' title='bbox 4443 1914 4570 1966; x_wconf 90' lang='lat' dir='ltr'>erat</span> <span class='ocrx_word' id='word_1_302' title='bbox 4604 1927 4619 1966; x_wconf 89' lang='lat'><strong>:</strong></span> <span class='ocrx_word' id='word_1_303' title='bbox 4651 1910 4913 1968; x_wconf 89' lang='lat' dir='ltr'>Utrum-</span> 
     </span>
    </p>
   </div>
   <div class='ocr_carea' id='block_1_50' title="bbox 3156 1996 4911 2102">
    <p class='ocr_par' dir='ltr' id='par_1_50' title="bbox 3156 1996 4911 2102">
     <span class='ocr_line' id='line_1_50' title="bbox 3156 1996 4911 2102; baseline 0.002 -50"><span class='ocrx_word' id='word_1_304' title='bbox 3156 2039 3202 2102; x_wconf 72' lang='grc' dir='ltr'><strong>Β</strong></span> <span class='ocrx_word' id='word_1_305' title='bbox 3234 2015 3369 2052; x_wconf 89' lang='lat' dir='ltr'>nam</span> <span class='ocrx_word' id='word_1_306' title='bbox 3390 1997 3586 2052; x_wconf 89' lang='lat' dir='ltr'>statim</span> <span class='ocrx_word' id='word_1_307' title='bbox 3609 1999 3667 2052; x_wconf 92' lang='lat' dir='ltr'>in</span> <span class='ocrx_word' id='word_1_308' title='bbox 3688 1996 3874 2069; x_wconf 88' lang='lat' dir='ltr'>primo</span> <span class='ocrx_word' id='word_1_309' title='bbox 3891 1999 4145 2052; x_wconf 89' lang='lat' dir='ltr'>Sabbato</span> <span class='ocrx_word' id='word_1_310' title='bbox 4159 1999 4347 2054; x_wconf 79' lang='lat' dir='ltr'>Martii</span> <span class='ocrx_word' id='word_1_311' title='bbox 4369 1999 4446 2054; x_wconf 91' lang='lat' dir='ltr'>sit</span> <span class='ocrx_word' id='word_1_312' title='bbox 4465 1999 4911 2070; x_wconf 87' lang='lat' dir='ltr'>jejunandum,</span> 
     </span>
    </p>
   </div>
   <div class='ocr_carea' id='block_1_51' title="bbox 3231 2087 4906 2160">
    <p class='ocr_par' dir='ltr' id='par_1_51' title="bbox 3231 2087 4906 2160">
     <span class='ocr_line' id='line_1_51' title="bbox 3231 2087 4906 2160; baseline 0.003 -20"><span class='ocrx_word' id='word_1_313' title='bbox 3231 2087 3460 2141; x_wconf 87' lang='lat' dir='ltr'>etiamsi</span> <span class='ocrx_word' id='word_1_314' title='bbox 3488 2087 3636 2140; x_wconf 88' lang='lat' dir='ltr'>idem</span> <span class='ocrx_word' id='word_1_315' title='bbox 3665 2087 3884 2141; x_wconf 86' lang='lat' dir='ltr'>mensis</span> <span class='ocrx_word' id='word_1_316' title='bbox 3907 2088 4302 2158; x_wconf 83' lang='lat' dir='ltr'>quinta,sexta</span> <span class='ocrx_word' id='word_1_317' title='bbox 4331 2092 4433 2142; x_wconf 91' lang='lat' dir='ltr'>aut</span> <span class='ocrx_word' id='word_1_318' title='bbox 4464 2088 4729 2160; x_wconf 89' lang='lat' dir='ltr'>septima</span> <span class='ocrx_word' id='word_1_319' title='bbox 4755 2089 4906 2145; x_wconf 77' lang='lat' dir='ltr'>feria</span> 
     </span>
    </p>
   </div>
   <div class='ocr_carea' id='block_1_52' title="bbox 3232 2175 4910 2250">
    <p class='ocr_par' dir='ltr' id='par_1_52' title="bbox 3232 2175 4910 2250">
     <span class='ocr_line' id='line_1_52' title="bbox 3232 2175 4910 2250; baseline 0.004 -22"><span class='ocrx_word' id='word_1_320' title='bbox 3232 2175 3491 2247; x_wconf 87' lang='lat' dir='ltr'>incipiat,</span> <span class='ocrx_word' id='word_1_321' title='bbox 3511 2194 3582 2230; x_wconf 88' lang='lat' dir='ltr'>an</span> <span class='ocrx_word' id='word_1_322' title='bbox 3621 2176 3674 2228; x_wconf 89' lang='lat' dir='ltr'>in</span> <span class='ocrx_word' id='word_1_323' title='bbox 3703 2175 3860 2230; x_wconf 88' lang='lat' dir='ltr'>aliud</span> <span class='ocrx_word' id='word_1_324' title='bbox 3892 2177 4208 2231; x_wconf 88' lang='lat' dir='ltr'>Sabbatum</span> <span class='ocrx_word' id='word_1_325' title='bbox 4239 2181 4474 2248; x_wconf 88' lang='lat' dir='ltr'>propter</span> <span class='ocrx_word' id='word_1_326' title='bbox 4501 2183 4789 2250; x_wconf 82' lang='lat' dir='ltr'>quartam</span> <span class='ocrx_word' id='word_1_327' title='bbox 4818 2181 4910 2235; x_wconf 82' lang='lat' dir='ltr'>fe-</span> 
     </span>
    </p>
   </div>
   <div class='ocr_carea' id='block_1_53' title="bbox 3231 2264 4904 2337">
    <p class='ocr_par' dir='ltr' id='par_1_53' title="bbox 3231 2264 4904 2337">
     <span class='ocr_line' id='line_1_53' title="bbox 3231 2264 4904 2337; baseline 0.004 -19"><span class='ocrx_word' id='word_1_328' title='bbox 3231 2265 3375 2319; x_wconf 88' lang='lat' dir='ltr'>riam</span> <span class='ocrx_word' id='word_1_329' title='bbox 3405 2265 3480 2318; x_wconf 82' lang='lat' dir='ltr'>sit</span> <span class='ocrx_word' id='word_1_330' title='bbox 3498 2264 3928 2319; x_wconf 70' lang='lat' dir='ltr'>dill‘erendum?</span> <span class='ocrx_word' id='word_1_331' title='bbox 3950 2266 4033 2320; x_wconf 82' lang='lat' dir='ltr'>Ad</span> <span class='ocrx_word' id='word_1_332' title='bbox 4059 2267 4210 2337; x_wconf 90' lang='lat' dir='ltr'>quod</span> <span class='ocrx_word' id='word_1_333' title='bbox 4237 2267 4340 2320; x_wconf 91' lang='lat' dir='ltr'>tibi</span> <span class='ocrx_word' id='word_1_334' title='bbox 4363 2282 4432 2322; x_wconf 83' lang='lat' dir='ltr'>ex</span> <span class='ocrx_word' id='word_1_335' title='bbox 4457 2269 4904 2324; x_wconf 88' lang='lat' dir='ltr'>consuetudine</span> 
     </span>
    </p>
   </div>
   <div class='ocr_carea' id='block_1_54' title="bbox 3230 2353 4908 2426">
    <p class='ocr_par' dir='ltr' id='par_1_54' title="bbox 3230 2353 4908 2426">
     <span class='ocr_line' id='line_1_54' title="bbox 3230 2353 4908 2426; baseline 0.004 -18"><span class='ocrx_word' id='word_1_336' title='bbox 3230 2358 3441 2409; x_wconf 73' lang='lat' dir='ltr'>sancta:</span> <span class='ocrx_word' id='word_1_337' title='bbox 3476 2353 3759 2419; x_wconf 67' lang='lat' dir='ltr'>Ecclesiae,</span> <span class='ocrx_word' id='word_1_338' title='bbox 3795 2371 3920 2424; x_wconf 67' lang='lat' dir='ltr'>quae</span> <span class='ocrx_word' id='word_1_339' title='bbox 3971 2371 4073 2426; x_wconf 91' lang='lat' dir='ltr'>pro</span> <span class='ocrx_word' id='word_1_340' title='bbox 4126 2355 4380 2410; x_wconf 81' lang='lat' dir='ltr'>maxima</span> <span class='ocrx_word' id='word_1_341' title='bbox 4421 2356 4783 2413; x_wconf 82' lang='lat' dir='ltr'>auctoritate</span> <span class='ocrx_word' id='word_1_342' title='bbox 4819 2364 4908 2414; x_wconf 85' lang='lat' dir='ltr'>te-</span> 
     </span>
    </p>
   </div>
   <div class='ocr_carea' id='block_1_55' title="bbox 3231 2443 4908 2517">
    <p class='ocr_par' dir='ltr' id='par_1_55' title="bbox 3231 2443 4908 2517">
     <span class='ocr_line' id='line_1_55' title="bbox 3231 2443 4908 2517; baseline 0.004 -21"><span class='ocrx_word' id='word_1_343' title='bbox 3231 2444 3420 2498; x_wconf 86' lang='lat' dir='ltr'>nenda</span> <span class='ocrx_word' id='word_1_344' title='bbox 3437 2448 3542 2507; x_wconf 89' lang='lat' dir='ltr'>est,</span> <span class='ocrx_word' id='word_1_345' title='bbox 3571 2443 3914 2514; x_wconf 87' lang='lat' dir='ltr'>respondeo,</span> <span class='ocrx_word' id='word_1_346' title='bbox 3939 2444 4091 2514; x_wconf 91' lang='lat' dir='ltr'>quod</span> <span class='ocrx_word' id='word_1_347' title='bbox 4117 2444 4339 2515; x_wconf 85' lang='lat' dir='ltr'>absque</span> <span class='ocrx_word' id='word_1_348' title='bbox 4359 2443 4479 2500; x_wconf 89' lang='lat' dir='ltr'>ulla</span> <span class='ocrx_word' id='word_1_349' title='bbox 4500 2445 4908 2517; x_wconf 80' lang='lat' dir='ltr'>refragatione</span> 
     </span>
    </p>
   </div>
   <div class='ocr_carea' id='block_1_56' title="bbox 3228 2531 4907 2607">
    <p class='ocr_par' dir='ltr' id='par_1_56' title="bbox 3228 2531 4907 2607">
     <span class='ocr_line' id='line_1_56' title="bbox 3228 2531 4907 2607; baseline 0.002 -20"><span class='ocrx_word' id='word_1_350' title='bbox 3228 2550 3460 2604; x_wconf 87' lang='lat' dir='ltr'>semper</span> <span class='ocrx_word' id='word_1_351' title='bbox 3480 2531 3746 2602; x_wconf 86' lang='lat' dir='ltr'>ejusdem</span> <span class='ocrx_word' id='word_1_352' title='bbox 3779 2531 3999 2587; x_wconf 85' lang='lat' dir='ltr'>mensis</span> <span class='ocrx_word' id='word_1_353' title='bbox 4031 2539 4240 2603; x_wconf 90' lang='lat' dir='ltr'>quarta</span> <span class='ocrx_word' id='word_1_354' title='bbox 4272 2533 4417 2588; x_wconf 81' lang='lat' dir='ltr'>feria</span> <span class='ocrx_word' id='word_1_355' title='bbox 4442 2533 4657 2589; x_wconf 85' lang='lat' dir='ltr'>debeat</span> <span class='ocrx_word' id='word_1_356' title='bbox 4699 2552 4907 2607; x_wconf 79' lang='lat' dir='ltr'>exspe&#39;</span> 
     </span>
    </p>
   </div>
   <div class='ocr_carea' id='block_1_57' title="bbox 3229 2619 4898 2694">
    <p class='ocr_par' dir='ltr' id='par_1_57' title="bbox 3229 2619 4898 2694">
     <span class='ocr_line' id='line_1_57' title="bbox 3229 2619 4898 2694; baseline 0.002 -20"><span class='ocrx_word' id='word_1_357' title='bbox 3229 2621 3672 2692; x_wconf 81' lang='lat' dir='ltr'>ctari,quoniam</span> <span class='ocrx_word' id='word_1_358' title='bbox 3707 2619 3856 2674; x_wconf 83' lang='lat' dir='ltr'>idem</span> <span class='ocrx_word' id='word_1_359' title='bbox 3883 2622 4180 2691; x_wconf 87' lang='lat' dir='ltr'>jejunium</span> <span class='ocrx_word' id='word_1_360' title='bbox 4205 2622 4360 2693; x_wconf 88' lang='lat' dir='ltr'>quod</span> <span class='ocrx_word' id='word_1_361' title='bbox 4393 2627 4603 2694; x_wconf 89' lang='lat' dir='ltr'>quarta</span> <span class='ocrx_word' id='word_1_362' title='bbox 4631 2623 4788 2678; x_wconf 79' lang='lat' dir='ltr'>feria</span> <span class='ocrx_word' id='word_1_363' title='bbox 4818 2627 4898 2679; x_wconf 88' lang='lat' dir='ltr'>in-</span> 
     </span>
    </p>
   </div>
   <div class='ocr_carea' id='block_1_58' title="bbox 3229 2710 4896 2782">
    <p class='ocr_par' dir='ltr' id='par_1_58' title="bbox 3229 2710 4896 2782">
     <span class='ocr_line' id='line_1_58' title="bbox 3229 2710 4896 2782; baseline 0.001 -16"><span class='ocrx_word' id='word_1_364' title='bbox 3229 2711 3442 2782; x_wconf 88' lang='lat' dir='ltr'>cipitur</span> <span class='ocrx_word' id='word_1_365' title='bbox 3466 2710 3716 2764; x_wconf 85' lang='lat' dir='ltr'>Sabbato</span> <span class='ocrx_word' id='word_1_366' title='bbox 3752 2711 3970 2775; x_wconf 76' lang='lat' dir='ltr'>finitur,</span> <span class='ocrx_word' id='word_1_367' title='bbox 4014 2727 4385 2782; x_wconf 87' lang='lat' dir='ltr'>nequaquam</span> <span class='ocrx_word' id='word_1_368' title='bbox 4421 2711 4752 2769; x_wconf 82' lang='lat' dir='ltr'>Februario</span> <span class='ocrx_word' id='word_1_369' title='bbox 4797 2716 4896 2768; x_wconf 87' lang='lat' dir='ltr'>sed</span> 
     </span>
    </p>
   </div>
   <div class='ocr_carea' id='block_1_59' title="bbox 3233 2798 4898 2869">
    <p class='ocr_par' dir='ltr' id='par_1_59' title="bbox 3233 2798 4898 2869">
     <span class='ocr_line' id='line_1_59' title="bbox 3233 2798 4898 2869; baseline 0.002 -15"><span class='ocrx_word' id='word_1_370' title='bbox 3233 2799 3437 2854; x_wconf 78' lang='lat' dir='ltr'>Martio</span> <span class='ocrx_word' id='word_1_371' title='bbox 3467 2802 3652 2853; x_wconf 88' lang='lat' dir='ltr'>totum</span> <span class='ocrx_word' id='word_1_372' title='bbox 3677 2799 3992 2869; x_wconf 83' lang='lat' dir='ltr'>deputatur</span> <span class='ocrx_word' id='word_1_373' title='bbox 4026 2815 4038 2852; x_wconf 93' lang='lat'><strong>:</strong></span> <span class='ocrx_word' id='word_1_374' title='bbox 4073 2816 4138 2854; x_wconf 87' lang='lat' dir='ltr'>ea</span> <span class='ocrx_word' id='word_1_375' title='bbox 4173 2798 4440 2854; x_wconf 82' lang='lat' dir='ltr'>videlicet</span> <span class='ocrx_word' id='word_1_376' title='bbox 4471 2799 4706 2856; x_wconf 88' lang='lat' dir='ltr'>ratione</span> <span class='ocrx_word' id='word_1_377' title='bbox 4743 2808 4812 2858; x_wconf 89' lang='lat' dir='ltr'>ut</span> <span class='ocrx_word' id='word_1_378' title='bbox 4847 2804 4898 2857; x_wconf 90' lang='lat' dir='ltr'>in</span> 
     </span>
    </p>
   </div>
   <div class='ocr_carea' id='block_1_60' title="bbox 3231 2887 4902 2957">
    <p class='ocr_par' dir='ltr' id='par_1_60' title="bbox 3231 2887 4902 2957">
     <span class='ocr_line' id='line_1_60' title="bbox 3231 2887 4902 2957; baseline 0.002 -14"><span class='ocrx_word' id='word_1_379' title='bbox 3231 2905 3296 2943; x_wconf 88' lang='lat' dir='ltr'>eo</span> <span class='ocrx_word' id='word_1_380' title='bbox 3321 2904 3518 2941; x_wconf 85' lang='lat' dir='ltr'>mense</span> <span class='ocrx_word' id='word_1_381' title='bbox 3539 2887 3791 2957; x_wconf 89' lang='lat' dir='ltr'>primum</span> <span class='ocrx_word' id='word_1_382' title='bbox 3811 2887 4104 2956; x_wconf 77' lang='lat' dir='ltr'>jejunium</span> <span class='ocrx_word' id='word_1_383' title='bbox 4131 2893 4393 2942; x_wconf 90' lang='lat' dir='ltr'>nostrum</span> <span class='ocrx_word' id='word_1_384' title='bbox 4419 2887 4674 2943; x_wconf 90' lang='lat' dir='ltr'>Domino</span> <span class='ocrx_word' id='word_1_385' title='bbox 4697 2906 4902 2946; x_wconf 81' lang='lat' dir='ltr'>conse-</span> 
     </span>
    </p>
   </div>
   <div class='ocr_carea' id='block_1_61' title="bbox 3231 2977 4903 3052">
    <p class='ocr_par' dir='ltr' id='par_1_61' title="bbox 3231 2977 4903 3052">
     <span class='ocr_line' id='line_1_61' title="bbox 3231 2977 4903 3052; baseline 0.002 -22"><span class='ocrx_word' id='word_1_386' title='bbox 3231 2977 3508 3045; x_wconf 89' lang='lat' dir='ltr'>cretur,in</span> <span class='ocrx_word' id='word_1_387' title='bbox 3543 2993 3657 3046; x_wconf 88' lang='lat' dir='ltr'>quo</span> <span class='ocrx_word' id='word_1_388' title='bbox 3691 2977 4040 3047; x_wconf 90' lang='lat' dir='ltr'>principium</span> <span class='ocrx_word' id='word_1_389' title='bbox 4068 2977 4203 3030; x_wconf 89' lang='lat' dir='ltr'>anni</span> <span class='ocrx_word' id='word_1_390' title='bbox 4231 2994 4296 3032; x_wconf 86' lang='lat' dir='ltr'>ac</span> <span class='ocrx_word' id='word_1_391' title='bbox 4320 2977 4446 3049; x_wconf 85' lang='lat' dir='ltr'>ipsa</span> <span class='ocrx_word' id='word_1_392' title='bbox 4476 2979 4703 3033; x_wconf 83' lang='lat' dir='ltr'>creatio</span> <span class='ocrx_word' id='word_1_393' title='bbox 4727 2982 4903 3052; x_wconf 67' lang='lat' dir='ltr'>coepit</span> 
     </span>
    </p>
   </div>
   <div class='ocr_carea' id='block_1_62' title="bbox 3233 3065 4902 3134">
    <p class='ocr_par' dir='ltr' id='par_1_62' title="bbox 3233 3065 4902 3134">
     <span class='ocr_line' id='line_1_62' title="bbox 3233 3065 4902 3134; baseline 0.002 -14"><span class='ocrx_word' id='word_1_394' title='bbox 3233 3065 3627 3120; x_wconf 82' lang='lat' dir='ltr'>mundi.L&#39;nde</span> <span class='ocrx_word' id='word_1_395' title='bbox 3652 3065 3757 3118; x_wconf 90' lang='lat' dir='ltr'>iste</span> <span class='ocrx_word' id='word_1_396' title='bbox 3781 3065 4065 3120; x_wconf 89' lang='lat' dir='ltr'>terminus</span> <span class='ocrx_word' id='word_1_397' title='bbox 4088 3065 4330 3122; x_wconf 70' lang='lat' dir='ltr'>firmiter</span> <span class='ocrx_word' id='word_1_398' title='bbox 4352 3071 4439 3122; x_wconf 86' lang='lat' dir='ltr'>est</span> <span class='ocrx_word' id='word_1_399' title='bbox 4457 3067 4902 3134; x_wconf 84' lang='lat' dir='ltr'>observandus,</span> 
     </span>
    </p>
   </div>
   <div class='ocr_carea' id='block_1_63' title="bbox 3231 3153 4904 3227">
    <p class='ocr_par' dir='ltr' id='par_1_63' title="bbox 3231 3153 4904 3227">
     <span class='ocr_line' id='line_1_63' title="bbox 3231 3153 4904 3227; baseline 0.002 -18"><span class='ocrx_word' id='word_1_400' title='bbox 3231 3160 3424 3222; x_wconf 90' lang='lat' dir='ltr'>ut,nec</span> <span class='ocrx_word' id='word_1_401' title='bbox 3448 3159 3579 3208; x_wconf 88' lang='lat' dir='ltr'>ante</span> <span class='ocrx_word' id='word_1_402' title='bbox 3602 3154 3861 3208; x_wconf 73' lang='lat' dir='ltr'>ivNonas</span> <span class='ocrx_word' id='word_1_403' title='bbox 3886 3153 4073 3208; x_wconf 85' lang='lat' dir='ltr'>Martii</span> <span class='ocrx_word' id='word_1_404' title='bbox 4101 3170 4204 3209; x_wconf 89' lang='lat' dir='ltr'>nec</span> <span class='ocrx_word' id='word_1_405' title='bbox 4229 3159 4358 3226; x_wconf 90' lang='lat' dir='ltr'>post</span> <span class='ocrx_word' id='word_1_406' title='bbox 4379 3171 4430 3208; x_wconf 74' lang='grc' dir='ltr'><strong>γι</strong></span> <span class='ocrx_word' id='word_1_407' title='bbox 4458 3155 4598 3211; x_wconf 81' lang='lat' dir='ltr'>Idus</span> <span class='ocrx_word' id='word_1_408' title='bbox 4624 3157 4904 3227; x_wconf 88' lang='lat' dir='ltr'>ejusdem</span> 
     </span>
    </p>
   </div>
   <div class='ocr_carea' id='block_1_64' title="bbox 3234 3241 4905 3314">
    <p class='ocr_par' dir='ltr' id='par_1_64' title="bbox 3234 3241 4905 3314">
     <span class='ocr_line' id='line_1_64' title="bbox 3234 3241 4905 3314; baseline 0.003 -17"><span class='ocrx_word' id='word_1_409' title='bbox 3234 3241 3694 3314; x_wconf 86' lang='lat' dir='ltr'>mensis,aliquis</span> <span class='ocrx_word' id='word_1_410' title='bbox 3717 3243 4826 3314; x_wconf 85' lang='lat' dir='ltr'>statuatSabbatumjejunandum,sed</span> <span class='ocrx_word' id='word_1_411' title='bbox 4850 3247 4905 3302; x_wconf 88' lang='lat' dir='ltr'>in</span> 
     </span>
    </p>
   </div>
   <div class='ocr_carea' id='block_1_65' title="bbox 3234 3332 4907 3405">
    <p class='ocr_par' dir='ltr' id='par_1_65' title="bbox 3234 3332 4907 3405">
     <span class='ocr_line' id='line_1_65' title="bbox 3234 3332 4907 3405; baseline 0.002 -19"><span class='ocrx_word' id='word_1_412' title='bbox 3234 3332 3325 3386; x_wconf 85' lang='lat' dir='ltr'>his</span> <span class='ocrx_word' id='word_1_413' title='bbox 3358 3338 3577 3403; x_wconf 78' lang='lat' dir='ltr'>septem</span> <span class='ocrx_word' id='word_1_414' title='bbox 3611 3332 4193 3402; x_wconf 89' lang='lat' dir='ltr'>diebus,ubicunque</span> <span class='ocrx_word' id='word_1_415' title='bbox 4217 3332 4470 3403; x_wconf 90' lang='lat' dir='ltr'>primum</span> <span class='ocrx_word' id='word_1_416' title='bbox 4504 3336 4802 3400; x_wconf 89' lang='lat' dir='ltr'>evenerit,</span> <span class='ocrx_word' id='word_1_417' title='bbox 4821 3338 4907 3405; x_wconf 85' lang='lat' dir='ltr'>je-</span> 
     </span>
    </p>
   </div>
   <div class='ocr_carea' id='block_1_66' title="bbox 1472 3403 4907 3496">
    <p class='ocr_par' dir='ltr' id='par_1_66' title="bbox 1472 3403 4907 3496">
     <span class='ocr_line' id='line_1_66' title="bbox 1472 3403 4907 3496; baseline 0.001 -19"><span class='ocrx_word' id='word_1_418' title='bbox 1472 3403 1913 3493; x_wconf 67' lang='lat' dir='ltr'>prietermittere</span> <span class='ocrx_word' id='word_1_419' title='bbox 1945 3438 2058 3476; x_wconf 93' lang='lat' dir='ltr'>non</span> <span class='ocrx_word' id='word_1_420' title='bbox 2092 3421 2511 3492; x_wconf 88' lang='lat' dir='ltr'>debemus,qui</span> <span class='ocrx_word' id='word_1_421' title='bbox 2545 3421 2698 3475; x_wconf 89' lang='lat' dir='ltr'>inter</span> <span class='ocrx_word' id='word_1_422' title='bbox 2719 3420 3018 3475; x_wconf 84' lang='lat' dir='ltr'>tristitiam</span> <span class='ocrx_word' id='word_1_423' title='bbox 3043 3425 3122 3474; x_wconf 91' lang='lat' dir='ltr'>at-</span> <span class='ocrx_word' id='word_1_424' title='bbox 3152 3403 3194 3471; x_wconf 62' lang='grc' dir='ltr'>(Ζ</span> <span class='ocrx_word' id='word_1_425' title='bbox 3227 3422 3438 3492; x_wconf 84' lang='lat' dir='ltr'>junare</span> <span class='ocrx_word' id='word_1_426' title='bbox 3464 3421 3611 3475; x_wconf 84' lang='lat' dir='ltr'>Iicite</span> <span class='ocrx_word' id='word_1_427' title='bbox 3641 3421 3874 3475; x_wconf 88' lang='lat' dir='ltr'>valebit.</span> <span class='ocrx_word' id='word_1_428' title='bbox 3911 3421 3989 3474; x_wconf 80' lang='lat' dir='ltr'>Ex</span> <span class='ocrx_word' id='word_1_429' title='bbox 4018 3437 4132 3491; x_wconf 92' lang='lat' dir='ltr'>quo</span> <span class='ocrx_word' id='word_1_430' title='bbox 4164 3420 4321 3476; x_wconf 90' lang='lat' dir='ltr'>velut</span> <span class='ocrx_word' id='word_1_431' title='bbox 4343 3420 4742 3478; x_wconf 84' lang='lat' dir='ltr'>intellectuali</span> <span class='ocrx_word' id='word_1_432' title='bbox 4767 3403 4907 3496; x_wconf 81' lang='lat' dir='ltr'>quo-</span> 
     </span>
    </p>
   </div>
   <div class='ocr_carea' id='block_1_67' title="bbox 1473 3508 3122 3583">
    <p class='ocr_par' dir='ltr' id='par_1_67' title="bbox 1473 3508 3122 3583">
     <span class='ocr_line' id='line_1_67' title="bbox 1473 3508 3122 3583; baseline -0.002 -15"><span class='ocrx_word' id='word_1_433' title='bbox 1473 3509 1866 3583; x_wconf 61' lang='lat' dir='ltr'>quelatitiam</span> <span class='ocrx_word' id='word_1_434' title='bbox 1901 3508 2179 3582; x_wconf 85' lang='lat' dir='ltr'>temporis</span> <span class='ocrx_word' id='word_1_435' title='bbox 2209 3509 2370 3563; x_wconf 91' lang='lat' dir='ltr'>illius</span> <span class='ocrx_word' id='word_1_436' title='bbox 2414 3510 2646 3564; x_wconf 89' lang='lat' dir='ltr'>videtur</span> <span class='ocrx_word' id='word_1_437' title='bbox 2677 3509 2962 3565; x_wconf 90' lang='lat' dir='ltr'>inclusus.</span> <span class='ocrx_word' id='word_1_438' title='bbox 2997 3532 3024 3560; x_wconf 70' lang='grc' dir='ltr'>ιι</span> <span class='ocrx_word' id='word_1_439' title='bbox 3061 3509 3122 3564; x_wconf 90' lang='lat' dir='ltr'>In</span> 
     </span>
    </p>
   </div>
   <div class='ocr_carea' id='block_1_68' title="bbox 1473 3597 3127 3671">
    <p class='ocr_par' dir='ltr' id='par_1_68' title="bbox 1473 3597 3127 3671">
     <span class='ocr_line' id='line_1_68' title="bbox 1473 3597 3127 3671; baseline 0 -19"><span class='ocrx_word' id='word_1_440' title='bbox 1473 3615 1589 3671; x_wconf 91' lang='lat' dir='ltr'>quo</span> <span class='ocrx_word' id='word_1_441' title='bbox 1620 3599 1798 3654; x_wconf 87' lang='lat' dir='ltr'>etiam</span> <span class='ocrx_word' id='word_1_442' title='bbox 1827 3598 2080 3653; x_wconf 88' lang='lat' dir='ltr'>Sabbato</span> <span class='ocrx_word' id='word_1_443' title='bbox 2108 3597 2469 3652; x_wconf 81' lang='lat' dir='ltr'>consecratis</span> <span class='ocrx_word' id='word_1_444' title='bbox 2492 3597 2763 3652; x_wconf 86' lang='lat' dir='ltr'>ordinum</span> <span class='ocrx_word' id='word_1_445' title='bbox 2783 3597 3127 3652; x_wconf 89' lang='lat' dir='ltr'>ecclesiasti-</span> 
     </span>
    </p>
   </div>
   <div class='ocr_carea' id='block_1_69' title="bbox 1476 3684 3125 3756">
    <p class='ocr_par' dir='ltr' id='par_1_69' title="bbox 1476 3684 3125 3756">
     <span class='ocr_line' id='line_1_69' title="bbox 1476 3684 3125 3756; baseline 0 -14"><span class='ocrx_word' id='word_1_446' title='bbox 1476 3701 1679 3742; x_wconf 90' lang='lat' dir='ltr'>corum</span> <span class='ocrx_word' id='word_1_447' title='bbox 1709 3685 2056 3752; x_wconf 89' lang='lat' dir='ltr'>celebratur,</span> <span class='ocrx_word' id='word_1_448' title='bbox 2090 3701 2330 3740; x_wconf 86' lang='lat' dir='ltr'>causam</span> <span class='ocrx_word' id='word_1_449' title='bbox 2379 3684 2558 3740; x_wconf 88' lang='lat' dir='ltr'>etiam</span> <span class='ocrx_word' id='word_1_450' title='bbox 2607 3687 2872 3756; x_wconf 89' lang='lat' dir='ltr'>ejusdem</span> <span class='ocrx_word' id='word_1_451' title='bbox 2919 3702 3125 3742; x_wconf 83' lang='lat' dir='ltr'>conse-</span> 
     </span>
    </p>
   </div>
   <div class='ocr_carea' id='block_1_70' title="bbox 1481 3773 3122 3845">
    <p class='ocr_par' dir='ltr' id='par_1_70' title="bbox 1481 3773 3122 3845">
     <span class='ocr_line' id='line_1_70' title="bbox 1481 3773 3122 3845; baseline 0.001 -15"><span class='ocrx_word' id='word_1_452' title='bbox 1481 3773 1764 3830; x_wconf 80' lang='lat' dir='ltr'>cretionis</span> <span class='ocrx_word' id='word_1_453' title='bbox 1791 3778 1994 3828; x_wconf 89' lang='lat' dir='ltr'>sancto</span> <span class='ocrx_word' id='word_1_454' title='bbox 2023 3774 2348 3845; x_wconf 85' lang='lat' dir='ltr'>Augustino</span> <span class='ocrx_word' id='word_1_455' title='bbox 2378 3773 2606 3828; x_wconf 89' lang='lat' dir='ltr'>dicente</span> <span class='ocrx_word' id='word_1_456' title='bbox 2637 3775 2710 3830; x_wconf 89' lang='lat' dir='ltr'>ad</span> <span class='ocrx_word' id='word_1_457' title='bbox 2739 3773 3082 3831; x_wconf 88' lang='lat' dir='ltr'>Januarium</span> <span class='ocrx_word' id='word_1_458' title='bbox 3110 3792 3122 3831; x_wconf 90' lang='lat'>:</span> 
     </span>
    </p>
   </div>
   <div class='ocr_carea' id='block_1_71' title="bbox 1480 3860 3126 3935">
    <p class='ocr_par' dir='ltr' id='par_1_71' title="bbox 1480 3860 3126 3935">
     <span class='ocr_line' id='line_1_71' title="bbox 1480 3860 3126 3935; baseline 0.004 -23"><span class='ocrx_word' id='word_1_459' title='bbox 1480 3885 1509 3912; x_wconf 87' lang='grc'>‹‹</span> <span class='ocrx_word' id='word_1_460' title='bbox 1543 3861 1890 3927; x_wconf 89' lang='lat' dir='ltr'>Sabbatum,</span> <span class='ocrx_word' id='word_1_461' title='bbox 1924 3860 2138 3932; x_wconf 83' lang='lat' dir='ltr'>inquit,</span> <span class='ocrx_word' id='word_1_462' title='bbox 2171 3862 2646 3917; x_wconf 90' lang='lat' dir='ltr'>commendatum</span> <span class='ocrx_word' id='word_1_463' title='bbox 2694 3866 2782 3917; x_wconf 88' lang='lat' dir='ltr'>est</span> <span class='ocrx_word' id='word_1_464' title='bbox 2812 3863 2987 3935; x_wconf 92' lang='lat' dir='ltr'>priori</span> <span class='ocrx_word' id='word_1_465' title='bbox 3019 3880 3126 3934; x_wconf 90' lang='lat' dir='ltr'>po-</span> 
     </span>
    </p>
   </div>
   <div class='ocr_carea' id='block_1_72' title="bbox 1479 3949 3128 4024">
    <p class='ocr_par' dir='ltr' id='par_1_72' title="bbox 1479 3949 3128 4024">
     <span class='ocr_line' id='line_1_72' title="bbox 1479 3949 3128 4024; baseline 0 -18"><span class='ocrx_word' id='word_1_466' title='bbox 1479 3949 1618 4024; x_wconf 91' lang='lat' dir='ltr'>pulo</span> <span class='ocrx_word' id='word_1_467' title='bbox 1643 3951 1701 4005; x_wconf 91' lang='lat' dir='ltr'>in</span> <span class='ocrx_word' id='word_1_468' title='bbox 1721 3949 1836 4005; x_wconf 90' lang='lat' dir='ltr'>otio</span> <span class='ocrx_word' id='word_1_469' title='bbox 1853 3949 2231 4022; x_wconf 89' lang='lat' dir='ltr'>corporalttcr</span> <span class='ocrx_word' id='word_1_470' title='bbox 2245 3950 2753 4018; x_wconf 88' lang='lat' dir='ltr'>celebrandum,ut</span> <span class='ocrx_word' id='word_1_471' title='bbox 2771 3954 2956 4022; x_wconf 74' lang='lat' dir='ltr'>figura</span> <span class='ocrx_word' id='word_1_472' title='bbox 2976 3957 3128 4008; x_wconf 89' lang='lat' dir='ltr'>esset</span> 
     </span>
    </p>
   </div>
   <div class='ocr_carea' id='block_1_73' title="bbox 1478 4039 3126 4112">
    <p class='ocr_par' dir='ltr' id='par_1_73' title="bbox 1478 4039 3126 4112">
     <span class='ocr_line' id='line_1_73' title="bbox 1478 4039 3126 4112; baseline -0.001 -16"><span class='ocrx_word' id='word_1_473' title='bbox 1478 4039 1956 4096; x_wconf 84' lang='lat' dir='ltr'>sanctiﬁcationis</span> <span class='ocrx_word' id='word_1_474' title='bbox 1980 4039 2036 4094; x_wconf 92' lang='lat' dir='ltr'>in</span> <span class='ocrx_word' id='word_1_475' title='bbox 2071 4040 2274 4111; x_wconf 90' lang='lat' dir='ltr'>requie</span> <span class='ocrx_word' id='word_1_476' title='bbox 2303 4039 2556 4112; x_wconf 79' lang='lat' dir='ltr'>Spiritus</span> <span class='ocrx_word' id='word_1_477' title='bbox 2587 4039 2791 4096; x_wconf 88' lang='lat' dir='ltr'>sancti.</span> <span class='ocrx_word' id='word_1_478' title='bbox 2825 4041 3126 4112; x_wconf 86' lang='lat' dir='ltr'>Nusquam</span> 
     </span>
    </p>
   </div>
   <div class='ocr_carea' id='block_1_74' title="bbox 1477 4127 3128 4202">
    <p class='ocr_par' dir='ltr' id='par_1_74' title="bbox 1477 4127 3128 4202">
     <span class='ocr_line' id='line_1_74' title="bbox 1477 4127 3128 4202; baseline 0.001 -19"><span class='ocrx_word' id='word_1_479' title='bbox 1477 4128 1632 4184; x_wconf 90' lang='lat' dir='ltr'>enim</span> <span class='ocrx_word' id='word_1_480' title='bbox 1665 4127 1916 4200; x_wconf 85' lang='lat' dir='ltr'>legimus</span> <span class='ocrx_word' id='word_1_481' title='bbox 1941 4128 1994 4182; x_wconf 91' lang='lat' dir='ltr'>in</span> <span class='ocrx_word' id='word_1_482' title='bbox 2017 4128 2224 4184; x_wconf 89' lang='lat' dir='ltr'>Genesi</span> <span class='ocrx_word' id='word_1_483' title='bbox 2251 4128 2765 4184; x_wconf 81' lang='lat' dir='ltr'>sanctificationem</span> <span class='ocrx_word' id='word_1_484' title='bbox 2798 4146 2901 4202; x_wconf 91' lang='lat' dir='ltr'>per</span> <span class='ocrx_word' id='word_1_485' title='bbox 2924 4146 3128 4184; x_wconf 91' lang='lat' dir='ltr'>omnes</span> 
     </span>
    </p>
   </div>
   <div class='ocr_carea' id='block_1_75' title="bbox 1478 4216 3129 4290">
    <p class='ocr_par' dir='ltr' id='par_1_75' title="bbox 1478 4216 3129 4290">
     <span class='ocr_line' id='line_1_75' title="bbox 1478 4216 3129 4290; baseline 0.001 -18"><span class='ocrx_word' id='word_1_486' title='bbox 1478 4217 1700 4290; x_wconf 89' lang='lat' dir='ltr'>priores</span> <span class='ocrx_word' id='word_1_487' title='bbox 1728 4216 1878 4283; x_wconf 89' lang='lat' dir='ltr'>dies,</span> <span class='ocrx_word' id='word_1_488' title='bbox 1911 4217 2009 4274; x_wconf 88' lang='lat' dir='ltr'>sed</span> <span class='ocrx_word' id='word_1_489' title='bbox 2049 4218 2122 4272; x_wconf 90' lang='lat' dir='ltr'>de</span> <span class='ocrx_word' id='word_1_490' title='bbox 2143 4217 2265 4272; x_wconf 90' lang='lat' dir='ltr'>solo</span> <span class='ocrx_word' id='word_1_491' title='bbox 2295 4218 2546 4273; x_wconf 87' lang='lat' dir='ltr'>Sabbato</span> <span class='ocrx_word' id='word_1_492' title='bbox 2577 4218 2798 4274; x_wconf 89' lang='lat' dir='ltr'>dictum</span> <span class='ocrx_word' id='word_1_493' title='bbox 2827 4223 2917 4274; x_wconf 89' lang='lat' dir='ltr'>est</span> <span class='ocrx_word' id='word_1_494' title='bbox 2945 4235 2960 4274; x_wconf 90' lang='lat'><strong>:</strong></span> <span class='ocrx_word' id='word_1_495' title='bbox 2993 4222 3129 4275; x_wconf 82' lang='lat' dir='ltr'>San-</span> 
     </span>
    </p>
   </div>
   <div class='ocr_carea' id='block_1_76' title="bbox 1476 4307 3126 4379">
    <p class='ocr_par' dir='ltr' id='par_1_76' title="bbox 1476 4307 3126 4379">
     <span class='ocr_line' id='line_1_76' title="bbox 1476 4307 3126 4379; baseline 0.001 -18"><span class='ocrx_word' id='word_1_496' title='bbox 1476 4307 1735 4377; x_wconf 82' lang='lat' dir='ltr'>ctiﬁcauit</span> <span class='ocrx_word' id='word_1_497' title='bbox 1759 4307 1907 4362; x_wconf 85' lang='lat' dir='ltr'>diem</span> <span class='ocrx_word' id='word_1_498' title='bbox 1934 4312 2070 4362; x_wconf 75' lang='lat' dir='ltr'>Deus</span> <span class='ocrx_word' id='word_1_499' title='bbox 2091 4308 2418 4377; x_wconf 77' lang='lat' dir='ltr'>septimum;</span> <span class='ocrx_word' id='word_1_500' title='bbox 2448 4309 2579 4378; x_wconf 85' lang='lat' dir='ltr'>quia</span> <span class='ocrx_word' id='word_1_501' title='bbox 2608 4308 2850 4363; x_wconf 81' lang='lat' dir='ltr'>charitas</span> <span class='ocrx_word' id='word_1_502' title='bbox 2884 4309 2984 4363; x_wconf 87' lang='lat' dir='ltr'>Dei</span> <span class='ocrx_word' id='word_1_503' title='bbox 3017 4308 3126 4379; x_wconf 80' lang='lat' dir='ltr'>dif-</span> 
     </span>
    </p>
   </div>
   <div class='ocr_carea' id='block_1_77' title="bbox 1477 4394 3131 4469">
    <p class='ocr_par' dir='ltr' id='par_1_77' title="bbox 1477 4394 3131 4469">
     <span class='ocr_line' id='line_1_77' title="bbox 1477 4394 3131 4469; baseline -0.001 -18"><span class='ocrx_word' id='word_1_504' title='bbox 1477 4399 1606 4468; x_wconf 80' lang='lat' dir='ltr'>fusa</span> <span class='ocrx_word' id='word_1_505' title='bbox 1633 4403 1714 4451; x_wconf 78' lang='lat' dir='ltr'>est</span> <span class='ocrx_word' id='word_1_506' title='bbox 1743 4398 1804 4451; x_wconf 78' lang='lat' dir='ltr'>in</span> <span class='ocrx_word' id='word_1_507' title='bbox 1833 4394 2086 4451; x_wconf 78' lang='lat' dir='ltr'>cordibus</span> <span class='ocrx_word' id='word_1_508' title='bbox 2114 4397 2318 4451; x_wconf 83' lang='lat' dir='ltr'>nostris</span> <span class='ocrx_word' id='word_1_509' title='bbox 2342 4413 2442 4467; x_wconf 84' lang='lat' dir='ltr'>per</span> <span class='ocrx_word' id='word_1_510' title='bbox 2460 4395 2731 4466; x_wconf 79' lang='lat' dir='ltr'>Spiritum</span> <span class='ocrx_word' id='word_1_511' title='bbox 2758 4399 3131 4469; x_wconf 81' lang='lat' dir='ltr'>sanctum,qui</span> 
     </span>
    </p>
   </div>
   <div class='ocr_carea' id='block_1_78' title="bbox 1477 4483 3129 4557">
    <p class='ocr_par' dir='ltr' id='par_1_78' title="bbox 1477 4483 3129 4557">
     <span class='ocr_line' id='line_1_78' title="bbox 1477 4483 3129 4557; baseline 0 -17"><span class='ocrx_word' id='word_1_512' title='bbox 1477 4484 1636 4540; x_wconf 81' lang='lat' dir='ltr'>datus</span> <span class='ocrx_word' id='word_1_513' title='bbox 1655 4492 1733 4539; x_wconf 81' lang='lat' dir='ltr'>est</span> <span class='ocrx_word' id='word_1_514' title='bbox 1751 4485 1928 4539; x_wconf 82' lang='lat' dir='ltr'>nobis.</span> <span class='ocrx_word' id='word_1_515' title='bbox 1949 4483 2080 4538; x_wconf 88' lang='lat' dir='ltr'>Ideo</span> <span class='ocrx_word' id='word_1_516' title='bbox 2103 4483 2486 4540; x_wconf 83' lang='lat' dir='ltr'>sanctificatio</span> <span class='ocrx_word' id='word_1_517' title='bbox 2507 4483 2566 4539; x_wconf 92' lang='lat' dir='ltr'>in</span> <span class='ocrx_word' id='word_1_518' title='bbox 2587 4486 2836 4557; x_wconf 89' lang='lat' dir='ltr'>septimo</span> <span class='ocrx_word' id='word_1_519' title='bbox 2863 4485 2957 4540; x_wconf 91' lang='lat' dir='ltr'>die</span> <span class='ocrx_word' id='word_1_520' title='bbox 2977 4503 3129 4541; x_wconf 92' lang='lat' dir='ltr'>com-</span> 
     </span>
    </p>
   </div>
   <div class='ocr_carea' id='block_1_79' title="bbox 1478 4571 3128 4644">
    <p class='ocr_par' dir='ltr' id='par_1_79' title="bbox 1478 4571 3128 4644">
     <span class='ocr_line' id='line_1_79' title="bbox 1478 4571 3128 4644; baseline 0 -16"><span class='ocrx_word' id='word_1_521' title='bbox 1478 4577 1802 4630; x_wconf 87' lang='lat' dir='ltr'>memorata</span> <span class='ocrx_word' id='word_1_522' title='bbox 1833 4572 2049 4640; x_wconf 91' lang='lat' dir='ltr'>est,ubi</span> <span class='ocrx_word' id='word_1_523' title='bbox 2081 4571 2312 4644; x_wconf 90' lang='lat' dir='ltr'>requies</span> <span class='ocrx_word' id='word_1_524' title='bbox 2342 4573 2845 4630; x_wconf 83' lang='lat' dir='ltr'>commendatur.»</span> <span class='ocrx_word' id='word_1_525' title='bbox 2869 4574 3035 4630; x_wconf 89' lang='lat' dir='ltr'>Nunc</span> <span class='ocrx_word' id='word_1_526' title='bbox 3057 4575 3128 4629; x_wconf 89' lang='lat' dir='ltr'>de</span> 
     </span>
    </p>
   </div>
   <div class='ocr_carea' id='block_1_80' title="bbox 1475 4659 2185 4718">
    <p class='ocr_par' dir='ltr' id='par_1_80' title="bbox 1475 4659 2185 4718">
     <span class='ocr_line' id='line_1_80' title="bbox 1475 4659 2185 4718; baseline -0.003 -1"><span class='ocrx_word' id='word_1_527' title='bbox 1475 4659 1830 4718; x_wconf 87' lang='lat' dir='ltr'>lectionibus</span> <span class='ocrx_word' id='word_1_528' title='bbox 1858 4659 2185 4716; x_wconf 86' lang='lat' dir='ltr'>videamus.</span> 
     </span>
    </p>
   </div>
   <div class='ocr_carea' id='block_1_81' title="bbox 3235 3507 4904 3581">
    <p class='ocr_par' dir='ltr' id='par_1_81' title="bbox 3235 3507 4904 3581">
     <span class='ocr_line' id='line_1_81' title="bbox 3235 3507 4904 3581; baseline 0.001 -17"><span class='ocrx_word' id='word_1_529' title='bbox 3235 3511 3369 3565; x_wconf 89' lang='lat' dir='ltr'>dam</span> <span class='ocrx_word' id='word_1_530' title='bbox 3405 3509 3501 3563; x_wconf 85' lang='lat' dir='ltr'>Iilo</span> <span class='ocrx_word' id='word_1_531' title='bbox 3533 3509 3871 3564; x_wconf 57' lang='lat' dir='ltr'>rectissima;</span> <span class='ocrx_word' id='word_1_532' title='bbox 3899 3507 4110 3580; x_wconf 74' lang='lat' dir='ltr'>regula:</span> <span class='ocrx_word' id='word_1_533' title='bbox 4131 3508 4283 3564; x_wconf 90' lang='lat' dir='ltr'>linea</span> <span class='ocrx_word' id='word_1_534' title='bbox 4310 3525 4412 3581; x_wconf 93' lang='lat' dir='ltr'>per</span> <span class='ocrx_word' id='word_1_535' title='bbox 4437 3513 4904 3581; x_wconf 65' lang='lat' dir='ltr'>quattuordecim</span> 
     </span>
    </p>
   </div>
   <div class='ocr_carea' id='block_1_82' title="bbox 3233 3597 4907 3670">
    <p class='ocr_par' dir='ltr' id='par_1_82' title="bbox 3233 3597 4907 3670">
     <span class='ocr_line' id='line_1_82' title="bbox 3233 3597 4907 3670; baseline 0.003 -17"><span class='ocrx_word' id='word_1_536' title='bbox 3233 3598 3633 3653; x_wconf 87' lang='lat' dir='ltr'>hebdomadas</span> <span class='ocrx_word' id='word_1_537' title='bbox 3656 3615 3842 3670; x_wconf 93' lang='lat' dir='ltr'>usque</span> <span class='ocrx_word' id='word_1_538' title='bbox 3873 3597 3930 3652; x_wconf 93' lang='lat' dir='ltr'>in</span> <span class='ocrx_word' id='word_1_539' title='bbox 3960 3598 4285 3653; x_wconf 83' lang='lat' dir='ltr'>secundum</span> <span class='ocrx_word' id='word_1_540' title='bbox 4307 3597 4470 3654; x_wconf 84' lang='lat' dir='ltr'>Junii</span> <span class='ocrx_word' id='word_1_541' title='bbox 4505 3602 4740 3656; x_wconf 83' lang='lat' dir='ltr'>mensis</span> <span class='ocrx_word' id='word_1_542' title='bbox 4765 3604 4907 3658; x_wconf 87' lang='lat' dir='ltr'>Sab-</span> 
     </span>
    </p>
   </div>
   <div class='ocr_carea' id='block_1_83' title="bbox 3233 3687 4904 3760">
    <p class='ocr_par' dir='ltr' id='par_1_83' title="bbox 3233 3687 4904 3760">
     <span class='ocr_line' id='line_1_83' title="bbox 3233 3687 4904 3760; baseline 0.003 -18"><span class='ocrx_word' id='word_1_543' title='bbox 3233 3689 3434 3742; x_wconf 90' lang='lat' dir='ltr'>batum</span> <span class='ocrx_word' id='word_1_544' title='bbox 3466 3688 3732 3754; x_wconf 89' lang='lat' dir='ltr'>ducatur,</span> <span class='ocrx_word' id='word_1_545' title='bbox 3769 3687 4019 3759; x_wconf 89' lang='lat' dir='ltr'>indeque</span> <span class='ocrx_word' id='word_1_546' title='bbox 4051 3704 4153 3758; x_wconf 88' lang='lat' dir='ltr'>per</span> <span class='ocrx_word' id='word_1_547' title='bbox 4175 3687 4320 3742; x_wconf 86' lang='lat' dir='ltr'>alias</span> <span class='ocrx_word' id='word_1_548' title='bbox 4337 3689 4806 3760; x_wconf 82' lang='lat' dir='ltr'>quatuordecim</span> <span class='ocrx_word' id='word_1_549' title='bbox 4837 3693 4904 3746; x_wconf 87' lang='lat' dir='ltr'>ad</span> 
     </span>
    </p>
   </div>
   <div class='ocr_carea' id='block_1_84' title="bbox 3233 3775 4906 3848">
    <p class='ocr_par' dir='ltr' id='par_1_84' title="bbox 3233 3775 4906 3848">
     <span class='ocr_line' id='line_1_84' title="bbox 3233 3775 4906 3848; baseline 0.002 -17"><span class='ocrx_word' id='word_1_550' title='bbox 3233 3775 3391 3832; x_wconf 89' lang='lat' dir='ltr'>aliud</span> <span class='ocrx_word' id='word_1_551' title='bbox 3425 3776 3754 3848; x_wconf 83' lang='lat' dir='ltr'>proximum</span> <span class='ocrx_word' id='word_1_552' title='bbox 3786 3781 3922 3830; x_wconf 88' lang='lat' dir='ltr'>ante</span> <span class='ocrx_word' id='word_1_553' title='bbox 3970 3776 4342 3832; x_wconf 76' lang='lat' dir='ltr'>Nativitatem</span> <span class='ocrx_word' id='word_1_554' title='bbox 4392 3776 4627 3833; x_wconf 89' lang='lat' dir='ltr'>Domini</span> <span class='ocrx_word' id='word_1_555' title='bbox 4675 3780 4906 3837; x_wconf 86' lang='lat' dir='ltr'>Sabba-</span> 
     </span>
    </p>
   </div>
   <div class='ocr_carea' id='block_1_85' title="bbox 3235 3864 4907 3936">
    <p class='ocr_par' dir='ltr' id='par_1_85' title="bbox 3235 3864 4907 3936">
     <span class='ocr_line' id='line_1_85' title="bbox 3235 3864 4907 3936; baseline 0.004 -17"><span class='ocrx_word' id='word_1_556' title='bbox 3235 3871 3383 3931; x_wconf 89' lang='lat' dir='ltr'>tum,</span> <span class='ocrx_word' id='word_1_557' title='bbox 3407 3870 3470 3919; x_wconf 91' lang='lat' dir='ltr'>ut</span> <span class='ocrx_word' id='word_1_558' title='bbox 3499 3866 3719 3936; x_wconf 84' lang='lat' dir='ltr'>absque</span> <span class='ocrx_word' id='word_1_559' title='bbox 3751 3880 3944 3919; x_wconf 89' lang='lat' dir='ltr'>errore</span> <span class='ocrx_word' id='word_1_560' title='bbox 3976 3864 4317 3921; x_wconf 88' lang='lat' dir='ltr'>eorumdcm</span> <span class='ocrx_word' id='word_1_561' title='bbox 4349 3865 4760 3924; x_wconf 87' lang='lat' dir='ltr'>Sabbatornm</span> <span class='ocrx_word' id='word_1_562' title='bbox 4796 3875 4907 3926; x_wconf 83' lang='lat' dir='ltr'>ter-</span> 
     </span>
    </p>
   </div>
   <div class='ocr_carea' id='block_1_86' title="bbox 3237 3953 3930 4025">
    <p class='ocr_par' dir='ltr' id='par_1_86' title="bbox 3237 3953 3930 4025">
     <span class='ocr_line' id='line_1_86' title="bbox 3237 3953 3930 4025; baseline 0 -17"><span class='ocrx_word' id='word_1_563' title='bbox 3237 3953 3380 4008; x_wconf 91' lang='lat' dir='ltr'>mini</span> <span class='ocrx_word' id='word_1_564' title='bbox 3414 3953 3643 4025; x_wconf 87' lang='lat' dir='ltr'>possint</span> <span class='ocrx_word' id='word_1_565' title='bbox 3663 3953 3930 4008; x_wconf 79' lang='lat' dir='ltr'>inveniri.</span> 
     </span>
    </p>
   </div>
   <div class='ocr_carea' id='block_1_87' title="bbox 3306 4043 4907 4116">
    <p class='ocr_par' dir='ltr' id='par_1_87' title="bbox 3306 4043 4907 4116">
     <span class='ocr_line' id='line_1_87' title="bbox 3306 4043 4907 4116; baseline 0.004 -18"><span class='ocrx_word' id='word_1_566' title='bbox 3306 4045 3366 4099; x_wconf 78' lang='grc' dir='ltr'><strong><em>ϐ.</em></strong></span> <span class='ocrx_word' id='word_1_567' title='bbox 3401 4043 3625 4098; x_wconf 85' lang='lat' dir='ltr'>Videris</span> <span class='ocrx_word' id='word_1_568' title='bbox 3672 4043 3909 4113; x_wconf 90' lang='lat' dir='ltr'>quidem</span> <span class='ocrx_word' id='word_1_569' title='bbox 3959 4043 4031 4097; x_wconf 90' lang='lat' dir='ltr'>de</span> <span class='ocrx_word' id='word_1_570' title='bbox 4079 4044 4267 4116; x_wconf 88' lang='lat' dir='ltr'>primo</span> <span class='ocrx_word' id='word_1_571' title='bbox 4296 4059 4496 4098; x_wconf 82' lang='lat' dir='ltr'>mense</span> <span class='ocrx_word' id='word_1_572' title='bbox 4527 4046 4907 4104; x_wconf 76' lang='lat' dir='ltr'>sufﬁcienter</span> 
     </span>
    </p>
   </div>
   <div class='ocr_carea' id='block_1_88' title="bbox 3235 4131 4906 4208">
    <p class='ocr_par' dir='ltr' id='par_1_88' title="bbox 3235 4131 4906 4208">
     <span class='ocr_line' id='line_1_88' title="bbox 3235 4131 4906 4208; baseline 0.004 -23"><span class='ocrx_word' id='word_1_573' title='bbox 3235 4131 3454 4186; x_wconf 80' lang='lat' dir='ltr'>dixisse</span> <span class='ocrx_word' id='word_1_574' title='bbox 3488 4147 3501 4185; x_wconf 93' lang='lat'>:</span> <span class='ocrx_word' id='word_1_575' title='bbox 3539 4131 3651 4185; x_wconf 85' lang='lat' dir='ltr'>Sed</span> <span class='ocrx_word' id='word_1_576' title='bbox 3681 4137 3771 4185; x_wconf 87' lang='lat' dir='ltr'>est</span> <span class='ocrx_word' id='word_1_577' title='bbox 3800 4131 4012 4199; x_wconf 91' lang='lat' dir='ltr'>adhuc,</span> <span class='ocrx_word' id='word_1_578' title='bbox 4045 4133 4200 4204; x_wconf 91' lang='lat' dir='ltr'>quod</span> <span class='ocrx_word' id='word_1_579' title='bbox 4235 4137 4461 4188; x_wconf 89' lang='lat' dir='ltr'>moveat</span> <span class='ocrx_word' id='word_1_580' title='bbox 4491 4133 4566 4189; x_wconf 91' lang='lat' dir='ltr'>de</span> <span class='ocrx_word' id='word_1_581' title='bbox 4601 4147 4829 4208; x_wconf 85' lang='lat' dir='ltr'>quarto</span> <span class='ocrx_word' id='word_1_582' title='bbox 4857 4144 4906 4193; x_wconf 87' lang='lat' dir='ltr'>et</span> 
     </span>
    </p>
   </div>
   <div class='ocr_carea' id='block_1_89' title="bbox 3237 4220 4908 4294">
    <p class='ocr_par' dir='ltr' id='par_1_89' title="bbox 3237 4220 4908 4294">
     <span class='ocr_line' id='line_1_89' title="bbox 3237 4220 4908 4294; baseline 0.003 -20"><span class='ocrx_word' id='word_1_583' title='bbox 3237 4220 3504 4291; x_wconf 87' lang='lat' dir='ltr'>septimo.</span> <span class='ocrx_word' id='word_1_584' title='bbox 3531 4220 3675 4285; x_wconf 88' lang='lat' dir='ltr'>Quia</span> <span class='ocrx_word' id='word_1_585' title='bbox 3698 4236 3830 4274; x_wconf 92' lang='lat' dir='ltr'>cum</span> <span class='ocrx_word' id='word_1_586' title='bbox 3851 4221 4072 4275; x_wconf 83' lang='lat' dir='ltr'>diceres</span> <span class='ocrx_word' id='word_1_587' title='bbox 4099 4238 4133 4274; x_wconf 90' lang='lat' dir='ltr'>a</span> <span class='ocrx_word' id='word_1_588' title='bbox 4155 4222 4408 4276; x_wconf 87' lang='lat' dir='ltr'>Sabbato</span> <span class='ocrx_word' id='word_1_589' title='bbox 4435 4239 4628 4294; x_wconf 87' lang='lat' dir='ltr'>usque</span> <span class='ocrx_word' id='word_1_590' title='bbox 4663 4224 4730 4281; x_wconf 88' lang='lat' dir='ltr'>in</span> <span class='ocrx_word' id='word_1_591' title='bbox 4765 4229 4908 4282; x_wconf 87' lang='lat' dir='ltr'>Sab-</span> 
     </span>
    </p>
   </div>
   <div class='ocr_carea' id='block_1_90' title="bbox 3236 4307 4910 4379">
    <p class='ocr_par' dir='ltr' id='par_1_90' title="bbox 3236 4307 4910 4379">
     <span class='ocr_line' id='line_1_90' title="bbox 3236 4307 4910 4379; baseline 0.006 -17"><span class='ocrx_word' id='word_1_592' title='bbox 3236 4307 3438 4363; x_wconf 89' lang='lat' dir='ltr'>batum</span> <span class='ocrx_word' id='word_1_593' title='bbox 3469 4324 3700 4379; x_wconf 86' lang='lat' dir='ltr'>semper</span> <span class='ocrx_word' id='word_1_594' title='bbox 3724 4309 4166 4379; x_wconf 63' lang='lat' dir='ltr'>quattuordecim</span> <span class='ocrx_word' id='word_1_595' title='bbox 4215 4310 4624 4368; x_wconf 89' lang='lat' dir='ltr'>hebdomadas</span> <span class='ocrx_word' id='word_1_596' title='bbox 4657 4331 4910 4371; x_wconf 85' lang='lat' dir='ltr'>enume-</span> 
     </span>
    </p>
   </div>
   <div class='ocr_carea' id='block_1_91' title="bbox 3236 4397 4911 4476">
    <p class='ocr_par' dir='ltr' id='par_1_91' title="bbox 3236 4397 4911 4476">
     <span class='ocr_line' id='line_1_91' title="bbox 3236 4397 4911 4476; baseline 0.005 -25"><span class='ocrx_word' id='word_1_597' title='bbox 3236 4397 3472 4464; x_wconf 89' lang='lat' dir='ltr'>randas,</span> <span class='ocrx_word' id='word_1_598' title='bbox 3505 4415 3618 4452; x_wconf 91' lang='lat' dir='ltr'>non</span> <span class='ocrx_word' id='word_1_599' title='bbox 3653 4397 3929 4452; x_wconf 87' lang='lat' dir='ltr'>addidisti</span> <span class='ocrx_word' id='word_1_600' title='bbox 3964 4403 4185 4466; x_wconf 91' lang='lat' dir='ltr'>utrum,</span> <span class='ocrx_word' id='word_1_601' title='bbox 4220 4397 4385 4452; x_wconf 75' lang='lat' dir='ltr'>{inita</span> <span class='ocrx_word' id='word_1_602' title='bbox 4418 4399 4656 4458; x_wconf 88' lang='lat' dir='ltr'>decima</span> <span class='ocrx_word' id='word_1_603' title='bbox 4693 4412 4911 4476; x_wconf 81' lang='lat' dir='ltr'>quarta</span> 
     </span>
    </p>
   </div>
   <div class='ocr_carea' id='block_1_92' title="bbox 3235 4485 4911 4552">
    <p class='ocr_par' dir='ltr' id='par_1_92' title="bbox 3235 4485 4911 4552">
     <span class='ocr_line' id='line_1_92' title="bbox 3235 4485 4911 4552; baseline 0.004 -12"><span class='ocrx_word' id='word_1_604' title='bbox 3235 4485 3624 4552; x_wconf 85' lang='lat' dir='ltr'>hebdomada,</span> <span class='ocrx_word' id='word_1_605' title='bbox 3677 4487 4000 4542; x_wconf 89' lang='lat' dir='ltr'>secundum</span> <span class='ocrx_word' id='word_1_606' title='bbox 4075 4487 4398 4543; x_wconf 88' lang='lat' dir='ltr'>Sabbatum</span> <span class='ocrx_word' id='word_1_607' title='bbox 4449 4486 4616 4543; x_wconf 83' lang='lat' dir='ltr'>Junii</span> <span class='ocrx_word' id='word_1_608' title='bbox 4679 4495 4911 4550; x_wconf 80' lang='lat' dir='ltr'>mensis</span> 
     </span>
    </p>
   </div>
   <div class='ocr_carea' id='block_1_93' title="bbox 3237 4574 4910 4655">
    <p class='ocr_par' dir='ltr' id='par_1_93' title="bbox 3237 4574 4910 4655">
     <span class='ocr_line' id='line_1_93' title="bbox 3237 4574 4910 4655; baseline 0.004 -25"><span class='ocrx_word' id='word_1_609' title='bbox 3237 4574 3429 4647; x_wconf 85' lang='lat' dir='ltr'>quarti</span> <span class='ocrx_word' id='word_1_610' title='bbox 3462 4575 3611 4630; x_wconf 68' lang='lat' dir='ltr'>feria:</span> <span class='ocrx_word' id='word_1_611' title='bbox 3646 4592 3704 4640; x_wconf 86' lang='grc' dir='ltr'><strong>ιι,</strong></span> <span class='ocrx_word' id='word_1_612' title='bbox 3730 4575 3969 4630; x_wconf 90' lang='lat' dir='ltr'>tertium</span> <span class='ocrx_word' id='word_1_613' title='bbox 4001 4575 4361 4648; x_wconf 87' lang='lat' dir='ltr'>Septembris</span> <span class='ocrx_word' id='word_1_614' title='bbox 4391 4576 4742 4636; x_wconf 87' lang='lat' dir='ltr'>Sabbatum</span> <span class='ocrx_word' id='word_1_615' title='bbox 4769 4600 4910 4655; x_wconf 63' lang='lat' dir='ltr'>pra!-</span> 
     </span>
    </p>
   </div>
   <div class='ocr_carea' id='block_1_94' title="bbox 3236 4661 4916 4736">
    <p class='ocr_par' dir='ltr' id='par_1_94' title="bbox 3236 4661 4916 4736">
     <span class='ocr_line' id='line_1_94' title="bbox 3236 4661 4916 4736; baseline 0.004 -18"><span class='ocrx_word' id='word_1_616' title='bbox 3236 4663 3436 4719; x_wconf 89' lang='lat' dir='ltr'>cedere</span> <span class='ocrx_word' id='word_1_617' title='bbox 3466 4663 3746 4718; x_wconf 89' lang='lat' dir='ltr'>deberent</span> <span class='ocrx_word' id='word_1_618' title='bbox 3775 4681 3856 4732; x_wconf 88' lang='grc' dir='ltr'><strong>ιιι,</strong></span> <span class='ocrx_word' id='word_1_619' title='bbox 3885 4680 4021 4718; x_wconf 89' lang='lat' dir='ltr'>cum</span> <span class='ocrx_word' id='word_1_620' title='bbox 4042 4661 4101 4719; x_wconf 94' lang='lat' dir='ltr'>id</span> <span class='ocrx_word' id='word_1_621' title='bbox 4134 4663 4210 4719; x_wconf 91' lang='lat' dir='ltr'>sit</span> <span class='ocrx_word' id='word_1_622' title='bbox 4243 4665 4495 4720; x_wconf 78' lang='lat' dir='ltr'>maxime</span> <span class='ocrx_word' id='word_1_623' title='bbox 4519 4667 4688 4736; x_wconf 88' lang='lat' dir='ltr'>quod</span> <span class='ocrx_word' id='word_1_624' title='bbox 4725 4670 4916 4725; x_wconf 81' lang='lat' dir='ltr'>videa-</span> 
     </span>
    </p>
   </div>
   <div class='ocr_carea' id='block_1_95' title="bbox 1549 4747 4912 4838">
    <p class='ocr_par' dir='ltr' id='par_1_95' title="bbox 1549 4747 4912 4838">
     <span class='ocr_line' id='line_1_95' title="bbox 1549 4747 4912 4838; baseline 0.003 -34"><span class='ocrx_word' id='word_1_625' title='bbox 1549 4749 1612 4804; x_wconf 90' lang='lat' dir='ltr'>In</span> <span class='ocrx_word' id='word_1_626' title='bbox 1644 4753 1856 4838; x_wconf 86' lang='lat' dir='ltr'>quarta</span> <span class='ocrx_word' id='word_1_627' title='bbox 1889 4749 2030 4804; x_wconf 84' lang='lat' dir='ltr'>feria</span> <span class='ocrx_word' id='word_1_628' title='bbox 2058 4749 2187 4804; x_wconf 71' lang='lat' dir='ltr'>duae</span> <span class='ocrx_word' id='word_1_629' title='bbox 2217 4747 2270 4804; x_wconf 92' lang='lat' dir='ltr'>le</span> <span class='ocrx_word' id='word_1_630' title='bbox 2285 4749 2494 4806; x_wconf 65' lang='lat' dir='ltr'>itiones</span> <span class='ocrx_word' id='word_1_631' title='bbox 2526 4749 2817 4823; x_wconf 87' lang='lat' dir='ltr'>leguntur,</span> <span class='ocrx_word' id='word_1_632' title='bbox 2835 4755 2900 4806; x_wconf 89' lang='lat' dir='ltr'>ut</span> <span class='ocrx_word' id='word_1_633' title='bbox 2928 4749 3126 4822; x_wconf 91' lang='lat' dir='ltr'>hi,qui</span> <span class='ocrx_word' id='word_1_634' title='bbox 3161 4774 3206 4838; x_wconf 69' lang='grc' dir='ltr'>Β</span> <span class='ocrx_word' id='word_1_635' title='bbox 3238 4757 3335 4807; x_wconf 91' lang='lat' dir='ltr'>tur</span> <span class='ocrx_word' id='word_1_636' title='bbox 3385 4753 3769 4821; x_wconf 65' lang='lat' dir='ltr'>quaestionem</span> <span class='ocrx_word' id='word_1_637' title='bbox 3829 4753 4084 4824; x_wconf 84' lang='lat' dir='ltr'>gignere.</span> <span class='ocrx_word' id='word_1_638' title='bbox 4128 4752 4290 4816; x_wconf 87' lang='lat' dir='ltr'>Quod</span> <span class='ocrx_word' id='word_1_639' title='bbox 4344 4752 4603 4826; x_wconf 90' lang='lat' dir='ltr'>qualiter</span> <span class='ocrx_word' id='word_1_640' title='bbox 4671 4760 4912 4814; x_wconf 87' lang='lat' dir='ltr'>evenire</span> 
     </span>
    </p>
   </div>
   <div class='ocr_carea' id='block_1_96' title="bbox 1478 4837 3136 4905">
    <p class='ocr_par' dir='ltr' id='par_1_96' title="bbox 1478 4837 3136 4905">
     <span class='ocr_line' id='line_1_96' title="bbox 1478 4837 3136 4905; baseline 0 -12"><span class='ocrx_word' id='word_1_641' title='bbox 1478 4838 1541 4894; x_wconf 90' lang='lat' dir='ltr'>in</span> <span class='ocrx_word' id='word_1_642' title='bbox 1567 4837 1819 4894; x_wconf 84' lang='lat' dir='ltr'>Sabbato</span> <span class='ocrx_word' id='word_1_643' title='bbox 1846 4843 1986 4894; x_wconf 85' lang='lat' dir='ltr'>sunt.</span> <span class='ocrx_word' id='word_1_644' title='bbox 2015 4838 2420 4905; x_wconf 87' lang='lat' dir='ltr'>consecrandi,</span> <span class='ocrx_word' id='word_1_645' title='bbox 2443 4840 2831 4896; x_wconf 89' lang='lat' dir='ltr'>admoneatur</span> <span class='ocrx_word' id='word_1_646' title='bbox 2875 4844 2942 4895; x_wconf 92' lang='lat' dir='ltr'>ut</span> <span class='ocrx_word' id='word_1_647' title='bbox 2981 4839 3136 4895; x_wconf 92' lang='lat' dir='ltr'>noti-</span> 
     </span>
    </p>
   </div>
   <div class='ocr_carea' id='block_1_97' title="bbox 1477 4925 3127 5000">
    <p class='ocr_par' dir='ltr' id='par_1_97' title="bbox 1477 4925 3127 5000">
     <span class='ocr_line' id='line_1_97' title="bbox 1477 4925 3127 5000; baseline 0.001 -20"><span class='ocrx_word' id='word_1_648' title='bbox 1477 4925 1620 4982; x_wconf 87' lang='lat' dir='ltr'>tiam</span> <span class='ocrx_word' id='word_1_649' title='bbox 1647 4925 1796 5000; x_wconf 87' lang='lat' dir='ltr'>legis</span> <span class='ocrx_word' id='word_1_650' title='bbox 1826 4931 1884 4982; x_wconf 91' lang='lat' dir='ltr'>et</span> <span class='ocrx_word' id='word_1_651' title='bbox 1911 4927 2329 4999; x_wconf 89' lang='lat' dir='ltr'>prophetarum</span> <span class='ocrx_word' id='word_1_652' title='bbox 2362 4927 2637 4994; x_wconf 87' lang='lat' dir='ltr'>habeant,</span> <span class='ocrx_word' id='word_1_653' title='bbox 2671 4929 2770 5000; x_wconf 91' lang='lat' dir='ltr'>qui</span> <span class='ocrx_word' id='word_1_654' title='bbox 2796 4927 3047 4984; x_wconf 81' lang='lat' dir='ltr'>maxime</span> <span class='ocrx_word' id='word_1_655' title='bbox 3069 4927 3127 4982; x_wconf 92' lang='lat' dir='ltr'>in</span> 
     </span>
    </p>
   </div>
   <div class='ocr_carea' id='block_1_98' title="bbox 1480 5014 3128 5088">
    <p class='ocr_par' dir='ltr' id='par_1_98' title="bbox 1480 5014 3128 5088">
     <span class='ocr_line' id='line_1_98' title="bbox 1480 5014 3128 5088; baseline 0.002 -19"><span class='ocrx_word' id='word_1_656' title='bbox 1480 5020 1690 5084; x_wconf 87' lang='lat' dir='ltr'>quarta</span> <span class='ocrx_word' id='word_1_657' title='bbox 1718 5019 1884 5071; x_wconf 67' lang='lat' dir='ltr'>etate</span> <span class='ocrx_word' id='word_1_658' title='bbox 1915 5015 2202 5087; x_wconf 84' lang='lat' dir='ltr'>vigebant.</span> <span class='ocrx_word' id='word_1_659' title='bbox 2223 5015 2398 5071; x_wconf 79' lang='lat' dir='ltr'>Sexta</span> <span class='ocrx_word' id='word_1_660' title='bbox 2418 5014 2562 5071; x_wconf 82' lang='lat' dir='ltr'>feria</span> <span class='ocrx_word' id='word_1_661' title='bbox 2592 5033 2709 5072; x_wconf 90' lang='lat' dir='ltr'>una</span> <span class='ocrx_word' id='word_1_662' title='bbox 2727 5021 2958 5072; x_wconf 90' lang='lat' dir='ltr'>tantum</span> <span class='ocrx_word' id='word_1_663' title='bbox 2989 5015 3128 5088; x_wconf 84' lang='lat' dir='ltr'>legi-</span> 
     </span>
    </p>
   </div>
   <div class='ocr_carea' id='block_1_99' title="bbox 1482 5103 3130 5180">
    <p class='ocr_par' dir='ltr' id='par_1_99' title="bbox 1482 5103 3130 5180">
     <span class='ocr_line' id='line_1_99' title="bbox 1482 5103 3130 5180; baseline 0.002 -24"><span class='ocrx_word' id='word_1_664' title='bbox 1482 5106 1606 5171; x_wconf 88' lang='lat' dir='ltr'>tur;</span> <span class='ocrx_word' id='word_1_665' title='bbox 1638 5104 1778 5176; x_wconf 87' lang='lat' dir='ltr'>quia</span> <span class='ocrx_word' id='word_1_666' title='bbox 1805 5103 1896 5160; x_wconf 75' lang='lat' dir='ltr'>Iex</span> <span class='ocrx_word' id='word_1_667' title='bbox 1924 5109 1980 5160; x_wconf 87' lang='lat' dir='ltr'>et</span> <span class='ocrx_word' id='word_1_668' title='bbox 2003 5104 2312 5178; x_wconf 84' lang='lat' dir='ltr'>prophetia</span> <span class='ocrx_word' id='word_1_669' title='bbox 2342 5105 2400 5161; x_wconf 93' lang='lat' dir='ltr'>in</span> <span class='ocrx_word' id='word_1_670' title='bbox 2433 5122 2550 5161; x_wconf 92' lang='lat' dir='ltr'>uno</span> <span class='ocrx_word' id='word_1_671' title='bbox 2580 5105 2889 5180; x_wconf 88' lang='lat' dir='ltr'>Evangelio</span> <span class='ocrx_word' id='word_1_672' title='bbox 2915 5105 3130 5178; x_wconf 85' lang='lat' dir='ltr'>recapi-</span> 
     </span>
    </p>
   </div>
   <div class='ocr_carea' id='block_1_100' title="bbox 1483 5189 3131 5268">
    <p class='ocr_par' dir='ltr' id='par_1_100' title="bbox 1483 5189 3131 5268">
     <span class='ocr_line' id='line_1_100' title="bbox 1483 5189 3131 5268; baseline 0.002 -23"><span class='ocrx_word' id='word_1_673' title='bbox 1483 5189 1765 5260; x_wconf 85' lang='lat' dir='ltr'>tulantur,</span> <span class='ocrx_word' id='word_1_674' title='bbox 1798 5194 1952 5266; x_wconf 89' lang='lat' dir='ltr'>quod</span> <span class='ocrx_word' id='word_1_675' title='bbox 1986 5211 2145 5250; x_wconf 92' lang='lat' dir='ltr'>nunc</span> <span class='ocrx_word' id='word_1_676' title='bbox 2175 5194 2236 5248; x_wconf 92' lang='lat' dir='ltr'>in</span> <span class='ocrx_word' id='word_1_677' title='bbox 2266 5199 2431 5250; x_wconf 83' lang='lat' dir='ltr'>sexta</span> <span class='ocrx_word' id='word_1_678' title='bbox 2458 5194 2665 5250; x_wconf 87' lang='lat' dir='ltr'>mundi</span> <span class='ocrx_word' id='word_1_679' title='bbox 2711 5200 2877 5252; x_wconf 60' lang='lat' dir='ltr'>aetate</span> <span class='ocrx_word' id='word_1_680' title='bbox 2923 5195 3131 5268; x_wconf 73' lang='lat' dir='ltr'>praedi-</span> 
     </span>
    </p>
   </div>
   <div class='ocr_carea' id='block_1_101' title="bbox 1484 5281 3131 5356">
    <p class='ocr_par' dir='ltr' id='par_1_101' title="bbox 1484 5281 3131 5356">
     <span class='ocr_line' id='line_1_101' title="bbox 1484 5281 3131 5356; baseline 0.001 -20"><span class='ocrx_word' id='word_1_681' title='bbox 1484 5285 1650 5336; x_wconf 88' lang='lat' dir='ltr'>catur</span> <span class='ocrx_word' id='word_1_682' title='bbox 1703 5287 1761 5338; x_wconf 89' lang='lat' dir='ltr'>et</span> <span class='ocrx_word' id='word_1_683' title='bbox 1815 5281 2049 5355; x_wconf 88' lang='lat' dir='ltr'>legitur.</span> <span class='ocrx_word' id='word_1_684' title='bbox 2097 5281 2179 5336; x_wconf 90' lang='lat' dir='ltr'>De</span> <span class='ocrx_word' id='word_1_685' title='bbox 2233 5281 2542 5339; x_wconf 89' lang='lat' dir='ltr'>duodecim</span> <span class='ocrx_word' id='word_1_686' title='bbox 2599 5283 2970 5352; x_wconf 88' lang='lat' dir='ltr'>lectionibus,</span> <span class='ocrx_word' id='word_1_687' title='bbox 3003 5300 3131 5356; x_wconf 69' lang='lat' dir='ltr'>qua:</span> 
     </span>
    </p>
   </div>
   <div class='ocr_carea' id='block_1_102' title="bbox 1483 5357 3134 5442">
    <p class='ocr_par' dir='ltr' id='par_1_102' title="bbox 1483 5357 3134 5442">
     <span class='ocr_line' id='line_1_102' title="bbox 1483 5357 3134 5442; baseline 0.001 -16"><span class='ocrx_word' id='word_1_688' title='bbox 1483 5357 1918 5442; x_wconf 57' lang='lat' dir='ltr'>pratitulanttir</span> <span class='ocrx_word' id='word_1_689' title='bbox 1947 5370 2006 5424; x_wconf 90' lang='lat' dir='ltr'>in</span> <span class='ocrx_word' id='word_1_690' title='bbox 2033 5371 2491 5427; x_wconf 86' lang='lat' dir='ltr'>Sacramentario</span> <span class='ocrx_word' id='word_1_691' title='bbox 2521 5372 2614 5428; x_wconf 88' lang='lat' dir='ltr'>die</span> <span class='ocrx_word' id='word_1_692' title='bbox 2656 5373 2914 5442; x_wconf 86' lang='lat' dir='ltr'>Sabbati,</span> <span class='ocrx_word' id='word_1_693' title='bbox 2948 5375 3031 5429; x_wconf 91' lang='lat' dir='ltr'>sic</span> <span class='ocrx_word' id='word_1_694' title='bbox 3073 5373 3134 5427; x_wconf 89' lang='lat' dir='ltr'>in</span> 
     </span>
    </p>
   </div>
   <div class='ocr_carea' id='block_1_103' title="bbox 1482 5457 3134 5534">
    <p class='ocr_par' dir='ltr' id='par_1_103' title="bbox 1482 5457 3134 5534">
     <span class='ocr_line' id='line_1_103' title="bbox 1482 5457 3134 5534; baseline 0.002 -20"><span class='ocrx_word' id='word_1_695' title='bbox 1482 5457 1694 5516; x_wconf 87' lang='lat' dir='ltr'>litteris</span> <span class='ocrx_word' id='word_1_696' title='bbox 1745 5460 1985 5515; x_wconf 90' lang='lat' dir='ltr'>Patrum</span> <span class='ocrx_word' id='word_1_697' title='bbox 2039 5458 2325 5528; x_wconf 88' lang='lat' dir='ltr'>reperitur</span> <span class='ocrx_word' id='word_1_698' title='bbox 2373 5460 2660 5532; x_wconf 87' lang='lat' dir='ltr'>scriptum</span> <span class='ocrx_word' id='word_1_699' title='bbox 2714 5479 2727 5517; x_wconf 91' lang='lat'>:</span> <span class='ocrx_word' id='word_1_700' title='bbox 2774 5465 3134 5534; x_wconf 75' lang='lat' dir='ltr'>[AMALARIUS</span> 
     </span>
    </p>
   </div>
   <div class='ocr_carea' id='block_1_104' title="bbox 1487 5543 3135 5622">
    <p class='ocr_par' dir='ltr' id='par_1_104' title="bbox 1487 5543 3135 5622">
     <span class='ocr_line' id='line_1_104' title="bbox 1487 5543 3135 5622; baseline -0.001 -17"><span class='ocrx_word' id='word_1_701' title='bbox 1487 5549 1869 5605; x_wconf 68' lang='lat' dir='ltr'>Foa&#39;rnm&#39;rus</span> <span class='ocrx_word' id='word_1_702' title='bbox 1899 5545 2058 5601; x_wconf 81' lang='lat' dir='ltr'>eccle.</span> <span class='ocrx_word' id='word_1_703' title='bbox 2093 5543 2248 5617; x_wconf 80' lang='lat' dir='ltr'>Ofﬁc.</span> <span class='ocrx_word' id='word_1_704' title='bbox 2271 5544 2374 5602; x_wconf 90' lang='lat' dir='ltr'>lib.</span> <span class='ocrx_word' id='word_1_705' title='bbox 2405 5565 2466 5615; x_wconf 84' lang='grc' dir='ltr'><strong>ιι,</strong></span> <span class='ocrx_word' id='word_1_706' title='bbox 2491 5565 2540 5605; x_wconf 93' lang='lat' dir='ltr'>c.</span> <span class='ocrx_word' id='word_1_707' title='bbox 2578 5551 2628 5622; x_wconf 92' lang='grc'>1)</span> <span class='ocrx_word' id='word_1_708' title='bbox 2661 5574 2688 5601; x_wconf 88' lang='grc'>‹‹</span> <span class='ocrx_word' id='word_1_709' title='bbox 2718 5551 2828 5608; x_wconf 83' lang='lat' dir='ltr'>Sex</span> <span class='ocrx_word' id='word_1_710' title='bbox 2858 5550 3135 5608; x_wconf 90' lang='lat' dir='ltr'>lectiones</span> 
     </span>
    </p>
   </div>
   <div class='ocr_carea' id='block_1_105' title="bbox 1487 5633 3139 5712">
    <p class='ocr_par' dir='ltr' id='par_1_105' title="bbox 1487 5633 3139 5712">
     <span class='ocr_line' id='line_1_105' title="bbox 1487 5633 3139 5712; baseline -0.001 -18"><span class='ocrx_word' id='word_1_711' title='bbox 1487 5637 1559 5694; x_wconf 87' lang='lat' dir='ltr'>ab</span> <span class='ocrx_word' id='word_1_712' title='bbox 1590 5635 1852 5706; x_wconf 88' lang='lat' dir='ltr'>antiquis</span> <span class='ocrx_word' id='word_1_713' title='bbox 1891 5633 2169 5690; x_wconf 79' lang='lat' dir='ltr'>Romanis</span> <span class='ocrx_word' id='word_1_714' title='bbox 2225 5635 2418 5691; x_wconf 63' lang='lat' dir='ltr'>Graece</span> <span class='ocrx_word' id='word_1_715' title='bbox 2465 5653 2531 5691; x_wconf 85' lang='lat' dir='ltr'>ac</span> <span class='ocrx_word' id='word_1_716' title='bbox 2564 5637 2763 5694; x_wconf 89' lang='lat' dir='ltr'>Latine</span> <span class='ocrx_word' id='word_1_717' title='bbox 2793 5638 3139 5712; x_wconf 83' lang='lat' dir='ltr'>legebantur</span> 
     </span>
    </p>
   </div>
   <div class='ocr_carea' id='block_1_106' title="bbox 1489 5721 3137 5799">
    <p class='ocr_par' dir='ltr' id='par_1_106' title="bbox 1489 5721 3137 5799">
     <span class='ocr_line' id='line_1_106' title="bbox 1489 5721 3137 5799; baseline 0.003 -20"><span class='ocrx_word' id='word_1_718' title='bbox 1489 5723 1616 5799; x_wconf 86' lang='lat' dir='ltr'>(qui</span> <span class='ocrx_word' id='word_1_719' title='bbox 1642 5737 1770 5778; x_wconf 89' lang='lat' dir='ltr'>mos</span> <span class='ocrx_word' id='word_1_720' title='bbox 1787 5721 1942 5796; x_wconf 88' lang='lat' dir='ltr'>apud</span> <span class='ocrx_word' id='word_1_721' title='bbox 1962 5721 2522 5794; x_wconf 83' lang='lat' dir='ltr'>Constantinopolim</span> <span class='ocrx_word' id='word_1_722' title='bbox 2544 5723 2831 5799; x_wconf 88' lang='lat' dir='ltr'>hodieque</span> <span class='ocrx_word' id='word_1_723' title='bbox 2849 5727 3137 5799; x_wconf 88' lang='lat' dir='ltr'>servatur)</span> 
     </span>
    </p>
   </div>
   <div class='ocr_carea' id='block_1_107' title="bbox 1492 5811 3141 5897">
    <p class='ocr_par' dir='ltr' id='par_1_107' title="bbox 1492 5811 3141 5897">
     <span class='ocr_line' id='line_1_107' title="bbox 1492 5811 3141 5897; baseline 0.006 -31"><span class='ocrx_word' id='word_1_724' title='bbox 1492 5814 1733 5897; x_wconf 86' lang='lat' dir='ltr'>propter</span> <span class='ocrx_word' id='word_1_725' title='bbox 1758 5811 1904 5870; x_wconf 89' lang='lat' dir='ltr'>duas</span> <span class='ocrx_word' id='word_1_726' title='bbox 1953 5827 2164 5870; x_wconf 81' lang='lat' dir='ltr'>causas</span> <span class='ocrx_word' id='word_1_727' title='bbox 2196 5826 2212 5868; x_wconf 89' lang='lat'><strong>:</strong></span> <span class='ocrx_word' id='word_1_728' title='bbox 2245 5826 2450 5878; x_wconf 85' lang='lat' dir='ltr'>unam,</span> <span class='ocrx_word' id='word_1_729' title='bbox 2480 5812 2621 5889; x_wconf 87' lang='lat' dir='ltr'>quia</span> <span class='ocrx_word' id='word_1_730' title='bbox 2668 5813 2910 5875; x_wconf 86' lang='lat' dir='ltr'>aderant</span> <span class='ocrx_word' id='word_1_731' title='bbox 2960 5815 3141 5876; x_wconf 71' lang='lat' dir='ltr'>Graeci</span> 
     </span>
    </p>
   </div>
   <div class='ocr_carea' id='block_1_108' title="bbox 3247 4839 4499 4913">
    <p class='ocr_par' dir='ltr' id='par_1_108' title="bbox 3247 4839 4499 4913">
     <span class='ocr_line' id='line_1_108' title="bbox 3247 4839 4499 4913; baseline 0 -17"><span class='ocrx_word' id='word_1_732' title='bbox 3247 4841 3447 4907; x_wconf 88' lang='lat' dir='ltr'>soleat,</span> <span class='ocrx_word' id='word_1_733' title='bbox 3480 4857 3583 4913; x_wconf 88' lang='lat' dir='ltr'>per</span> <span class='ocrx_word' id='word_1_734' title='bbox 3612 4845 3667 4895; x_wconf 91' lang='lat' dir='ltr'>te</span> <span class='ocrx_word' id='word_1_735' title='bbox 3698 4845 3853 4912; x_wconf 87' lang='lat' dir='ltr'>opto,</span> <span class='ocrx_word' id='word_1_736' title='bbox 3886 4845 3949 4895; x_wconf 93' lang='lat' dir='ltr'>ut</span> <span class='ocrx_word' id='word_1_737' title='bbox 3973 4839 4350 4897; x_wconf 78' lang='lat' dir='ltr'>manifestum</span> <span class='ocrx_word' id='word_1_738' title='bbox 4377 4842 4499 4897; x_wconf 84' lang='lat' dir='ltr'>ﬁat.</span> 
     </span>
    </p>
   </div>
   <div class='ocr_carea' id='block_1_109' title="bbox 3309 4929 4912 4992">
    <p class='ocr_par' dir='ltr' id='par_1_109' title="bbox 3309 4929 4912 4992">
     <span class='ocr_line' id='line_1_109' title="bbox 3309 4929 4912 4992; baseline 0.002 -7"><span class='ocrx_word' id='word_1_739' title='bbox 3309 4935 3373 4985; x_wconf 84' lang='grc' dir='ltr'><strong>Β.</strong></span> <span class='ocrx_word' id='word_1_740' title='bbox 3400 4930 3484 4984; x_wconf 90' lang='lat' dir='ltr'>Ad</span> <span class='ocrx_word' id='word_1_741' title='bbox 3544 4929 3653 4985; x_wconf 88' lang='lat' dir='ltr'>hoc</span> <span class='ocrx_word' id='word_1_742' title='bbox 3697 4929 4220 4986; x_wconf 83' lang='lat' dir='ltr'>demonstrandum</span> <span class='ocrx_word' id='word_1_743' title='bbox 4272 4930 4729 4989; x_wconf 83' lang='lat' dir='ltr'>constituantur</span> <span class='ocrx_word' id='word_1_744' title='bbox 4761 4936 4912 4992; x_wconf 68' lang='lat' dir='ltr'>feris</span> 
     </span>
    </p>
   </div>
   <div class='ocr_carea' id='block_1_110' title="bbox 3239 5018 4914 5092">
    <p class='ocr_par' dir='ltr' id='par_1_110' title="bbox 3239 5018 4914 5092">
     <span class='ocr_line' id='line_1_110' title="bbox 3239 5018 4914 5092; baseline 0.003 -20"><span class='ocrx_word' id='word_1_745' title='bbox 3239 5023 3462 5090; x_wconf 89' lang='lat' dir='ltr'>septem</span> <span class='ocrx_word' id='word_1_746' title='bbox 3496 5035 3630 5074; x_wconf 92' lang='lat' dir='ltr'>cum</span> <span class='ocrx_word' id='word_1_747' title='bbox 3662 5018 3868 5074; x_wconf 92' lang='lat' dir='ltr'>diebus</span> <span class='ocrx_word' id='word_1_748' title='bbox 3899 5019 4141 5074; x_wconf 91' lang='lat' dir='ltr'>totidem</span> <span class='ocrx_word' id='word_1_749' title='bbox 4173 5019 4398 5076; x_wconf 87' lang='lat' dir='ltr'>mensis</span> <span class='ocrx_word' id='word_1_750' title='bbox 4427 5019 4740 5092; x_wconf 68' lang='lat' dir='ltr'>Martii,!id</span> <span class='ocrx_word' id='word_1_751' title='bbox 4777 5032 4869 5080; x_wconf 90' lang='lat' dir='ltr'>est</span> <span class='ocrx_word' id='word_1_752' title='bbox 4899 5041 4914 5077; x_wconf 87' lang='lat'>:</span> 
     </span>
    </p>
   </div>
   <div class='ocr_carea' id='block_1_111' title="bbox 3239 5107 4916 5181">
    <p class='ocr_par' dir='ltr' id='par_1_111' title="bbox 3239 5107 4916 5181">
     <span class='ocr_line' id='line_1_111' title="bbox 3239 5107 4916 5181; baseline 0.001 -18"><span class='ocrx_word' id='word_1_753' title='bbox 3239 5125 3272 5163; x_wconf 90' lang='lat' dir='ltr'>a</span> <span class='ocrx_word' id='word_1_754' title='bbox 3293 5124 3348 5162; x_wconf 84' lang='grc' dir='ltr'><strong>ιν</strong></span> <span class='ocrx_word' id='word_1_755' title='bbox 3371 5107 3564 5162; x_wconf 83' lang='lat' dir='ltr'>Nonas</span> <span class='ocrx_word' id='word_1_756' title='bbox 3599 5124 3784 5178; x_wconf 90' lang='lat' dir='ltr'>usque</span> <span class='ocrx_word' id='word_1_757' title='bbox 3815 5107 3873 5162; x_wconf 90' lang='lat' dir='ltr'>in</span> <span class='ocrx_word' id='word_1_758' title='bbox 3896 5124 3951 5162; x_wconf 75' lang='lat' dir='ltr'>vx</span> <span class='ocrx_word' id='word_1_759' title='bbox 3975 5107 4133 5174; x_wconf 90' lang='lat' dir='ltr'>Idus,</span> <span class='ocrx_word' id='word_1_760' title='bbox 4159 5125 4264 5180; x_wconf 89' lang='lat' dir='ltr'>per</span> <span class='ocrx_word' id='word_1_761' title='bbox 4283 5125 4431 5181; x_wconf 90' lang='lat' dir='ltr'>quos</span> <span class='ocrx_word' id='word_1_762' title='bbox 4452 5108 4633 5180; x_wconf 87' lang='lat' dir='ltr'>primi</span> <span class='ocrx_word' id='word_1_763' title='bbox 4660 5111 4916 5168; x_wconf 81' lang='lat' dir='ltr'>Sabbati</span> 
     </span>
    </p>
   </div>
   <div class='ocr_carea' id='block_1_112' title="bbox 3240 5195 4916 5274">
    <p class='ocr_par' dir='ltr' id='par_1_112' title="bbox 3240 5195 4916 5274">
     <span class='ocr_line' id='line_1_112' title="bbox 3240 5195 4916 5274; baseline 0.004 -24"><span class='ocrx_word' id='word_1_764' title='bbox 3240 5195 3474 5251; x_wconf 88' lang='lat' dir='ltr'>termini</span> <span class='ocrx_word' id='word_1_765' title='bbox 3505 5195 3693 5251; x_wconf 92' lang='lat' dir='ltr'>solent</span> <span class='ocrx_word' id='word_1_766' title='bbox 3716 5195 3950 5261; x_wconf 88' lang='lat' dir='ltr'>variari,</span> <span class='ocrx_word' id='word_1_767' title='bbox 3981 5200 4045 5250; x_wconf 88' lang='lat' dir='ltr'>ut</span> <span class='ocrx_word' id='word_1_768' title='bbox 4097 5196 4156 5251; x_wconf 92' lang='lat' dir='ltr'>in</span> <span class='ocrx_word' id='word_1_769' title='bbox 4205 5196 4299 5252; x_wconf 92' lang='lat' dir='ltr'>his</span> <span class='ocrx_word' id='word_1_770' title='bbox 4329 5196 4614 5269; x_wconf 86' lang='lat' dir='ltr'>inspectis</span> <span class='ocrx_word' id='word_1_771' title='bbox 4648 5215 4758 5256; x_wconf 84' lang='lat' dir='ltr'>res</span> <span class='ocrx_word' id='word_1_772' title='bbox 4792 5202 4916 5274; x_wconf 83' lang='lat' dir='ltr'>ipsa</span> 
     </span>
    </p>
   </div>
   <div class='ocr_carea' id='block_1_113' title="bbox 3240 5283 4918 5358">
    <p class='ocr_par' dir='ltr' id='par_1_113' title="bbox 3240 5283 4918 5358">
     <span class='ocr_line' id='line_1_113' title="bbox 3240 5283 4918 5358; baseline 0.003 -18"><span class='ocrx_word' id='word_1_773' title='bbox 3240 5283 3464 5356; x_wconf 90' lang='lat' dir='ltr'>aperiat</span> <span class='ocrx_word' id='word_1_774' title='bbox 3493 5302 3552 5340; x_wconf 88' lang='lat' dir='ltr'>se</span> <span class='ocrx_word' id='word_1_775' title='bbox 3575 5284 3763 5339; x_wconf 91' lang='lat' dir='ltr'>nobis.</span> <span class='ocrx_word' id='word_1_776' title='bbox 3798 5285 3884 5339; x_wconf 89' lang='lat' dir='ltr'>Ab</span> <span class='ocrx_word' id='word_1_777' title='bbox 3908 5283 4115 5340; x_wconf 89' lang='lat' dir='ltr'>ultimo</span> <span class='ocrx_word' id='word_1_778' title='bbox 4136 5285 4313 5341; x_wconf 82' lang='lat' dir='ltr'>etiam</span> <span class='ocrx_word' id='word_1_779' title='bbox 4345 5285 4740 5358; x_wconf 84' lang='lat' dir='ltr'>incipiamus.</span> <span class='ocrx_word' id='word_1_780' title='bbox 4767 5290 4918 5345; x_wconf 74' lang='lat' dir='ltr'>Mar-</span> 
     </span>
    </p>
   </div>
   <div class='ocr_carea' id='block_1_114' title="bbox 3243 5371 4916 5446">
    <p class='ocr_par' dir='ltr' id='par_1_114' title="bbox 3243 5371 4916 5446">
     <span class='ocr_line' id='line_1_114' title="bbox 3243 5371 4916 5446; baseline 0.002 -18"><span class='ocrx_word' id='word_1_781' title='bbox 3243 5373 3363 5428; x_wconf 91' lang='lat' dir='ltr'>tius</span> <span class='ocrx_word' id='word_1_782' title='bbox 3393 5378 3494 5428; x_wconf 91' lang='lat' dir='ltr'>aut</span> <span class='ocrx_word' id='word_1_783' title='bbox 3515 5373 3721 5445; x_wconf 88' lang='lat' dir='ltr'>quinta</span> <span class='ocrx_word' id='word_1_784' title='bbox 3752 5372 3895 5428; x_wconf 79' lang='lat' dir='ltr'>feria</span> <span class='ocrx_word' id='word_1_785' title='bbox 3915 5371 4144 5444; x_wconf 91' lang='lat' dir='ltr'>incipit,</span> <span class='ocrx_word' id='word_1_786' title='bbox 4175 5378 4232 5429; x_wconf 91' lang='lat' dir='ltr'>et</span> <span class='ocrx_word' id='word_1_787' title='bbox 4260 5374 4583 5430; x_wconf 85' lang='lat' dir='ltr'>Sabbatum</span> <span class='ocrx_word' id='word_1_788' title='bbox 4637 5375 4825 5446; x_wconf 88' lang='lat' dir='ltr'>illud,</span> <span class='ocrx_word' id='word_1_789' title='bbox 4862 5380 4916 5432; x_wconf 88' lang='lat' dir='ltr'>in</span> 
     </span>
    </p>
   </div>
   <div class='ocr_carea' id='block_1_115' title="bbox 3243 5460 4918 5534">
    <p class='ocr_par' dir='ltr' id='par_1_115' title="bbox 3243 5460 4918 5534">
     <span class='ocr_line' id='line_1_115' title="bbox 3243 5460 4918 5534; baseline 0.002 -18"><span class='ocrx_word' id='word_1_790' title='bbox 3243 5477 3359 5534; x_wconf 89' lang='lat' dir='ltr'>quo</span> <span class='ocrx_word' id='word_1_791' title='bbox 3389 5465 3478 5516; x_wconf 90' lang='lat' dir='ltr'>est</span> <span class='ocrx_word' id='word_1_792' title='bbox 3518 5461 3930 5532; x_wconf 89' lang='lat' dir='ltr'>jejunandum,</span> <span class='ocrx_word' id='word_1_793' title='bbox 3963 5460 4162 5517; x_wconf 86' lang='lat' dir='ltr'>Idibus</span> <span class='ocrx_word' id='word_1_794' title='bbox 4211 5463 4492 5529; x_wconf 90' lang='lat' dir='ltr'>occurrit;</span> <span class='ocrx_word' id='word_1_795' title='bbox 4525 5468 4632 5520; x_wconf 88' lang='lat' dir='ltr'>aut</span> <span class='ocrx_word' id='word_1_796' title='bbox 4683 5469 4918 5522; x_wconf 79' lang='lat' dir='ltr'>mensis</span> 
     </span>
    </p>
   </div>
   <div class='ocr_carea' id='block_1_116' title="bbox 3245 5549 4914 5620">
    <p class='ocr_par' dir='ltr' id='par_1_116' title="bbox 3245 5549 4914 5620">
     <span class='ocr_line' id='line_1_116' title="bbox 3245 5549 4914 5620; baseline 0.003 -14"><span class='ocrx_word' id='word_1_797' title='bbox 3245 5555 3406 5606; x_wconf 82' lang='lat' dir='ltr'>sexta</span> <span class='ocrx_word' id='word_1_798' title='bbox 3427 5549 3590 5620; x_wconf 83' lang='lat' dir='ltr'>feria,</span> <span class='ocrx_word' id='word_1_799' title='bbox 3611 5550 3930 5604; x_wconf 88' lang='lat' dir='ltr'>Sabbatum</span> <span class='ocrx_word' id='word_1_800' title='bbox 3957 5567 4089 5606; x_wconf 87' lang='lat' dir='ltr'>vero</span> <span class='ocrx_word' id='word_1_801' title='bbox 4117 5567 4192 5608; x_wconf 83' lang='lat' dir='ltr'>vn</span> <span class='ocrx_word' id='word_1_802' title='bbox 4229 5551 4335 5619; x_wconf 90' lang='lat' dir='ltr'>Id.;</span> <span class='ocrx_word' id='word_1_803' title='bbox 4361 5556 4464 5606; x_wconf 89' lang='lat' dir='ltr'>aut</span> <span class='ocrx_word' id='word_1_804' title='bbox 4493 5550 4594 5607; x_wconf 84' lang='lat' dir='ltr'>ille</span> <span class='ocrx_word' id='word_1_805' title='bbox 4629 5553 4790 5610; x_wconf 81' lang='lat' dir='ltr'>feria</span> <span class='ocrx_word' id='word_1_806' title='bbox 4821 5574 4914 5618; x_wconf 79' lang='lat' dir='ltr'>vn,</span> 
     </span>
    </p>
   </div>
   <div class='ocr_carea' id='block_1_117' title="bbox 3244 5638 4918 5712">
    <p class='ocr_par' dir='ltr' id='par_1_117' title="bbox 3244 5638 4918 5712">
     <span class='ocr_line' id='line_1_117' title="bbox 3244 5638 4918 5712; baseline 0.004 -18"><span class='ocrx_word' id='word_1_807' title='bbox 3244 5638 3402 5696; x_wconf 89' lang='lat' dir='ltr'>istud</span> <span class='ocrx_word' id='word_1_808' title='bbox 3434 5655 3534 5694; x_wconf 81' lang='lat' dir='ltr'>vni</span> <span class='ocrx_word' id='word_1_809' title='bbox 3558 5638 3663 5694; x_wconf 90' lang='lat' dir='ltr'>Id..</span> <span class='ocrx_word' id='word_1_810' title='bbox 3697 5643 3800 5693; x_wconf 88' lang='lat' dir='ltr'>aut</span> <span class='ocrx_word' id='word_1_811' title='bbox 3830 5638 4051 5694; x_wconf 90' lang='lat' dir='ltr'>mensis</span> <span class='ocrx_word' id='word_1_812' title='bbox 4086 5657 4268 5712; x_wconf 51' lang='lat' dir='ltr'>aqua:</span> <span class='ocrx_word' id='word_1_813' title='bbox 4299 5645 4389 5696; x_wconf 88' lang='lat' dir='ltr'>est</span> <span class='ocrx_word' id='word_1_814' title='bbox 4417 5639 4918 5700; x_wconf 71' lang='lat' dir='ltr'>Dominica.S-ab-</span> 
     </span>
    </p>
   </div>
   <div class='ocr_carea' id='block_1_118' title="bbox 3245 5726 4920 5796">
    <p class='ocr_par' dir='ltr' id='par_1_118' title="bbox 3245 5726 4920 5796">
     <span class='ocr_line' id='line_1_118' title="bbox 3245 5726 4920 5796; baseline 0.002 -11"><span class='ocrx_word' id='word_1_815' title='bbox 3245 5729 3449 5785; x_wconf 86' lang='lat' dir='ltr'>batum</span> <span class='ocrx_word' id='word_1_816' title='bbox 3483 5727 3629 5785; x_wconf 86' lang='lat' dir='ltr'>Non.</span> <span class='ocrx_word' id='word_1_817' title='bbox 3654 5730 3766 5784; x_wconf 90' lang='lat' dir='ltr'>Aut</span> <span class='ocrx_word' id='word_1_818' title='bbox 3797 5727 3845 5782; x_wconf 88' lang='lat' dir='ltr'>si</span> <span class='ocrx_word' id='word_1_819' title='bbox 3878 5726 3974 5783; x_wconf 84' lang='lat' dir='ltr'>ille</span> <span class='ocrx_word' id='word_1_820' title='bbox 4017 5728 4159 5784; x_wconf 85' lang='lat' dir='ltr'>feria</span> <span class='ocrx_word' id='word_1_821' title='bbox 4189 5746 4247 5796; x_wconf 80' lang='grc' dir='ltr'><strong>ιι,</strong></span> <span class='ocrx_word' id='word_1_822' title='bbox 4278 5729 4432 5785; x_wconf 91' lang='lat' dir='ltr'>istud</span> <span class='ocrx_word' id='word_1_823' title='bbox 4471 5728 4634 5785; x_wconf 89' lang='lat' dir='ltr'>Prid.</span> <span class='ocrx_word' id='word_1_824' title='bbox 4667 5730 4834 5794; x_wconf 87' lang='lat' dir='ltr'>Non.</span> <span class='ocrx_word' id='word_1_825' title='bbox 4869 5735 4920 5788; x_wconf 77' lang='lat' dir='ltr'>Si</span> 
     </span>
    </p>
   </div>
   <div class='ocr_carea' id='block_1_119' title="bbox 3246 5817 4920 5902">
    <p class='ocr_par' dir='ltr' id='par_1_119' title="bbox 3246 5817 4920 5902">
     <span class='ocr_line' id='line_1_119' title="bbox 3246 5817 4920 5902; baseline 0.004 -26"><span class='ocrx_word' id='word_1_826' title='bbox 3246 5833 3380 5876; x_wconf 79' lang='lat' dir='ltr'>vero</span> <span class='ocrx_word' id='word_1_827' title='bbox 3411 5817 3508 5874; x_wconf 90' lang='lat' dir='ltr'>ille</span> <span class='ocrx_word' id='word_1_828' title='bbox 3553 5833 3612 5875; x_wconf 86' lang='grc' dir='ltr'>ιιι</span> <span class='ocrx_word' id='word_1_829' title='bbox 3658 5817 3814 5876; x_wconf 87' lang='lat' dir='ltr'>istud</span> <span class='ocrx_word' id='word_1_830' title='bbox 3865 5834 3927 5874; x_wconf 89' lang='grc' dir='ltr'>ιιι</span> <span class='ocrx_word' id='word_1_831' title='bbox 3960 5817 4104 5881; x_wconf 74' lang='lat' dir='ltr'>Non.</span> <span class='ocrx_word' id='word_1_832' title='bbox 4139 5821 4254 5876; x_wconf 83' lang='lat' dir='ltr'>Aut</span> <span class='ocrx_word' id='word_1_833' title='bbox 4285 5819 4334 5878; x_wconf 88' lang='lat' dir='ltr'>si</span> <span class='ocrx_word' id='word_1_834' title='bbox 4379 5819 4631 5878; x_wconf 81' lang='lat' dir='ltr'>Martius</span> <span class='ocrx_word' id='word_1_835' title='bbox 4655 5822 4815 5882; x_wconf 82' lang='lat' dir='ltr'>feria</span> <span class='ocrx_word' id='word_1_836' title='bbox 4847 5841 4920 5902; x_wconf 77' lang='lat' dir='ltr'>Iv,</span> 
     </span>
    </p>
   </div>
  </div>
