3886 6392
61 462 230 526 1093
986 458 1378 526 DIALOGUS
1422 461 1523 523 DE
1566 456 1909 524 JEJUNIIS
1956 460 2330 532 ousruon
2373 455 2613 527 'l‘EMP.
3340 430 3505 529 ιοειι⁸

64 597 410 653 Sabbatum
444 612 500 651 ιν
531 596 680 652 Non.
712 596 767 651 Si
800 612 868 652 ex
898 595 990 651 his
1021 593 1270 666 singulis
1302 592 1567 649 terminis
1588 592 1747 648 adhi-
1773 594 1830 659 Α
1859 591 2069 648 Christi
2101 596 2241 648 sunt
2270 610 2402 649 eum
2436 595 2563 666 ipso
2584 612 2597 661 ;
2622 598 2705 650 tot
2736 594 2911 649 etiam
2942 592 3316 652 hebdomadas
3341 597 3495 655 inve-

68 686 197 741 bita
246 686 700 757 computatione
744 686 814 741 ad
871 683 1149 739 terminos
1200 682 1359 739 Junii
1408 681 1645 747 mensis,
1691 684 1748 737 et
1858 680 2099 735 niuntur
2127 699 2161 735 a
2195 682 2381 755 primo
2430 683 2684 738 Sabbato
2727 682 2900 755 primi
2951 684 3169 739 mensis
3211 701 3394 757 usque
3427 688 3497 741 ad

71 776 295 830 iterum
322 773 399 829 ab
430 773 547 829 illis
575 774 645 829 ad
663 772 946 829 terminos
965 771 1323 844 Septembris
1347 787 1448 843 per
1467 774 1742 843 quatuor-
1857 772 2132 839 quartum
2191 770 2510 825 Sabhatum
2568 771 2777 826 decimi
2838 771 3075 828 mensis.
3136 771 3499 829 Consecratio

76 861 274 918 decim
303 860 719 917 hebdomadas
752 861 935 917 aciem
966 864 1121 915 recte
1141 858 1594 931 dirigis,liquido
1612 874 1746 928 per-
1857 855 2046 929 prima
2072 855 2398 914 celebratur
2426 858 2616 931 primo
2646 859 2902 914 Sabbato
2925 858 3098 931 primi
3130 860 3501 934 mensis,quaa

75 950 314 1007 videbis
348 950 410 1005 in
446 956 656 1022 quarto
689 967 791 1005 seu
824 949 1073 1021 septimo
1096 964 1296 1003 mense
1318 953 1555 1019 quartas
1578 945 1748 1002 ferias
1858 945 2026 1017 quasi
2056 944 2114 1000 in
2147 946 2270 1003 loco
2312 947 2558 1003 Abrahae
2591 952 2831 1020 generat
2858 947 3178 1004 Christum.
3209 948 3503 1005 Abraham

73 1041 249 1112 juxta
283 1038 382 1095 sui
414 1039 808 1111 quantitatem
841 1037 965 1093 suis
997 1036 1269 1093 Sabbatis
1298 1036 1497 1091 minus
1526 1035 1747 1100 deesse,
1859 1034 2272 1105 interpretatur
2314 1044 2472 1107 pater
2499 1037 2800 1091 multarum
2834 1038 3101 1118 gentium,
3136 1036 3230 1092 cui
3280 1037 3502 1093 dictum

81 1131 325 1201 excepto
359 1126 714 1200 Septembri,
733 1127 967 1200 quando
996 1125 1121 1197 ipse
1148 1124 1357 1197 incipit
1387 1124 1529 1180 feria
1556 1140 1609 1189 v,
1642 1122 1751 1177 Ju-

84 1218 222 1272 nius
254 1232 335 1283 ιν,
371 1216 623 1271 Martius
656 1233 738 1282 ιιι,
774 1213 952 1271 simul
986 1218 1179 1270 autem
1213 1212 1540 1284 Septembri
1572 1216 1631 1266 et
1652 1211 1752 1266 Ju-

86 1306 182 1362 nio
211 1324 225 1374 ;
250 1321 392 1360 cum
426 1304 581 1359 idem
616 1303 959 1376 September
987 1302 1130 1357 feria
1160 1318 1236 1368 v1,
1270 1300 1481 1356 Junius
1510 1315 1563 1367 v,
1606 1300 1754 1354 Mar-

87 1393 212 1448 tius
244 1410 323 1448 1v.
363 1394 494 1458 Qua
526 1408 597 1447 ex
629 1409 687 1447 re
716 1390 963 1458 eveniat,
996 1388 1268 1462 prudenti
1312 1386 1649 1444 calculatori
1682 1386 1752 1442 ad

91 1480 507 1554 indagandum
539 1496 914 1551 nequaquam
941 1478 1052 1533 erit
1072 1476 1327 1532 difficile.

162 1569 242 1624 Et
269 1568 367 1624 his
404 1568 685 1624 omnibus
715 1567 861 1623 ratio
892 1566 1197 1622 manifeste
1227 1566 1393 1620 docet
1430 1563 1658 1618 firmius
1690 1578 1756 1617 ac

95 1656 369 1714 stabilius
403 1655 554 1711 illud
586 1673 714 1711 esse
744 1653 1421 1728 argumentum,quodex
1443 1651 1759 1707 hebdoma-

96 1745 303 1801 darum
337 1759 593 1799 numero
642 1741 952 1799 collectum
995 1757 1297 1814 nunquam
1351 1744 1537 1806 nutat,
1580 1755 1757 1812 quam

98 1833 251 1906 quod
284 1849 355 1888 ex
388 1831 674 1888 feriarum
726 1830 1192 1886 consideratione
1231 1828 1614 1901 capitulatum
1648 1826 1759 1882 ali-

100 1918 333 1994 quando
364 1910 626 1977 vacillat.
659 1920 739 1975 De
767 1934 967 1974 mense
997 1934 1131 1973 vero
1161 1917 1387 1973 decimo
1419 1914 1565 1971 nihil
1601 1914 1757 1969 aliud

102 2008 418 2065 dicendum
446 2011 559 2072 est,
596 2006 706 2061 nisi
741 2011 804 2061 ut
853 2005 1181 2079 proximum
1215 2010 1347 2060 ante
1390 2002 1759 2060 Nativitatcm

105 2096 332 2152 Domini
402 2112 643 2168 semper
701 2094 1043 2149 observetur
1098 2093 1441 2161 Sabbatum,
1500 2095 1757 2163 excepto,

109 2186 340 2258 quando
369 2182 581 2258 vigilia
610 2182 865 2239 evenerit
893 2182 949 2236 in
985 2182 1126 2237 feria
1157 2181 1425 2254 septima.

768 2277 1001 2335 CAPUT
1038 2277 1099 2334 V.

236 2360 521 2419 Praedicta
551 2360 791 2431 amplius
824 2359 1179 2414 illustrantur
1207 2360 1261 2413 et
1285 2356 1627 2413 roborantur.

182 2449 237 2506 ϐ.
277 2447 564 2515 Quamvis
617 2446 801 2503 oratio
860 2451 963 2501 tua
1011 2446 1156 2502 mihi
1215 2447 1570 2519 persuaserit.
1619 2444 1762 2501 nihil

113 2538 295 2593 verius
327 2553 458 2593 esse
494 2554 675 2608 quam
709 2537 863 2608 quod
897 2535 1131 2602 asseris,
1164 2535 1369 2590 vellem
1411 2539 1604 2591 tamen
1640 2552 1765 2606 per-

118 2625 300 2682 doceri
333 2643 454 2698 qua
491 2624 841 2681 auctoritate
873 2624 981 2679 hoc
1004 2628 1412 2695 argumentum
1436 2641 1503 2678 ex
1526 2638 1768 2677 numero

119 2713 560 2785 quatuordecim
594 2712 1094 2768 hebdomadarum
1130 2711 1428 2766 inventum
1454 2711 1640 2783 magis
1670 2711 1767 2765 de-

122 2801 245 2857 beat
273 2819 404 2858 esse
439 2801 957 2874 ratum,prazcipue
987 2816 1119 2855 cum
1152 2804 1206 2854 te
1256 2800 1524 2872 superius
1556 2799 1770 2854 dixisse

124 2891 379 2946 recorder
409 2889 561 2945 nihil
609 2889 669 2944 in
718 2888 1131 2945 ecclesiasticis
1183 2887 1708 2944 consuetudinibus
1738 2904 1771 2941 a

127 2979 334 3035 sanctis
364 2979 648 3036 Patribus
680 2994 807 3033 esse
833 2977 1217 3032 constitutum
1244 2976 1395 3049 quod
1431 2993 1543 3031 non
1577 2974 1772 3046 aliqua

127 3067 339 3123 ratione
370 3067 447 3122 sit
477 3066 846 3123 roboratum.

195 3156 251 3211 Β.
283 3154 415 3210 Scio
447 3170 543 3210 me
576 3168 681 3227 pro
713 3152 967 3209 certoita
996 3153 1211 3208 dixisse
1238 3170 1250 3208 :
1285 3156 1343 3208 et
1374 3168 1549 3224 quam
1572 3167 1770 3206 verum

132 3243 201 3297 sit
227 3244 400 3299 etiam
460 3243 521 3298 in
585 3241 696 3298 hac
747 3259 825 3309 re,
885 3243 955 3297 de
1013 3258 1129 3314 qua
1176 3258 1432 3313 praesens
1491 3244 1776 3296 tractatus

1859 1126 1948 1178 est
1984 1123 2090 1177 :In
2142 1126 2349 1180 semine
2395 1133 2489 1181 tuo
2535 1122 2918 1181 benedicentur
2969 1140 3151 1181 omnes
3194 1133 3403 1195 gentes.
3444 1125 3504 1182 Si

1861 1209 1993 1283 quis
2020 1218 2393 1267 consecratus
2424 1217 2543 1268 stat
2572 1211 2631 1267 in
2664 1213 2886 1269 semine
2919 1212 3237 1269 multorum
3266 1229 3503 1270 conver-

1861 1298 2109 1353 tentium
2142 1317 2244 1372 per
2275 1317 2379 1355 sua
2410 1299 2675 1373 exempla
2704 1300 2775 1355 ad
2832 1302 3033 1369 Deum,
3067 1306 3157 1357 est
3185 1301 3372 1374 primo
3403 1319 3505 1375 pa-

1862 1386 2116 1443 triarcha
2148 1388 2439 1444 Abraham
2466 1389 2737 1461 genitus;
2765 1393 2855 1445 est
2886 1389 3079 1462 ipsum
3112 1407 3311 1446 semen
3343 1390 3505 1446 Chri-

1865 1475 2079 1541 stus,in
2114 1492 2227 1548 quo
2250 1477 2470 1547 semine
2494 1477 2849 1549 promissum
2874 1482 2962 1533 est
2980 1478 3220 1533 Abrahae
3242 1479 3505 1536 benedici

1867 1580 2069 1618 omnes
2099 1564 2459 1636 gentes.lpsa
2483 1566 2841 1621 consecratio
2871 1570 3132 1638 tempore
3161 1583 3335 1622 verno
3367 1566 3510 1623 cele-

1865 1652 2087 1720 bratur,
2123 1653 2277 1724 quod
2327 1657 2560 1725 tempus
2612 1653 2806 1709 habile
2852 1658 2943 1709 est
2988 1654 3507 1727 procreationihus.

1866 1739 2012 1795 Nam
2037 1744 2093 1795 et
2121 1740 2413 1796 Abraham
2444 1742 2617 1797 tertia
2644 1742 3120 1814 aetatefuithujus
3135 1742 3361 1810 mundi,
3383 1760 3510 1816 quas

1869 1832 2007 1884 artas
2026 1834 2400 1900 comparatur
2422 1829 2979 1902 adolescentiae,quze
3002 1830 3216 1886 habilis
3236 1837 3326 1888 est
3344 1848 3513 1905 gene-

1872 1916 2080 1972 rationi
2114 1916 2387 1973 filiorum.
2420 1919 2689 1974 Secunda
2718 1920 3072 1976 consecratio
3098 1924 3187 1976 est
3216 1920 3274 1976 in
3305 1925 3513 1992 quarto

1872 2007 2355 2071 mense,secundo
2368 2006 2801 2079 Sabbato,quod
2822 2012 2910 2062 est
2924 2008 3157 2063 initium
3174 2009 3517 2065 secundica-

1872 2092 2045 2166 tologi
2062 2094 2503 2165 quatuordecim
2526 2095 3185 2152 hebdomadarumdiaec
3202 2098 3518 2170 deputatur

1871 2181 1929 2236 in
1962 2182 2086 2237 loco
2119 2182 2372 2238 filiorum
2418 2183 2620 2239 David.
2653 2183 2831 2239 David
2890 2183 3305 2256 interpretatur
3347 2203 3518 2241 manu

1871 2269 2054 2343 fortis.
2088 2270 2217 2343 Ipse
2250 2271 2563 2342 prostravit
2594 2270 2844 2340 Goliam,
2872 2272 2927 2326 id
2961 2272 3383 2341 est,humilitas
3418 2292 3517 2330 su-

1874 2358 2158 2431 perbiam.
2185 2358 2289 2422 Qui
2316 2364 3064 2432 consecrantur,propterea
3081 2367 3515 2432 consecrantur,

1876 2450 1941 2501 ut
1978 2446 2156 2502 fortes
2188 2447 2305 2502 sint
2334 2451 2391 2502 et
2422 2464 2524 2519 per
2554 2447 2945 2503 humilitatem
2996 2449 3277 2520 dejiciant
3314 2467 3517 2522 super-

1876 2536 2195 2607 biam.lpsa
2226 2534 2556 2591 celebratur
2586 2537 2643 2592 in
2673 2536 2848 2591 Junio
2880 2553 3099 2605 mense,
3130 2540 3284 2610 quod
3334 2540 3523 2595 fervor

1878 2639 2129 2695 magnus
2156 2622 2295 2677 solis
2327 2628 2415 2678 est
2446 2640 2623 2697 super
2644 2624 3170 2683 terram.0mnibus
3200 2630 3403 2683 notum
3432 2632 3522 2684 est

1878 2711 2056 2766 David
2086 2711 2426 2767 bellicosum
2462 2712 2640 2768 fuisse
2684 2717 2739 2768 et
2782 2712 2947 2769 valde
2982 2714 3197 2770 arsisse
3229 2714 3285 2770 in
3317 2716 3519 2772 Marte.

1876 2799 2134 2871 Tempus
2164 2800 2325 2855 Junii
2357 2805 2559 2872 aptum
2586 2805 2677 2858 est
2708 2801 2895 2857 bellis.
2930 2802 3123 2858 Tertia
3167 2805 3524 2861 consecratio

1880 2887 2205 2943 celebratur
2236 2888 2294 2942 in
2325 2890 2708 2960 Septembrio,
2741 2891 2911 2945 tertio
2946 2892 3219 2961 Sabbato,
3252 2894 3406 2965 quod
3438 2897 3527 2948 est

1882 2975 2114 3030 initium
2149 2976 2301 3031 tertii
2334 2974 2766 3049 catalogi.'Ha2c
2810 2979 3124 3051 deputatur
3167 2982 3528 3054 generationi

1881 3063 2194 3120 Jechoniaz.
2226 3064 2541 3119 Jeehonias
2590 3064 3008 3138 interpretatur
3052 3071 3383 3140 praeparatio
3424 3071 3527 3126 Do-

1882 3152 2030 3206 mini
2062 3167 2074 3205 :
2111 3144 2373 3223 nullique
2401 3151 2725 3220 duhium,si
2748 3170 2953 3210 omnes
2970 3160 3197 3228 oportet
3216 3158 3528 3229 praeparari

1883 3239 1940 3294 in
1996 3240 2243 3295 adventu
2274 3241 2651 3313 Christi,quin
2666 3242 3036 3313 potissimum
3052 3260 3149 3299 eos
3171 3244 3271 3316 qui
3294 3262 3528 3302 sacran-

131 3328 385 3400 habetur,
420 3348 540 3404 qua
572 3334 797 3403 potero,
848 3311 1128 3387 brevitate
1172 3311 1240 3384 ex
1269 3328 1440 3384 dictis
1478 3329 1767 3399 majorum
1796 3311 1843 3381 Ο
1874 3331 1989 3383 tur.
2022 3330 2155 3393 Quae
2186 3311 2549 3384 consecratio
2563 3311 2739 3384 habet
2771 3330 2945 3385 finem
2988 3331 3046 3385 in
3071 3311 3528 3404 ipsaNativitate

134 3420 337 3473 curabo
369 3419 801 3474 demonstrare.
838 3417 1020 3489 Igitur
1066 3416 1416 3484 Amalarius,
1445 3415 1776 3473 divinorum

133 3505 447 3563 officiorum
507 3506 824 3578 indagator
882 3504 1323 3572 solertissimus,
1392 3505 1562 3576 cujus
1625 3503 1780 3559 dicta

135 3594 547 3652 catholicorum
607 3595 866 3649 virorum
922 3593 1229 3650 sententiis
1260 3592 1482 3665 fulgent
1528 3593 1774 3661 munita,

136 3697 257 3738 cum
284 3684 353 3739 de
381 3684 607 3741 eisdem
661 3683 988 3756 disputaret
1014 3682 1279 3754 jejuniis,
1331 3682 1415 3737 sic
1463 3681 1614 3736 inter
1664 3679 1779 3736 alia

140 3768 271 3825 dicit
318 3772 419 3843 (De
479 3772 646 3846 Ofﬁc.
690 3771 850 3827 eccle.
909 3769 1011 3825 lib.
1066 3784 1126 3837 ιι,
1179 3787 1230 3825 e.
1289 3768 1589 3840 t):Primi
1648 3784 1780 3840 apo-

144 3858 319 3913 stolici
350 3876 588 3932 semper
618 3859 674 3913 in
701 3858 1039 3913 Decembrio
1062 3856 1347 3924 mense,in
1366 3873 1480 3929 quo
1502 3856 1781 3912 Nativitas

145 3944 360 4003 Domini
418 3948 609 4004 nostri
661 3947 801 4002 Jesu
850 3946 1061 4003 Christi
1094 3946 1443 4015 celebratur,
1473 3962 1780 4002 consecra-

142 4033 317 4092 tiones
348 4037 773 4093 ministrabant
808 4052 992 4107 usque
1025 4035 1095 4089 ad
1119 4033 1510 4106 Simplicium,
1542 4035 1643 4106 qui
1674 4032 1783 4090 fuit

144 4123 351 4179 abeato
383 4124 550 4181 Petro
582 4122 1075 4196 qhadragesimus
1122 4139 1331 4177 nonus.
1374 4122 1504 4194 Ipse
1555 4122 1783 4193 primus

143 4213 481 4268 consecravit
512 4214 574 4269 in
611 4212 944 4277 Februario,
978 4210 1039 4265 ni
1068 4209 1484 4278 fallor,nullam
1503 4211 1575 4265 ob
1605 4209 1780 4266 aliam

143 4312 383 4369 causam,
419 4301 534 4357 nisi
569 4299 897 4356 intimando
929 4297 1371 4371 coniungendas
1393 4296 1781 4370 propinquius

144 4384 334 4443 Christi
365 4389 595 4462 corpori
627 4388 728 4461 qui
760 4405 863 4461 per
890 4403 1123 4443 sacrum
1156 4386 1549 4442 ministerium
1582 4402 1781 4458 prove-

146 4471 531 4550 huntur,quod
565 4477 728 4533 nullo
759 4476 932 4532 modo
966 4475 1159 4531 satius
1194 4475 1315 4531 fieri
1367 4479 1575 4547 potest,
1604 4490 1780 4547 quam

147 4560 189 4614 si
210 4578 304 4633 per
328 4581 426 4621 eos
454 4564 822 4639 patriarchas
848 4581 917 4620 ex
948 4563 1167 4635 quibus
1201 4567 1373 4618 natus
1401 4567 1491 4618 est
1519 4562 1782 4619 Christus

1886 3416 2267 3483 Christi.Quze
2299 3417 2686 3489 aliquandoin
2716 3418 2884 3475 tertia
2912 3419 3279 3476 hebdomade
3306 3421 3526 3491 ﬁnitur,

1885 3521 1990 3577 pro
2000 3508 2130 3577 pter
2151 3503 2624 3577 anticipationem
2662 3506 2890 3562 dierum
2923 3507 3253 3565 Nativitatis
3281 3509 3527 3580 Domini,

1885 3596 1944 3647 et
1972 3592 2147 3648 habet
2170 3594 2443 3649 tredecim
2466 3594 3203 3668 hebdomadas,aliquando
3223 3597 3281 3653 in
3301 3602 3529 3671 quarta,

1888 3686 2125 3754 propter
2144 3683 2503 3749 tarditatem,
2535 3689 2592 3739 et
2633 3682 2811 3740 habet
2839 3686 3302 3757 quatuordecim.
3333 3687 3533 3760 Neque

1888 3769 1996 3825 hoc
2026 3771 2152 3826 sine
2184 3770 2405 3826 ratione
2434 3775 2542 3827 est.
2577 3772 2723 3836 Quia
2754 3772 2802 3827 si
2834 3778 3205 3847 computetur
3233 3773 3532 3849 catalogus

1887 3858 2217 3913 novissimae
2247 3860 2768 3915 tesserecedecadis
2792 3862 2890 3932 (ita
2918 3860 3144 3930 cod.),et
3173 3860 3351 3918 semel
3373 3879 3531 3918 com-

1888 3947 2471 4019 puteturJechonias,
2505 3965 2619 4003 non
2671 3948 2927 4020 amplius
2978 3951 3355 4019 inveniuntur
3394 3967 3531 4007 cum

1888 4038 2016 4106 ipso
2044 4033 2271 4089 Christo
2301 4051 2478 4106 quam
2510 4035 2788 4090 tredecim
2835 4038 3258 4108 generationes.
3292 4038 3351 4094 Si
3405 4039 3529 4111 ipse

1889 4120 1979 4176 bis
2010 4125 2397 4193 computetur,
2451 4124 2891 4194 quatuordecim
2946 4125 3342 4181 inveniuntur.
3386 4150 3414 4177 η
3448 4129 3531 4183 En

1889 4209 2089 4277 habes,
2132 4210 2288 4281 quod
2339 4209 2483 4265 scire
2532 4211 2828 4282 cupiebas,
2878 4229 2995 4283 qua
3040 4212 3310 4271 videlicet
3352 4231 3535 4272 causa

1889 4302 2300 4371 argumentum
2335 4301 2585 4370 quatuor
2604 4299 2968 4369 jejuniorum
2998 4317 3068 4356 ex
3118 4302 3339 4358 ratione
3387 4321 3531 4376 qua-

1888 4386 2209 4443 tuordecim
2241 4385 2740 4442 hebdomadarum
2765 4387 2843 4444 sit
2871 4387 3281 4462 colligendum.

1963 4477 2022 4533 G.
2058 4474 2287 4532 Gratias
2317 4475 2433 4531 Deo
2465 4492 2532 4532 ac
2579 4475 2681 4531 tibi
2732 4493 2839 4550 ago
2883 4476 3022 4549 quia
3050 4478 3134 4534 sic
3182 4479 3386 4537 habeo.
3419 4483 3531 4540 Sed

1892 4581 2007 4620 non
2039 4564 2396 4620 infructuose
2443 4564 2636 4620 adhuc
2685 4566 3063 4638 quierendum
3112 4568 3363 4625 arbitror
3391 4571 3531 4643 quid

148 4653 662 4727 generentur,quod
683 4650 1053 4742 impossibile
1066 4656 1154 4707 est
1176 4650 1499 4742 secundum
1525 4665 1778 4742 carnem,
1810 4673 1861 4742 Β
1891 4652 1999 4709 hoc
2028 4652 2165 4709 velit
2189 4654 2343 4725 quod
2388 4653 2606 4710 dicitur
2636 4671 2649 4708 :
2684 4654 2747 4710 Si
2773 4656 2937 4710 semel
2977 4665 3318 4729 computetur
3344 4660 3531 4716 Jecho-

151 4741 451 4797 secundum
480 4758 619 4797 vero
649 4741 924 4815 spiritum
947 4739 1192 4813 dignum
1225 4743 1283 4795 et
1310 4738 1777 4807 habile;hocest:

149 4828 207 4878 ut
244 4843 341 4898 per
386 4829 899 4903 interpretationes
954 4829 1259 4885 nominum
1310 4827 1775 4901 patriarcharum

152 4922 449 4974 nascantur
480 4923 699 4988 mente,
735 4919 834 4991 qui
885 4916 1233 4991 genealogis;
1266 4916 1477 4973 Christi
1515 4915 1786 4972 videntur

153 4999 482 5062 familiarius
512 5008 743 5065 ascisci.
777 5007 846 5062 Et
874 5007 1016 5078 quia
1046 5006 1433 5079 incongruum
1481 5011 1589 5073 est,
1632 5005 1786 5061 sicut

156 5089 447 5165 unicuique
490 5094 853 5169 generationi
887 5093 1207 5167 singularis
1226 5092 1592 5150 hebdomade
1611 5093 1787 5165 depu-

156 5178 313 5243 tatur,
345 5181 425 5237 ita
452 5199 555 5256 per
589 5197 1071 5255 unamquamque
1116 5181 1546 5239 hebdomadam
1583 5196 1787 5237 conse-

157 5267 448 5325 crationem
478 5270 783 5337 celebrari,
818 5287 997 5328 causa
1026 5270 1368 5343 congruenti
1399 5286 1503 5341 per
1549 5269 1784 5342 singula

157 5354 548 5430 tempora,quze
584 5360 893 5415 convenire
923 5363 1169 5431 possunt
1188 5357 1505 5413 virtutibus
1533 5358 1779 5414 etinter-

158 5445 555 5510 pretationibus
578 5448 1043 5522 patriarcharum
1073 5446 1173 5520 qui
1201 5447 1259 5501 in
1281 5445 1542 5502 articulis
1571 5462 1779 5520 genea-

1890 4744 2034 4811 nias,
2067 4758 2175 4798 non
2208 4743 2446 4814 amplius
2475 4744 2832 4800 inveniuntur
2849 4761 2971 4800 cum
2994 4746 3108 4816 ipso
3132 4745 3345 4803 Christo
3369 4765 3535 4820 quam

1895 4830 2155 4886 tredecim
2210 4833 2626 4901 generationes;
2654 4834 2707 4889 si
2734 4841 2913 4889 autem
2965 4834 3071 4903 bis,
3125 4836 3534 4907 quatuordeeim

1894 4920 2270 4975 inveniuntur.

1965 5010 2031 5061 B.
2059 5009 2114 5061 Β.
2147 5006 2510 5080 Augustinus
2542 5025 2720 5065 causa
2737 5010 2999 5082 mysterii
3032 5011 3295 5084 perhibet
3314 5013 3532 5071 factum

1896 5110 2024 5150 esse
2056 5099 2121 5150 ut
2146 5094 2588 5167 Jechonias,qui
2620 5096 3032 5170 interpretatur
3069 5105 3407 5173 prxparatio
3429 5104 3532 5160 Do-

1893 5184 2057 5254 mini,
2089 5183 2179 5239 bis
2208 5187 2550 5239 numeratus
2576 5184 2634 5240 in
2666 5187 2780 5241 fine
2809 5187 3018 5258 prioris
3047 5193 3105 5244 et
3132 5190 3190 5244 in
3225 5189 3411 5262 capite
3441 5209 3528 5247 se-

1891 5271 2124 5343 quentis
2154 5270 2397 5344 catalogi
2431 5276 2760 5344 poneretur,
2794 5273 3046 5347 lapidem
3076 5276 3440 5350 angularem,
3470 5278 3528 5334 id

1890 5364 1998 5427 est,
2028 5359 2321 5415 Christum
2367 5359 2728 5431 significans,
2761 5363 2819 5417 in
2861 5379 2976 5435 quo
3008 5365 3350 5438 praeparavit
3378 5369 3530 5420 Deus

1891 5447 2057 5505 Pater
2083 5448 2231 5504 duos
2253 5448 2497 5520 populos
2528 5450 2696 5521 quasi
2720 5450 2968 5521 parietes
2999 5452 3059 5508 in
3081 5468 3259 5509 unam
3281 5453 3528 5522 jungere

157 5524 303 5601 logia:
331 5535 498 5605 positi
529 5541 688 5605 sunt,
722 5535 1081 5592 consecratio
1132 5534 1478 5591 celebratur.
1526 5538 1635 5590 Per
1662 5538 1778 5589 tres
1888 5537 2147 5592 domum.
2184 5537 2528 5607 Quanquam
2567 5537 2771 5594 beatus
2802 5539 3187 5612 Hieronymus
3216 5537 3353 5593 vitio
3380 5536 3522 5590 scri-

156 5617 382 5677 tesseres
408 5622 507 5695 (sic
533 5623 677 5694 cod.)
708 5623 957 5681 decades
986 5621 1269 5680 annuales
1292 5622 1441 5678 fiunt
1462 5621 1778 5679 hebdoma-

1888 5628 2120 5700 ptorum
2152 5628 2210 5680 et
2232 5622 2599 5697 longitudine
2642 5629 2972 5700 temporum
3016 5626 3165 5682 inter
3192 5624 3416 5678 Graecos
3465 5622 3523 5676 et

158 5701 233 5759 de
276 5724 401 5767 xm.
446 5712 553 5769 Tot
605 5711 1011 5793 generationes
1060 5712 1385 5771 secundum
1435 5709 1774 5770 Matthmum
1888 5713 2125 5772 Latinos
2156 5712 2464 5772 confusum
2497 5729 2623 5775 esse
2674 5717 2886 5783 narret,
2937 5717 2992 5768 et
3032 5715 3275 5789 patrem,
3319 5703 3418 5781 qui
3456 5702 3516 5760 in
