4868 6456
211 0 252 1 ἡ
1067 1 3672 118 λ--υνν
3853 115 3970 121 ἳ

1483 496 1634 559 1095
2561 495 2950 559 BERNONIS
2997 491 3325 558 ABBATlS
3370 493 3810 557 AUGIENSIS.
4705 498 4812 562 {096

1482 632 1717 686 llelirmo
1739 629 2004 686 Joachim
2039 629 2376 688 nominatus
2406 633 2510 698 est,
2551 648 2662 686 non
2710 629 2766 686 in
2807 630 3130 684 Chalda‘am
3165 629 3219 698 Α
3247 629 3384 683 luia.
3445 627 3833 684 Confitemini.
3900 629 4116 687 Tractus
4169 644 4184 684 :
4232 628 4508 688 Laudato.
4558 629 4732 702 Evaag.
4775 634 4812 689 Si

1479 720 1744 787 ductum,
1779 721 1882 774 sed
1903 719 2241 775 defunctum
2289 719 2347 775 in
2378 725 2528 775 terra
2557 723 2745 780 sua,et
2777 717 2962 773 filium
2993 717 3128 773 Joa-
3239 717 3485 786 diligitis
3518 735 3627 773 me.
3651 717 3979 788 0/f.Emitte
4003 717 4290 789 Spiritum
4311 723 4501 774 tuum.
4528 719 4813 777 Communia:

1481 807 1640 862 chim
1671 808 1742 862 de
1785 807 2119 880 captivitate
2170 809 2504 864 redeuntem
2562 807 2793 866 Salatiel
2852 807 3128 879 genuisse
3240 805 3453 861 Ultimo
3487 805 3814 864 festivitatis
3842 805 3955 860 die.

1482 899 1757 953 affirmet.
1793 896 1980 968 Igitur
2010 895 2117 952 hoc
2143 897 2515 968 supradictus
2531 896 2731 951 doctor
2760 895 2939 951 voluit
2963 895 3126 950 intel-
3863 921 4095 977 CAPUT
4130 922 4256 980 νη,

1479 983 1580 1084 ξεί
1611 989 1680 1046 ut
1709 984 1982 1084 ίτῗδίξείτη
2014 984 2534 1084 θίιίυξθίυοτδῗθίθω
2560 983 3128 1084 -δθδξίθωωῙτθ-Ρνωζ
3235 1009 3375 1084 Nam
3393 1011 3609 1084 jejunio
3643 1013 3696 1064 in
3745 1010 3902 1064 aliud
3947 1010 4244 1084 Salgbatum
4271 1011 4464 1084 dilato,
4497 1011 4575 1084 vel
4612 1014 4661 1067 in
4691 1016 4815 1084 ipsam

1479 1073 1802 1146 figurarent
1854 1073 1912 1128 in
1945 1073 2217 1145 mysterio
2249 1073 2404 1145 quod
2455 1071 2765 1128 Jechonias
2797 1072 2973 1128 semel
3027 1077 3127 1128 aut
3305 1071 3692 1135 hcﬂdbnzadam
3740 1090 3986 1135 sanctam
4028 1083 4364 1138 Pentecoste:
4417 1071 4816 1153 incidente,'gra-

1479 1162 1571 1218 bis
1601 1166 1914 1234 poneretur
1944 1161 2000 1216 in
2033 1160 2313 1234 catalogo.
3304 1153 3452 1206 dalia
3483 1171 3554 1208 an
3586 1153 3824 1208 Alleluia
3854 1155 3965 1207 sint
3987 1154 4271 1208 canenda?

2121 1266 2351 1324 CAPUT
2378 1267 2474 1323 γι,
3307 1249 3364 1304 G.
3400 1250 3456 1305 Si
3492 1249 3686 1322 ipsum
3720 1250 4005 1321 jejunium
4059 1251 4234 1306 fuerit
4280 1250 4337 1306 in
4371 1249 4528 1308 aliud
4558 1251 4815 1308 Babbatum

1507 1357 1866 1428 Quandonam
1895 1355 2149 1412 tredecim
2181 1357 2264 1411 vel
2294 1357 2701 1429 quatuordecim
2733 1357 3090 1414 heluiumacla’
3234 1337 3429 1429 fluam]

2893 1357 3090 1414 ηηηιιω
3234 1337 3501 1405 dilatum,
3538 1343 3600 1393 ut
3631 1338 3804 1411 paulo
3835 1344 3966 1393 ante
4006 1337 4203 1394 dixisti
4237 1339 4552 1412 agendum,
4579 1340 4660 1396 vel
4701 1342 4741 1396 si
4779 1343 4815 1394 in

2087 1426 2360 1494 eveniaat,
2394 1435 2502 1484 etc.
3233 1426 3362 1499 ipsa
3393 1428 3760 1484 hcbdomada
3791 1433 3990 1482 sancta
4016 1427 4383 1483 Pentecostes
4401 1429 4817 1494 evenerit,utrum

1542 1517 1599 1573 G.
1625 1515 1860 1572 Utinam
1918 1517 2090 1572 modo
2149 1533 2262 1571 non
2319 1516 2574 1588 graveris
2634 1516 2822 1572 direre
2885 1516 3122 1588 quando
3231 1515 3491 1587 gradalia
3523 1534 3595 1571 an
3621 1515 3854 1572 alleluia
3887 1521 4024 1574 sunt
4055 1516 4355 1572 canenda?

1467 1604 1744 1660 tredecim
1775 1605 1859 1660 vel
1893 1606 2126 1678 quando
2149 1606 2590 1678 quatnordecim
2615 1605 2996 1661 hebdomade:
3029 1623 3119 1665 so-
3303 1606 3362 1660 Β.
3402 1605 3608 1677 Utique
3667 1606 3990 1660 secundum
4041 1605 4528 1662 consuetudinem
4577 1606 4816 1678 antiquam

1469 1691 1628 1752 leant
1657 1694 1922 1750 evenire!
3230 1694 3510 1765 gradalia,
3548 1694 3698 1748 sicut
3729 1712 3842 1749 min
3877 1693 4066 1749 solum
4100 1694 4156 1748 in
4193 1695 4408 1750 nostris
4440 1694 4601 1753 libris
4631 1695 4822 1750 habetur

1540 1785 1607 1837 Β.
1636 1781 2014 1856 Nequaquam
2051 1784 2130 1838 tui
2182 1783 2398 1838 amoris
2447 1800 2626 1838 causa
2667 1784 2948 1855 gravabor
2982 1783 3120 1836 inti-
3231 1783 3646 1850 insertum,sed
3679 1784 4019 1849 etiam,utin
4046 1784 4302 1855 quodam
4330 1783 4535 1839 ordine
4555 1784 4818 1840 secundum

1469 1888 1630 1926 mare
1661 1872 1813 1943 quod
1847 1889 2043 1926 verum
2077 1873 2283 1928 exinde
2320 1871 2479 1944 potui
2530 1889 2897 1945 cognoscere.
2928 1872 3122 1926 Enim-
3230 1872 3287 1926 S.
3324 1871 3534 1926 Gelasii
3571 1889 3729 1943 papzr
3781 1873 4186 1927 auctoritatem
4225 1871 4408 1945 reperi
4440 1871 4819 1944 prmtitulatum.

1464 1976 1598 2015 vero
1629 1959 1904 2016 omnibus
1934 1961 2102 2018 annis
2134 1961 2410 2016 tredecim
2435 1961 2708 2017 eveniunt
2731 1960 2981 2032 exceptis
3006 1959 3116 2024 his,
3151 2000 3198 2068 Β
3229 1961 3325 2032 qui
3363 1977 3488 2015 mos
3522 1978 3707 2032 usque
3759 1959 3951 2026 hodie,
3984 1965 4049 2014 ut
4087 1966 4452 2032 compertum
4483 1960 4757 2023 habemus,
4781 1959 4819 2012 in

1466 2047 1571 2068 1.--
1611 2053 1687 2068 --Α
1728 2066 1737 2068 -
1784 2049 1997 2068 ,---,-j,
2041 2050 2093 2068 ιι
2171 2049 2281 2068 ι⁸ηκ
2336 2051 2360 2068 ιι
2425 2050 2459 2068 ’γ
2510 2065 2567 2068 ,_
2672 2049 2708 2068 ,I
2749 2067 2755 2068 κ
2790 2066 2797 2068 _
2841 2049 2883 2068 \'
2929 2050 2964 2068 ι·
3014 2049 3045 2068 ,‘n
3100 2066 3116 2068 _
3267 2067 3323 2068 ηη
3356 2054 3387 2068 γι
3462 2049 3533 2068 Il-
3622 2065 3709 2068 -A-
3757 2054 4009 2068 _,-,_,-r___,
4062 2048 4215 2068 n_-l,
4267 2049 4303 2068 ’κ
4379 2048 4615 2068 Ἱῗελμιημ
4650 2063 4818 2068 ~,,__.--

1465 2047 1574 2103 hoc
1605 2053 1693 2105 est
1725 2066 1739 2104 :
1773 2049 2006 2122 quando
2041 2049 2285 2104 Martius
2335 2050 2476 2104 feria
2506 2065 2590 2117 Ill,
2627 2049 2710 2104 vel
2746 2066 2819 2116 iv,
2841 2049 3120 2104 .\'ativitas
3157 2047 3198 2068 ν
3229 2054 3432 2103 sancta
3462 2049 3720 2103 Romana
3753 2054 4014 2103 servatur
4062 2048 4338 2104 Ecclesia.
4379 2048 4620 2104 Videtur
4641 2063 4821 2121 quoque

1463 2153 1596 2192 vero
1631 2136 1863 2193 Domini
1897 2138 2079 2193 nostri
2112 2138 2250 2194 Jesu
2285 2137 2499 2194 Christi
2553 2139 2854 2193 Dominica
2892 2142 2992 2192 aut
3025 2155 3118 2192 se-
3229 2135 3283 2191 id
3318 2137 3453 2192 huic
3487 2137 3800 2192 narrationi
3836 2154 4145 2193 assensum
4189 2138 4464 2210 przebere,
4499 2138 4646 2210 quod
4673 2137 4724 2192 in
4750 2153 4819 2190 au-

1464 2225 1656 2281 cunda
1687 2226 1830 2282 feria
1861 2227 2195 2282 acciderint.
2219 2227 2297 2282 De
2332 2226 2436 2283 hoc
2455 2225 2866 2298 jejunio,quod
2901 2225 2958 2280 in
2994 2226 3121 2297 ipsa
3229 2225 3504 2280 thcnticis
3555 2225 3993 2298 Antiphonariis
4026 2227 4141 2281 duo
4191 2231 4420 2282 tantum
4447 2225 4674 2286 alleluia
4700 2225 4818 2280 inve-

1461 2314 1657 2388 vigilia
1685 2315 1948 2371 solebant
1971 2315 2330 2388 antiquiores
2360 2315 2674 2378 celebrare,
2711 2333 2891 2387 supra
2924 2314 3116 2370 nomi-
3228 2315 3470 2369 ninntur
3503 2315 3813 2386 descripta,
3847 2315 3953 2369 hoc
4007 2320 4095 2369 est
4131 2333 4143 2370 :
4177 2315 4376 2372 Emitte
4414 2317 4709 2389 Sqiritum;
4731 2316 4818 2384 Spi-

1463 2407 1638 2459 natus
1667 2405 1814 2459 dixit
1843 2403 2340 2477 Amalariusquod
2367 2406 2724 2460 consecratio
2753 2404 3117 2459 habetfidcm
3227 2405 3366 2458 ritus
3400 2405 3646 2457 Domini.
3677 2403 3893 2458 Caetera
3934 2420 4065 2458 vero
4097 2420 4131 2459 a
4183 2403 4488 2462 modernis
4537 2407 4666 2460 sunt
4705 2418 4820 2457 com-

1461 2491 1521 2548 in
1553 2491 1681 2565 ipsa
1710 2492 2016 2550 Nativitate
2048 2492 2284 2559 Christi,
2319 2493 2474 2548 sicut
2505 2493 2896 2565 quorumdam
2943 2492 3118 2547 ltalo-
3227 2491 3436 2562 posita.

1464 2597 1616 2642 rum.
1649 2581 1844 2636 nescio
1879 2600 1947 2636 an
1977 2582 2264 2647 omnium,
2298 2581 2488 2636 adhuc
2539 2599 2667 2636 mos
2707 2585 2793 2636 est
2827 2598 3016 2652 agere,
3055 2585 3118 2635 ut
3295 2583 3656 2652 Quapropter
3684 2580 4031 2635 intuendum
4063 2584 4170 2648 est,
4199 2581 4337 2653 quia
4369 2579 4491 2636 siin
4510 2577 4818 2637 monasteriis

1461 2684 1569 2741 ego
1600 2669 1723 2741 ipse
1753 2669 1966 2724 ibidem
1989 2671 2215 2740 positus
2231 2670 2491 2742 cognovi.
2526 2670 2635 2723 Sed
2655 2668 2868 2724 ususin
2902 2670 3116 2724 nostris
3225 2669 3459 2724 alleluia
3507 2675 3712 2724 cantus
3752 2670 4031 2736 abundat,
4067 2668 4206 2741 quid
4261 2670 4560 2742 simplices
4603 2667 4816 2725 villarum

1469 2757 1721 2812 excrevit
1750 2756 2047 2822 Ecclesiis,
2080 2763 2146 2812 ut
2174 2757 2234 2811 in
2269 2757 2540 2812 anteriori
2573 2757 2938 2812 hebdomade
2969 2758 3116 2812 anti-
3227 2759 3542 2830 presbyteri
3569 2763 3762 2830 agant,
3799 2758 3897 2830 qui
3930 2759 4024 2812 vix
4053 2759 4303 2814 duorum
4339 2764 4574 2816 tantum
4607 2757 4816 2814 notitiam

1475 2845 1738 2916 cipetur;
1766 2845 1904 2916 quia
1939 2844 2036 2900 illa
2066 2845 2181 2900 duo
2214 2846 2404 2900 ofﬁcia
2426 2846 2636 2917 jejunii
2669 2850 2725 2900 et
2757 2845 2976 2900 Natalis
3009 2845 3115 2901 Do-
3226 2847 3479 2903 habent?
3510 2847 3580 2906 L't
3607 2848 3762 2902 enim
3796 2848 4017 2919 vulgari
4061 2848 4366 2920 proverbio
4414 2857 4586 2904 utar:
4613 2850 4705 2902 Aut
4727 2861 4817 2898 ran-

1466 2933 1612 2988 mini
1645 2950 1759 2989 non
1793 2933 2141 2989 conveniunt
2196 2933 2374 2988 simul
2431 2934 2732 2990 celebrari.
2787 2930 2930 2988 Nam
2965 2935 3117 2989 sicut
3225 2937 4002 3008 tantquodsciunt,auttacere
4021 2937 4427 3008 compelluntur
4447 2935 4586 3011 quod
4601 2934 4815 2990 nesciunt.

1464 3021 1865 3096 praeveniendo
1901 3023 2055 3078 istud
2090 3023 2590 3096 anticipamusﬁta
2621 3023 2943 3080 secundum
2979 3024 3115 3080 Sab-
3223 3025 3344 3080 Non
3363 3031 3552 3079 tamen
3569 3025 3685 3080 haec
3702 3025 3963 3080 scribens
3978 3026 4492 3082 sanctissimorum
4507 3024 4817 3081 sacerdotum

1462 3111 1668 3168 batum
1699 3111 1856 3166 Junii
1885 3112 2267 3179 mensis,cum
2300 3112 2353 3167 in
2377 3111 2572 3184 vigilia
2597 3111 2962 3167 Pentecostcs
2991 3129 3115 3184 pro-
3223 3114 3550 3170 auctoritati
3583 3114 3914 3186 praeiudico,
3948 3131 4096 3186 quos
4139 3115 4197 3169 in
4243 3114 4466 3186 Spiritu
4501 3117 4689 3171 sancto
4722 3124 4817 3164 cun-

1461 3201 1704 3268 venerit,
1731 3201 2132 3282 prolongando
2162 3201 2219 3256 in
2253 3201 2584 3273 proximum
2618 3201 2960 3267 differimus,
2981 3200 3114 3256 licet
3222 3208 3489 3276 gregatos
3511 3204 3636 3273 jam
3670 3203 3894 3258 dudum
3927 3201 4200 3258 audiviin
4227 3202 4618 3276 synodalibus
4635 3197 4821 3256 suisde-

1461 3289 1644 3346 nostri
1677 3296 2075 3350 antecessores
2108 3295 2426 3362 utrumque
2457 3291 2515 3344 in
2542 3290 2668 3362 ipsa
2692 3288 2890 3362 vigilia
2911 3295 3114 3344 sancta
3160 3363 3170 3364 ί
3223 3292 3395 3347 cretis
3422 3292 3695 3348 statuisse
3721 3297 3781 3346 ut
3804 3293 3992 3364 magis
4019 3293 4268 3347 debeant
4287 3290 4530 3348 alleluia
4549 3284 4819 3346 decantati:

1458 3377 1636 3436 simul
1668 3379 2045 3448 celebrarent,
2080 3380 2231 3435 sicut
2261 3397 2329 3436 ex
2356 3377 3111 3453 praetitulationelibrorum
3143 3363 3185 3436 C
3227 3381 3324 3434 sed
3358 3379 3703 3452 simpliciter
3741 3396 3868 3452 quae
3919 3363 4134 3434 Sentire
4181 3379 4341 3452 potui
4387 3379 4463 3434 ad
4526 3378 4824 3446 interrogata

1456 3469 1694 3526 evidens
1723 3469 2014 3526 habemus
2043 3469 2470 3525 testimonium.
3223 3470 3570 3540 respondere
3602 3468 3820 3532 curavi,
3853 3467 4155 3523 consulere
4185 3467 4384 3523 volens
4437 3467 4635 3534 etiam,
4665 3463 4707 3520 si
4736 3474 4822 3534 p09-

1531 3558 1588 3616 G.
1623 3556 1805 3614 Nosse
1835 3557 2102 3614 desidero
2135 3574 2253 3630 qua
2301 3556 2701 3612 convenientia
2743 3555 2863 3612 haec
2893 3557 3007 3612 duo
3038 3556 3114 3613 si-
3222 3558 3359 3626 sim,
3388 3558 3498 3612 mei
3532 3557 3818 3612 similium
3851 3556 4175 3628 imperitiae,
4207 3556 4309 3628 qui
4358 3560 4448 3614 tot
4498 3553 4720 3612 alleluia
4745 3565 4822 3604 non

1461 3644 1585 3700 mul
1617 3646 1845 3720 possint
1873 3645 2159 3701 celebrari
2192 3643 2422 3700 ofﬁcia?
3223 3651 3436 3702 norunt
3467 3650 3718 3701 cantare.

1537 3736 1602 3787 Β.
1636 3731 1784 3796 Quid
1818 3733 1960 3788 adeo
1993 3749 2141 3804 opus
2185 3738 2274 3788 est
2319 3750 2475 3788 nunc
2526 3732 2741 3804 inquiri
2791 3734 2943 3805 quod
2995 3739 3111 3790 tam
3295 3736 3351 3790 ϐ.
3386 3735 3528 3790 Cum
3574 3733 3978 3790 ecclesiastica:
4029 3733 4106 3790 sit
4163 3733 4611 3790 consuetudinis
4666 3732 4716 3790 in
4765 3725 4825 3782 bis

1467 3819 1643 3893 longo
1673 3824 1931 3892 tempore
1955 3821 2077 3892 jam
2111 3822 2283 3894 cmpit
2314 3821 2574 3877 dedisci?
2602 3824 2870 3876 Attamen
2906 3840 2974 3877 ne
3006 3823 3112 3878 hu-
3221 3823 3428 3878 diebus
3460 3827 3525 3878 ut
3555 3828 3774 3878 stantes
3807 3840 4063 3888 oremus,
4120 3823 4291 3895 cupio
4330 3823 4569 3889 rescire,
4604 3821 4651 3876 si
4681 3820 4729 3874 in
4753 3817 4825 3870 hac

1459 3909 1723 3982 jusmodi
1776 3910 2019 3967 scientia
2073 3909 2380 3978 frauderis,
2432 3910 2563 3965 talis
2612 3909 2911 3983 inscriptio
2941 3929 3115 3984 super
3221 3912 3588 3967 hebdomade
3611 3928 3762 3984 saepe
3791 3912 4015 3967 dictum
4049 3913 4302 3968 evenerit
4323 3913 4650 3982 jejunium,
4680 3914 4827 3966 utrum

1467 3997 1573 4054 hac
1607 4016 1665 4054 re
1696 3998 1952 4054 habetur
1981 4000 2038 4054 in
2073 3999 2240 4055 libris
2291 3999 2506 4054 nostris
2541 4016 2553 4053 :
2585 4000 2647 4054 Si
2673 4001 2950 4054 evenerint
2979 4000 3113 4055 duo-
3222 4002 3541 4057 debeamus
3574 4000 3642 4054 ad
3679 4000 3921 4055 missam
3955 4017 4144 4073 genua
4177 4001 4404 4056 flectere
4437 4015 4642 4056 necne.

1463 4087 1637 4146 decim
1683 4089 1936 4144 lectiones
1970 4090 2028 4144 in
2075 4089 2310 4144 Sabbato
2368 4102 2542 4145 sacra?
2593 4093 2946 4156 Peatecostes,
2988 4097 3115 4144 tunc
3296 4094 3360 4146 Β.
3391 4091 3485 4145 Sic
3531 4088 3592 4144 in
3650 4090 3906 4160 quodam
3969 4088 4163 4144 libello
4223 4090 4294 4144 de
4337 4089 4446 4144 hoc
4510 4087 4708 4149 ordine
4753 4079 4828 4150 legi

1464 4179 1525 4236 in
1572 4185 1770 4247 quarta
1817 4179 1962 4248 feria
2004 4187 2256 4233 cantetur
2306 4185 2356 4233 et
2409 4178 2632 4251 legatur
2661 4197 2679 4232 :
2709 4176 2952 4243 Exaudi,
3002 4177 3111 4234 Do-
3224 4181 3430 4244 (Anan.
3466 4179 3860 4245 Fc'ia'ruxvarus,
3921 4177 4022 4232 lib.
4084 4194 4120 4233 ιι
4177 4176 4331 4248 Ofﬁc.
4363 4180 4613 4246 ,eccles.,
4666 4191 4710 4229 c.
4758 4172 4827 4234 32³

1466 4264 1644 4330 mine,
1677 4281 1876 4337 pasces
1908 4270 2158 4321 nostras.
2193 4268 2426 4338 ltequire
2471 4268 2528 4320 in
2553 4269 2739 4338 prima
2782 4265 3114 4322 hebdomade
3225 4267 3329 4322 Per
3351 4267 3613 4339 singulas
3639 4267 3929 4322 orationes
3947 4266 4229 4322 debemus
4253 4266 4471 4321 mentis
4487 4262 4830 4320 humilitatem

1465 4353 1938 4426 Quadragesimaz.
1971 4356 2059 4411 Vel
2089 4356 2224 4412 libri
2243 4356 2586 4428 Sapientia:
2619 4355 2768 4410 Dixit
2801 4354 3110 4411 Salomon:
3223 4374 3325 4429 per
3355 4357 3814 4428 genuflcxionem
3861 4354 4184 4418 ostendere,
4217 4358 4455 4426 excepto
4488 4353 4643 4409 infra
4673 4351 4829 4407 Penteo

1466 4443 1599 4499 Item
1627 4451 1792 4500 orat.:
1823 4443 2197 4500 Devotionem
2229 4443 2450 4517 populi.
2491 4445 2576 4500 γει
2607 4445 2770 4502 Isaiae
2795 4445 3110 4516 propheth
3223 4444 3511 4500 costen.ln
3544 4443 3666 4498 sola
3697 4444 3769 4500 De
3792 4446 4008 4497 camino
4042 4444 4185 4511 ignis
4209 4459 4321 4498 non
4341 4442 4641 4498 flectimus
4669 4449 4831 4512 genua,

1465 4531 1638 4598 Audi,
1695 4533 1894 4588 Jacob.
1954 4534 2192 4588 Alleluia
2241 4534 2343 4606 Off.
2393 4532 2633 4588 Domine
2680 4533 2835 4588 Deus
2883 4532 3113 4588 salutis.
3223 4534 3455 4607 quando
3486 4531 4020 4588 Nabuchodonosor
4048 4531 4436 4604 compellebat
4470 4528 4744 4606 populum
4763 4521 4830 4577 ad-

1463 4620 1821 4690 Evangelium
1851 4621 2145 4677 secundum
2174 4623 2374 4677 Lucam
2399 4638 2412 4675 :
2437 4623 2788 4677 Accedentes
2819 4620 3111 4694 discipuli.
3222 4637 3386 4677 orare
3413 4625 3665 4676 statuam
3701 4636 3874 4692 quam
3911 4619 4146 4685 fecerat,
4179 4623 4244 4675 ut
4276 4624 4555 4692 separata
4581 4617 4656 4674 sit
4681 4617 4832 4669 nostra

1467 4712 1562 4782 0f.
1595 4709 1717 4766 Viri
1750 4710 2014 4767 Gallilazi.
2070 4713 2223 4768 Com.
2276 4712 2447 4766 Pater
2497 4727 2631 4768 cum
2682 4726 2894 4766 essem.
2954 4713 3113 4768 Feria
3146 4731 3194 4809 ι)
3225 4710 3428 4774 oratio,
3464 4726 3588 4782 qua:
3615 4709 3788 4765 estad
3814 4724 3996 4762 unum
4020 4707 4305 4772 Deum,ab
4327 4724 4528 4764 errore
4551 4703 4830 4781 gentilium-

1465 4803 1619 4855 sexta
1651 4815 1666 4853 :
1698 4800 2314 4868 Exaudi,Domine.0r.
2340 4801 2498 4870 Esto,
2518 4799 2781 4866 Domine,
2805 4798 3112 4872 prepitius.
3146 4795 3183 4809 ’⁷
3227 4798 3486 4854 Similem
3520 4799 3591 4854 ob
3624 4813 3862 4852 causam
3895 4796 4068 4851 etiam
4099 4795 4160 4851 in
4191 4796 4511 4852 Parasceve
4543 4809 4728 4868 genua
4751 4800 4831 4843 non

1465 4887 1926 4956 Lect.Exsultate,
1961 4889 2090 4945 filiae
2139 4890 2299 4947 Sion.
2362 4889 2621 4945 Alleluia.
2675 4888 2916 4944 Domine
2956 4889 3115 4944 refu-
3225 4887 3517 4942 flectimus
3550 4904 3653 4960 pro
3684 4885 3924 4958 perfidis
3953 4885 4191 4952 Iudaeis,
4226 4885 4326 4957 qui
4357 4883 4666 4940 illudendo
4694 4887 4833 4966 genu?

1463 4975 1647 5048 gium.
1684 4978 2063 5049 Evang.Venit
2092 4979 2164 5034 ad
2195 4978 2399 5034 Jcsum
2429 4977 2636 5045 vir,eui
2661 4993 2873 5032 nomen
2895 4977 3112 5032 Jairus.
3225 4976 3532 5032 flectebant
3563 4991 3758 5032 coram
3791 4974 4138 5039 Domino,ne
4167 4975 4477 5031 videamur
4505 4971 4643 5030 illos
4665 4967 4832 5027 imitari

1469 5067 1580 5138 ΟΠ.
1615 5065 1720 5120 viri
1752 5065 2012 5124 Galliltei.
2049 5067 2194 5124 Com.
2245 5067 2412 5124 Pater
2457 5083 2591 5122 cum
2624 5081 2837 5121 essem.
2883 5065 3116 5120 Sabbato
3227 5066 3328 5137 qui
3363 5082 3508 5136 opus
3539 5065 3758 5118 bonum
3793 5061 4106 5118 siudebant
4134 5062 4284 5119 male
4317 5063 4580 5136 operari,
4613 5050 4836 5135 quemad'

1465 5169 1648 5208 omnes
1671 5155 1861 5226 parati
1886 5158 2144 5227 primitus
2160 5165 2376 5214 cantent
2407 5157 2663 5214 litaniam
2685 5153 3114 5228 KyrieEleison.
3227 5154 3464 5210 modum
3498 5160 3634 5208 tunc
3661 5152 3733 5208 ab
3764 5151 3963 5208 osculo
4013 5151 4382 5208 abstinemus
4427 5156 4677 5225 propter
4715 5141 4834 5201 luti!

1468 5238 1665 5298 Gloria
1713 5240 1772 5296 in
1824 5243 2068 5300 excelsis
2109 5249 2245 5302 Deo.
2295 5247 2487 5302 Postea
2541 5245 2715 5300 oratio
2761 5259 2775 5298 :
2818 5243 3116 5300 mentibus
3226 5242 3525 5298 traditoris
3555 5240 4018 5313 exemplum,qui
4050 5257 4152 5313 per
4182 5240 4475 5297 simulatae
4519 5239 4684 5314 pacis
4714 5245 4836 5290 oscu-

1469 5326 1706 5382 nostris.
1737 5327 1827 5384 0r.
1856 5329 1956 5386 illo
1985 5348 2093 5387 nos
2124 5331 2278 5404 igne.
2313 5332 2403 5388 0r.
2441 5333 2594 5388 Deus
2643 5332 2743 5406 qui
2791 5332 2863 5388 ad
2895 5331 3118 5388 anima-
3223 5330 3346 5388 lum
3377 5331 3617 5387 tradidit
3639 5330 3952 5386 Dominum
3982 5328 4186 5386 Jesum
4217 5330 4550 5386 Christum.

1469 5431 1623 5470 rum.
1659 5420 1756 5474 0r.
1791 5423 2398 5492 praesta,quaasumus,
2426 5421 2795 5494 omnipotens
2823 5421 2995 5488 Deus,
3030 5421 3114 5478 sic
3845 5435 4077 5491 CAPUT
4099 5435 4250 5492 VIII.

1468 5521 1596 5600 nos.
1623 5505 2066 5600 ⁸ξιιιδεεςαιινῖιιιι·
2118 5509 2372 5600 lectiones
2429 5525 2551 5600 cum
2605 5509 2942 5600 91·ᾳάαιώτιῷ
2984 5509 3110 5600 (ξνζιο
3224 5529 3390 5600 Camp.

2912 5527 2942 5566 ευ
2984 5509 3110 5600 cf?-
3224 5526 3612 5600 Compendium
3627 5525 3895 5600 doctrina;
3910 5525 4168 5600 hactenus
4177 5519 4834 5600 εχροεὶιιεβερηδιτίρίω

1467 5593 1781 5669 Propitius.
1817 5595 1908 5651 Gr.
1943 5595 2254 5654 Protector.
2291 5596 2380 5653 Gr.
2415 5597 2486 5656 ad
2516 5597 2851 5654 Dominum.
2887 5599 2975 5655 Gr.
3007 5599 3112 5655 Di-
3350 5593 3364 5600 ’
3567 5596 3755 5654 modus
3788 5599 3847 5652 in
3867 5597 4172 5668 jejunando
4201 5593 4534 5654 servandus.

1467 5682 1710 5758 rigatur.
1746 5683 1870 5743 (ἕνα.
1906 5685 2120 5745 Bened.
2157 5685 2305 5744 Orat.
2336 5689 2567 5763 presta,
2601 5703 2958 5760 quaesumus,
2992 5705 3113 5745 om-
3287 5683 4110 5758 G.Quiamezeinquisitioniin
4124 5678 4837 5763 omnibussatisfecisticli‘

1467 5772 1738 5850 nipotens
1769 5779 1945 5848 Deus,
1977 5781 2044 5836 ut
2071 5760 2496 5838 clar.Vel.‘Cum
2526 5773 2728 5852 Apollo
2759 5779 2932 5833 esset.
2951 5776 3113 5833 Allel-
3223 5783 3416 5855 percst
3439 5779 3667 5834 tantum
3694 5777 3982 5849 quatenus
4004 5789 4072 5831 ex
4090 5775 4448 5832 connexione
4478 5760 4838 5834 collocationis
