4868 6400
1793 276 1812 304 1

620 435 756 497 1101

1794 432 2204 495 PROLOGUS
2250 433 2328 494 IN
2374 430 2807 496 TONARIUM.

3834 444 3991 506 1102

683 567 971 640 Septimus
1003 566 1111 621 hos
1140 582 1373 638 quoque
1396 567 1584 638 spatio
1608 567 2245 639 supervadit,constans
2274 567 2326 632 Α
2357 569 2478 621 tata
2507 570 2614 622 est.
2649 568 2707 622 Si
2738 584 2869 623 vero
2900 569 3130 624 eosdem
3165 570 3403 625 denario
3453 572 3653 641 addas,
3685 574 3988 632 duodecim

615 658 795 711 tribus
822 655 974 711 tonis
1004 658 1059 709 et
1089 655 1498 722 semitonio,ut
1528 655 1648 710 haec
1677 659 1797 711 ant.
1836 674 1848 711 :
1879 662 2043 713 Beata
2070 657 2243 724 Agnes

616 748 668 801 in
696 746 863 800 medio
886 745 1085 799 minas.

680 832 941 888 Octavam
972 848 1038 886 ac
1067 832 1116 887 si
1144 833 1335 887 rarius
1368 833 1426 887 in
1457 836 1710 904 quatuor
1731 833 2025 901 tonis,non
2048 838 2242 888 tamen

615 920 812 992 plenis,
842 919 1115 992 reperies,
1150 925 1215 975 ut
1247 921 1304 975 in
1337 920 1445 975 hoc
1471 922 1523 982 ιῆ.
1560 923 1678 991 [Tu,
1712 924 1798 976 vir
1839 923 2252 993 Simphoriane,

611 1008 919 1081 suspendere
948 1010 1009 1063 in
1037 1016 1326 1079 tormenta,
1359 1010 1429 1064 ab
1462 1008 1561 1064 illa
1591 1027 1843 1081 namque
1876 1027 2241 1082 neun'ia,qute

612 1096 926 1167 deponitur,
961 1095 1032 1149 ad
1080 1095 1155 1168 (9)
1201 1112 1351 1163 eam,
1387 1112 1512 1167 qua:
1562 1096 1818 1152 elevatur
1866 1099 1935 1152 ad
1992 1102 2069 1165 in,
2104 1102 2242 1153 sunt

611 1172 993 1251 semitonium,
1028 1187 1148 1239 tres
1182 1184 1326 1251 toni,
1362 1184 1498 1239 item
1533 1185 1938 1253 semitonium;
1966 1204 2092 1259 quae
2125 1188 2238 1242 duo

610 1271 906 1327 semitonia
954 1271 1133 1326 simul
1159 1272 1366 1341 juncta
1416 1289 1532 1328 non
1581 1274 1801 1328 faciunt
1829 1274 2118 1345 integrum
2153 1280 2239 1330 to-

608 1361 908 1417 num.ltem
942 1359 1143 1433 com.](
1154 1362 1528 1433 10)Principcs
1552 1363 2037 1434 persecuti.5polz'a
2068 1365 2238 1419 multa

536 1494 537 1527 ξ
604 1451 913 1520 concupivit.

668 1538 863 1593 Nonus
894 1537 1172 1610 prolixori
1204 1556 1380 1611 super
1409 1555 1613 1595 omnes
1643 1541 1830 1612 spatio
1886 1544 2086 1596 tensus
2118 1558 2234 1596 me-

536 1628 538 1697 ς
604 1632 715 1681 tam
743 1627 1085 1698 bujusmodi
1119 1626 1470 1682 divisionum
1504 1627 1779 1694 sortitur;
1813 1646 1946 1684 nam
1980 1646 2083 1684 nec
2113 1647 2236 1684 am-

536 1708 539 1725 ’
602 1714 835 1785 pliorem
868 1716 1001 1781 isto,
1038 1732 1143 1771 nec
1175 1716 1522 1771 strictiorem
1555 1718 1741 1788 primo
1774 1717 1955 1772 ullam
1988 1719 2237 1773 musica-

536 1868 539 1877 ,
602 1821 723 1858 rum
753 1820 961 1859 vocum
995 1804 1250 1876 reperies
1280 1804 1885 1873 divisionem;constat
1912 1807 2068 1862 enim
2099 1824 2238 1878 qua-

2354 655 2514 723 facis,
2547 660 2603 711 et
2632 656 2894 712 binarius
2920 658 3160 726 junctus
3198 658 3433 715 denario
3464 667 3837 718 conservatus
3881 668 3987 720 est.

2353 744 2431 797 Ex
2460 745 2673 815 quibus
2703 745 2894 801 verbis
2924 746 3068 802 satis
3099 751 3341 819 apparet
3367 747 3542 821 longe
3559 749 3719 805 aliud
3749 767 3877 807 esse
3892 768 3994 824 per

2351 832 2647 904 simplices
2662 835 3071 890 consonantias
3084 852 3218 891 cum
3233 853 3510 892 sonorum
3527 838 3848 895 intervallis
3860 856 3994 895 can-

2351 920 2590 977 tilenam
2641 927 2960 989 contexere,
2995 923 3152 979 aliud
3207 941 3309 996 per
3355 926 3710 998 compositas
3755 928 3990 985 easdem

2350 1026 2518 1064 voces
2549 1010 2667 1065 sive
2710 1011 2979 1082 superius
3027 1012 3145 1067 sive
3193 1012 3436 1070 inferius
3483 1032 3588 1087 per
3629 1015 3989 1072 immutatio-

2349 1114 2482 1153 nem
2515 1099 2913 1156 resumere.De
2944 1100 3158 1172 quibus
3190 1100 3413 1173 aliquid
3442 1102 3885 1160 dicerealterins
3902 1110 3990 1161 est

2348 1187 2626 1258 temporis
2644 1191 2699 1242 et
2715 1186 2951 1243 loci.Est
2967 1188 3123 1245 etbis
3139 1189 3503 1261 diapason,id
3517 1193 3983 1266 est,quadrupla.

2418 1277 2470 1329 4.
2505 1275 2604 1330 His
2637 1275 2718 1331 ita
2758 1276 3006 1332 breviter
3047 1277 3239 1343 dictis,
3264 1278 3353 1333 vel
3394 1294 3582 1350 pauca
3627 1279 3698 1335 de
3728 1279 3821 1336 his
3850 1298 3983 1353 pro-

2348 1362 2495 1418 ferre
2525 1367 2839 1430 tentemus,
2873 1381 2999 1435 quae
3038 1366 3106 1420 ad
3155 1366 3401 1436 injuncti
3444 1366 3634 1439 operis
3681 1369 3982 1441 negotium

2346 1452 2677 1507 necessaria
2706 1468 2833 1507 esse
2863 1457 3158 1524 putamus.
3191 1454 3253 1509 In
3294 1454 3499 1526 primis
3547 1456 3982 1531 tetrachordum

2347 1538 2612 1594 ﬁnalium
2645 1539 2981 1612 diligentius
3013 1546 3100 1596 est
3130 1541 3510 1611 intuendum;
3533 1544 3627 1599 cui
3656 1548 3818 1600 tanta
3833 1561 3983 1616 quaa-

2346 1628 2480 1682 dam
2508 1628 2794 1684 naturalis
2821 1645 3097 1684 sonorum
3132 1631 3283 1686 inest
3310 1631 3519 1697 virtus,
3542 1635 3608 1687 ut
3637 1649 3705 1688 ex
3735 1636 3985 1704 quatuor

2345 1716 2692 1771 chordarum
2727 1718 2855 1788 ejus
2885 1718 3102 1788 origine
3132 1719 3323 1775 omnis
3353 1720 3661 1775 modorum
3687 1737 3789 1777 seu
3817 1724 3981 1778 tono-

2345 1821 2474 1860 rum
2510 1809 2765 1876 potestas
2793 1807 3056 1862 videatur
3079 1807 3403 1879 procedere.
3437 1808 3634 1880 Neque
3663 1808 3815 1865 enim
3866 1826 3982 1865 non

602 1897 726 1948 tuor
751 1893 904 1949 tonis
935 1897 991 1948 et
1024 1892 1363 1959 semitonio;
1387 1897 1445 1948 et
1469 1894 1648 1949 babes
1678 1895 2007 1967 exemplum
2042 1896 2100 1950 in
2129 1896 2235 1951 hac
2266 1926 2313 1991 Β
2347 1893 2537 1948 divine
2568 1894 2717 1949 hanc
2748 1895 2863 1949 vim
2897 1895 3004 1950 soli
3045 1896 3416 1967 quaternario
3464 1896 3707 1969 contigit
3750 1897 3979 1965 inesse‘;

599 1985 713 2036 snt.
749 1998 761 2036 :
793 1981 871 2037 Ad
898 1990 950 2037 te
976 1982 1155 2036 levavi
1195 1983 1441 2037 animum
1466 1999 1666 2050 meam,
1697 1985 1838 2039 Deus
1884 2001 2051 2039 meus.
2086 1984 2229 2039 Item

536 2056 539 2145 ξ
599 2070 645 2130 ἡ.
680 2087 693 2125 :
725 2072 871 2125 Inter
920 2075 1083 2126 natos
1130 2072 1427 2125 mulierum
1478 2089 1607 2126 non.
1658 2073 1798 2127 Item
1842 2079 1892 2137 ra.
1931 2091 1943 2128 :
1993 2076 2121 2129 H.130
2155 2082 2236 2129 est

536 2162 537 2169 ‘
598 2160 773 2228 virgo;
799 2159 1233 2216 Introivit.ltem
1264 2159 1324 2213 in
1356 2159 1623 2215 acumine
1653 2165 1771 2215 ant.
1800 2178 1813 2217 ί
1838 2163 1940 2217 Iste
1966 2165 2227 2233 cognovit,

536 2314 539 2323 ν
598 2248 649 2300 in
679 2248 784 2303 hoc
830 2247 955 2304 loco
992 2266 1005 2303 :
1041 2250 1106 2303 Et
1151 2250 1401 2303 inventus
1447 2257 1525 2303 est
1573 2251 1650 2303 in.
1682 2249 1843 2305 Ultra
1872 2249 2025 2304 hunc
2075 2251 2230 2306 enim

536 2342 538 2409 ς
596 2336 973 2392 novissimum
1004 2337 1270 2403 modum,
1305 2338 1351 2391 si
1386 2354 1533 2409 quas
1563 2355 1728 2394 voces
1760 2338 1907 2392 inter
1943 2355 2003 2393 se
2035 2339 2230 2394 subal-

536 2432 539 2499 ξ
595 2428 752 2480 terna
775 2426 1157 2497 percussione
1188 2425 1473 2481 distantes
1503 2427 1820 2497 quaesieris,
1854 2428 1911 2481 in
1944 2427 2103 2482 nullo
2136 2445 2231 2482 ra~

536 2522 537 2587 ]
595 2512 849 2568 tionabili
882 2517 1058 2568 cantu
1089 2513 1360 2584 reperies,
1392 2514 1573 2569 donec
1604 2516 1672 2570 ad
1717 2516 1995 2587 diapason
2028 2532 2229 2571 conso-

536 2610 539 2681 ς
596 2602 847 2657 nantiam
882 2602 1212 2674 pervenias,
1247 2602 1345 2656 ubi
1378 2603 1567 2674 magis
1597 2607 1685 2658 est
1705 2621 1860 2658 nova:
1884 2606 2230 2675 permutatio

536 2694 538 2709 ‘
590 2691 737 2747 vocis
759 2708 938 2763 quam
958 2691 1296 2764 progressio
1318 2691 1471 2745 modi
1494 2692 1959 2765 amplioris,quia
1979 2710 2080 2751 nec
2103 2695 2233 2765 ipsa

536 2766 538 2799 ἰ
592 2780 824 2835 humani
859 2780 1150 2852 appulsus
1177 2779 1537 2851 possibilitas
1567 2781 1841 2849 admittit,
1872 2786 1935 2836 ut
1968 2781 2233 2837 interval-

590 2868 657 2923 lis
688 2872 807 2924 tam
839 2867 1017 2941 longe
1049 2868 1201 2923 inter
1226 2885 1286 2923 se
1313 2868 1670 2924 distantibus
1689 2869 1901 2941 aliquis
1918 2876 2087 2942 aptus
2109 2872 2232 2925 red-

536 3034 539 3037 ,
587 2959 758 3014 datur
782 2975 990 3015 sonus.

651 3048 702 3104 3.
736 3048 800 3105 In
832 3047 930 3103 his
962 3046 1242 3102 omnibus
1294 3046 1536 3118 quintus
1584 3052 1812 3103 tantum
1861 3053 1917 3104 et
1947 3049 2231 3120 septimus

586 3137 791 3192 modus
808 3136 964 3192 inter
991 3133 1230 3190 musica:
1256 3133 1399 3190 artis
1417 3137 1825 3192 consonantias
1844 3138 2228 3209 reperiuntur,

536 3210 539 3243 ⁵
585 3224 688 3280 hoc
717 3230 826 3293 est,
862 3225 1255 3292 diatessaron,
1289 3224 1443 3295 quod
1477 3228 1564 3279 est
1593 3225 1990 3297 sesquitertia;
2014 3242 2079 3280 ac
2112 3227 2230 3281 dia-

583 3318 772 3384 pente,
806 3286 968 3385 quod
1001 3316 1092 3368 est
1123 3286 1522 3383 sesquialtera.
1556 3314 1625 3367 Et
1668 3286 1806 3368 tunc
1838 3286 2227 3369 consonantiae
2260 3286 2303 3352 Ο

536 3416 539 3421 '
586 3402 751 3469 ﬁunt,
784 3402 1027 3475 quando
1061 3399 1408 3456 altrinsecus
1438 3400 1619 3457 virilis
1649 3419 1713 3456 ac
1748 3403 1986 3473 puerilis
2007 3420 2111 3457 vox
2134 3421 2232 3475 pa-

583 3491 720 3546 riter
750 3491 1056 3557 sonuerit;
1077 3489 1165 3544 vel
1199 3489 1393 3561 potius
1423 3506 1488 3544 eo
1520 3490 1792 3545 cantandi
1823 3507 2050 3563 genere,
2080 3493 2234 3563 quod

583 3585 858 3635 consuete
889 3578 1110 3634 dicitur
1138 3577 1493 3650 organizare.
1530 3579 1591 3633 In
1643 3578 1883 3651 reliquis
1935 3597 2069 3636 vero
2121 3598 2235 3636 non

536 3686 537 3691 η
583 3672 718 3722 sunt
747 3666 1284 3731 eonsonantize,sed
1319 3666 1620 3721 intervalla
1649 3672 1705 3722 et
1735 3670 1997 3740 quaedam
2028 3685 2236 3725 vocum

535 3746 541 3782 ί
584 3756 953 3812 discrimina.
991 3756 1143 3811 Sunt
1170 3759 1226 3810 et
1252 3753 1377 3810 alia:
1413 3757 1824 3824 consonantiae,
1859 3757 2010 3812 sicut
2039 3758 2238 3830 diapa-

581 3861 706 3913 son,
728 3845 1009 3901 videlicet
1040 3845 1099 3898 in
1131 3843 1312 3914 dupla
1344 3843 1712 3915 proportione
1738 3862 1750 3911 ;
1783 3844 1959 3917 tripla
1987 3862 2237 3917 quoque,

536 3952 541 3959 -
581 3949 706 4003 qua
739 3934 887 3988 fitex
905 3932 1195 4005 diapason
1222 3931 1558 4002 etdiapente
1588 3930 1874 4005 Diapason
1897 3951 2027 3989 vero
2049 3939 2105 3989 et
2124 3934 2242 3989 dia-

536 4044 537 4049 η
578 4025 874 4090 tessaron,
903 4036 1249 4094 quanquam
1286 4019 1648 4092 Pythagorici
1684 4026 1897 4093 negant
1924 4038 2245 4077 consonan-

536 4105 539 4137 i
583 4109 723 4165 tiam
756 4126 914 4177 esse,
951 4108 1169 4164 idcirco
1201 4108 1477 4181 quoniam
1510 4125 1616 4164 nec
1666 4109 1725 4162 in
1776 4109 2103 4182 multiplici,
2138 4127 2243 4167 nec

578 4196 635 4251 in
668 4196 1203 4271 superparticulari
1239 4196 1508 4251 consistit
1539 4196 1883 4268 quantitate,
1917 4198 2071 4270 quod
2112 4215 2244 4269 pro-

582 4286 775 4356 prium
809 4292 904 4342 est
935 4285 1456 4341 consonantiarum
1488 4284 1628 4340 artis
1642 4285 2005 4352 musicaz,sed
2026 4286 2082 4341 in
2099 4286 2246 4342 mul-

536 4398 539 4409 ν
577 4374 762 4447 tiplici
798 4374 1296 4449 superpartiente.
1332 4374 1429 4429 Est
1458 4374 1615 4430 enim
1648 4373 1783 4428 talis
1836 4375 2150 4446 proportio,
2185 4380 2248 4429 ut

581 4468 710 4519 octo
743 4465 819 4519 ad
855 4464 1001 4531 tria,
1032 4480 1159 4536 qum
1189 4462 1485 4535 proportio
1516 4462 1730 4517 dicitur
1772 4462 1829 4517 in
1881 4462 2248 4519 arithmetica

581 4551 764 4624 dupla
791 4551 1327 4624 superbipartiens;
1345 4551 1518 4606 habet
1532 4552 1687 4605 enim
1707 4551 2036 4607 octonarius
2057 4556 2248 4607 terna-

2343 1998 2514 2036 omne
2546 1982 2701 2037 enim
2734 1983 2887 2054 quod
2922 2000 3197 2039 vocamus
3226 1984 3601 2056 principium,
3626 1985 3858 2042 nonnisi
3884 1985 3983 2041 ali-

2340 2070 2512 2141 cujus
2543 2070 2621 2125 rei
2656 2075 2844 2142 potest
2872 2087 3000 2125 esse
3032 2070 3415 2144 principium;
3450 2071 3718 2128 similiter
3762 2076 3819 2129 et
3848 2073 3982 2129 finis

2342 2156 2589 2229 alicujus
2621 2158 2699 2213 rei
2732 2162 2821 2213 est
2850 2158 3123 2214 ﬁnis.Sed
3156 2159 3256 2214 ubi
3287 2160 3981 2232 principiumestetﬁnis,

2341 2246 2663 2301 necessario
2721 2251 2811 2301 est
2856 2251 2913 2301 et
2955 2247 3236 2316 medium,
3285 2248 3396 2319 (11)
3434 2255 3494 2303 ut
3531 2265 3567 2303 α
3606 2238 3884 2321 principio
3928 2258 3983 2306 et

2337 2334 2513 2389 medio
2541 2344 2592 2390 et
2618 2334 2729 2403 ﬁne
2759 2336 3086 2404 constet,vel]
3117 2339 3182 2389 ut
3208 2352 3243 2390 a
3271 2336 3557 2408 principio
3586 2352 3690 2408 per
3717 2337 3975 2393 medium

2340 2424 2603 2478 veniatur
2632 2423 2703 2477 ad
2735 2424 2929 2479 finem.
2966 2424 3145 2495 Igitur
3174 2428 3240 2478 ut
3267 2427 3453 2479 totum
3480 2424 3700 2497 aliquid
3719 2425 3979 2498 sit,prin-

2341 2511 2490 2583 cipio
2521 2515 2577 2565 et
2606 2511 2795 2567 medio
2826 2518 2881 2566 ct
2910 2512 3023 2566 fine
3054 2512 3499 2568 constat.Unum
3530 2529 3684 2586 ergo,
3709 2530 3826 2569 non
3855 2518 3976 2571 tam

2342 2617 2624 2656 numerus
2655 2617 2832 2672 quam
2863 2599 3236 2673 principium,
3272 2603 3401 2658 fons
3442 2605 3499 2656 et
3527 2602 3687 2675 origo
3735 2606 3824 2658 est
3851 2619 3977 2658 om-

2343 2690 2505 2743 nium
2539 2705 2939 2759 numerorum,
2969 2690 3121 2760 quod
3154 2690 3343 2745 medio
3392 2694 3447 2745 et
3493 2690 3608 2746 ﬁne
3654 2695 3830 2759 caret,
3863 2691 3976 2746 nisi

2340 2780 2502 2843 forte,
2538 2795 2641 2850 pro
2673 2778 2759 2832 sui
2810 2778 3178 2848 perfectione,
3211 2778 3362 2833 sicut
3391 2778 3765 2850 principium,
3799 2779 3879 2834 ita
3924 2782 3982 2835 et

2342 2866 2475 2920 ﬁnis
2502 2865 2955 2921 dicatur.Dualis
2976 2881 3108 2921 vero
3142 2884 3424 2923 numerus
3446 2867 3621 2923 finem
3644 2884 3757 2923 non
3778 2867 3997 2939 habet,_

2339 2955 2410 3010 ad
2442 2971 2615 3025 quem
2647 2971 2748 3025 per
2778 2954 3035 3009 medium
3065 2955 3353 3026 perveniri
3383 2956 3606 3025 debeat,
3638 2957 3807 3028 cujus
3851 2972 3974 3011 om-

2340 3045 2476 3099 nino
2508 3060 2709 3114 expers
2740 3042 3263 3115 exstitit.Superest
3291 3048 3487 3099 autem
3517 3047 3584 3100 ut
3610 3044 3735 3116 ipse
3759 3043 3972 3116 princi-

2340 3133 2500 3205 pium
2532 3131 2854 3196 dieatur,ut
2883 3130 2991 3186 hoc
3021 3130 3266 3187 alterum
3298 3131 3650 3204 principium
3678 3132 3755 3188 sit
3781 3133 3853 3188 de
3874 3131 3973 3187 illo

2340 3219 2840 3294 primo,illudvero
2872 3219 2942 3274 de
2971 3218 3575 3276 nullo.Primumillud
3597 3219 3970 3292 principium,

2344 3328 2375 3366 a
2408 3326 2521 3381 quo
2554 3307 2779 3363 numeri
2820 3325 3023 3363 omnes
3072 3308 3371 3377 oriuntur;
3401 3308 3511 3365 hoc
3552 3325 3684 3364 vero
3728 3307 3977 3364 alterum

2344 3403 2449 3465 est,
2470 3414 2571 3469 per
2595 3398 2748 3469 quod
2780 3413 2982 3452 omnes
3015 3397 3242 3453 numeri
3274 3396 3665 3453 inveniuntur.
3698 3397 3769 3453 At
3797 3397 3847 3452 si
3875 3396 3979 3452 uni

2346 3487 2459 3541 duo
2478 3486 2692 3542 fuerint
2696 3487 2719 3556 j
2729 3485 3478 3553 uncta,occurritternarius
3498 3503 3511 3542 :
3532 3485 3978 3559 primusimpar,

2345 3575 2445 3648 qui
2476 3575 2649 3630 habet
2682 3573 2909 3630 initium
2942 3574 3199 3630 medium
3228 3580 3285 3630 et
3314 3576 3512 3637 tinem.
3538 3575 3637 3632 ubi
3667 3591 3787 3631 una
3812 3573 3984 3631 inter-

2338 3665 2495 3736 jecta
2528 3663 2808 3718 medietas
2839 3679 3007 3735 pares
3038 3664 3149 3719 sibi
3182 3664 3466 3719 terminos
3497 3664 3704 3733 habet;
3728 3681 3797 3719 ex
3825 3668 3986 3719 utro-

2348 3770 2459 3825 que
2490 3751 2645 3807 enim
2694 3751 2871 3807 latere
2917 3751 3390 3807 circumvallatur
3435 3753 3675 3821 unitate,
3729 3756 3787 3808 et
3830 3752 3986 3825 quod

2348 3841 2738 3897 extremitates
2754 3841 2992 3911 junclm,
3018 3840 3126 3895 hoc
3157 3840 3293 3896 facit
3344 3841 3626 3897 medietas
3654 3840 3988 3913 duplicata;

2349 3948 2532 3985 unum
2560 3930 2713 3985 enim
2744 3932 2799 3984 et
2823 3946 3006 3984 unum
3030 3928 3251 3983 faciunt
3280 3929 3550 4001 duo,quae
3565 3929 3985 3998 simuljuncta,

2352 4022 2408 4076 id
2440 4026 2527 4076 est
2562 4021 2676 4076 duo
2725 4023 2782 4075 et
2831 4019 2965 4085 duo,
3000 4020 3225 4076 faciunt
3270 4023 3540 4091 quatuor.
3574 4019 3807 4087 Primus
3851 4034 3988 4090 ergo

2352 4111 2614 4165 omnium
2645 4126 3024 4164 numerorum
3072 4112 3161 4164 est
3202 4109 3507 4175 ternarius,
3539 4108 3631 4162 cui
3677 4108 3828 4162 inter
3872 4107 3989 4161 duo

2353 4215 2587 4254 summa
2617 4198 2897 4263 medium,
2922 4214 3037 4269 quo
3067 4197 3398 4265 vinciretur,
3425 4195 3650 4252 accidit.
3664 4196 3989 4259 Quaterna-

2354 4287 2480 4343 rius
2491 4303 2642 4354 vero,
2669 4285 2806 4357 quia
2823 4286 2967 4341 duas
2986 4285 3326 4341 medietates
3343 4285 3598 4341 obtinuit
3627 4289 3683 4340 et
3694 4285 3832 4357 quia
3852 4288 3991 4340 tunc

2356 4375 2573 4430 arctius
2603 4374 2819 4429 extima
2846 4373 3200 4440 vinciuntur,
3233 4373 3465 4445 quando
3495 4372 3775 4428 medietas
3810 4370 3993 4445 gemi-

2357 4465 2547 4527 natur,
2583 4461 2786 4517 merito
2819 4461 3023 4516 artifex
3052 4466 3261 4517 natura
3282 4463 3455 4533 jussu
3503 4461 3789 4517 Creatoris
3835 4461 3994 4515 hunc

2359 4551 2467 4608 sibi
2502 4566 2813 4605 numerum
2846 4550 3065 4617 ascivit,
3104 4567 3217 4622 quo
3262 4550 3560 4606 insolubili
3608 4548 3996 4622 colligationis

581 4641 737 4696 rium
770 4642 869 4696 bis
902 4642 1175 4714 duasque
1206 4641 1335 4712 ejus
1365 4644 1580 4712 partes,
1614 4639 1670 4694 id
1723 4644 1832 4705 est,
1866 4641 2013 4696 duas
2059 4641 2250 4696 unita-
2282 4651 2329 4715 Ι)
2361 4638 2589 4695 vinculo
2619 4637 2905 4695 elementa
2934 4637 3170 4694 sibimet
3212 4639 3600 4711 repugnantia
3626 4636 3996 4703 devinxisset,

584 4731 939 4785 tes.'l‘amen
969 4728 1180 4785 eximio
1212 4730 1443 4784 doctore
1473 4728 1668 4783 Boetio
1700 4728 1991 4783 Ptolomaei
2027 4733 2257 4784 sentcn-

580 4817 729 4873 tiam
758 4834 953 4891 super
982 4817 1094 4873 hoc
1125 4816 1837 4890 approbante,necessario
1858 4818 2251 4872 fatemuream

577 4906 1051 4962 consonantiam
1101 4922 1230 4962 esse
1276 4904 1613 4972 maximam,
1645 4905 1923 4976 quoniam
1973 4905 2254 4978 diapason

575 4994 713 5049 talis
748 5000 844 5050 est
877 4993 1328 5067 symphonia,ut
1351 5010 1762 5065 quamcunque
1782 4992 1956 5048 aliam
1979 4993 2261 5064 suscipiat

536 5090 538 5123 ἐ
578 5083 1075 5151 consonantiam,
1097 5087 1285 5140 servet
1312 5099 1418 5139 nec
1445 5082 1741 5147 immutet,
1772 5098 1877 5137 nec
1910 5098 1976 5136 ex
2006 5097 2261 5136 consona

576 5171 901 5228 dissonum
927 5170 1349 5240 reddat.Sicut,
1370 5170 1582 5242 inquit,
1615 5170 1852 5226 denario
1883 5186 2127 5225 numero
2159 5169 2258 5240 qui

536 5282 537 5285 η
574 5258 764 5316 fuerit
795 5259 1233 5328 additus,intra
1257 5275 1390 5315 eum
1419 5258 1645 5330 positus
1669 5257 1893 5331 integer
1919 5256 2257 5312 inviolatus-

576 5364 695 5420 que
727 5352 1180 5415 servatur,cum
1211 5346 1271 5401 in
1303 5347 1524 5402 caeteris
1554 5345 1609 5400 id
1643 5347 1885 5403 minime
1915 5346 2158 5409 eveniat,
2178 5344 2259 5400 ita

576 5437 762 5492 etiam
794 5438 861 5492 in
893 5436 1014 5492 hac
1029 5435 1581 5492 consonantia.Nam
1597 5435 1644 5490 si
1664 5436 1980 5491 duotribus
1995 5432 2258 5505 adjicias,

578 5527 859 5600 quinque
893 5525 1184 5581 continuo
1219 5523 1425 5580 reddes
1449 5526 1506 5579 et
1536 5524 1765 5579 numeri
1798 5523 2018 5597 species
2046 5523 2257 5577 immu-

650 5633 735 5706 (9)
769 5638 847 5706 Ia
872 5632 963 5706 de.-

652 5699 772 5783 (10)
800 5703 1063 5763 Uncinis
1093 5699 1324 5758 inclusa
1356 5701 1568 5757 desunt
1598 5699 1657 5758 in
1688 5703 1821 5778 Lips

2364 4728 2589 4800 triaque
2620 4726 2720 4781 illa
2750 4726 2983 4782 musica:
3023 4742 3254 4797 genera,
3288 4727 3344 4782 id
3395 4731 3501 4795 est,
3535 4726 3865 4791 mundanae,
3895 4724 4001 4780 hu-

2365 4833 2549 4871 mana:
2580 4820 2635 4871 et
2663 4816 2790 4885 ejus
2819 4832 2945 4887 quae
2978 4818 3068 4869 est
3096 4813 3155 4869 in
3188 4815 3621 4881 instrumentis,
3647 4818 3771 4870 rata
3801 4813 4004 4868 modu-

2366 4904 2600 4961 lationis
2630 4904 2756 4976 lege
2788 4904 3220 4959 conformasset.
3247 4903 3471 4973 Merito,
3501 4901 3872 4975 inquam,bic
3902 4917 4005 4956 nu-

2369 5010 2565 5048 merus
2592 4992 2825 5047 musicae
2856 4990 3167 5046 hsrmoniaa
3207 4995 3294 5047 est
3344 4991 3680 5057 attributus,
3712 4989 3811 5062 qui
3857 4988 4003 5045 infe-

2367 5082 2522 5136 riora
2551 5080 2946 5153 superioribus
2979 5077 3482 5148 coneiliat,animaa
3504 5079 3878 5152 corporisque
3895 5081 4009 5134 sta-

2367 5175 2494 5226 tum
2517 5168 2767 5241 jugabili
2800 5167 3237 5240 proportionum
3256 5166 4013 5241 competentiafcederat,be-

2367 5257 2565 5313 stiales
2586 5257 2891 5312 hominum
2916 5260 3110 5311 motus
3128 5256 3676 5328 eomprimit,mores
3688 5253 4006 5324 componit,

2368 5347 2485 5402 iras
2511 5346 2841 5401 daemonum
2874 5344 3105 5416 mitigat
3135 5343 3221 5398 vel
3256 5343 3448 5416 potius
3477 5343 3672 5415 fugat;
3708 5341 3884 5397 etiam
3920 5340 4008 5411 ip-

2370 5450 2494 5490 sam
2526 5437 2740 5488 terram
2755 5448 3034 5488 sonorum
3053 5447 3297 5487 suorum
3311 5430 3684 5489 concentibus
3705 5426 3845 5484 c0310
3862 5441 4006 5499 quo-

2370 5521 2681 5578 dammodo
2711 5520 2979 5576 associat.

2443 5628 2553 5701 (11)
2583 5625 2821 5684 Uncinis
2848 5626 3050 5685 clausa
3077 5624 3297 5684 desunt
3323 5627 3383 5683 in
3412 5625 3552 5698 Lips.
