3886 6388
111 523 291 586 1105

1336 527 1750 595 PROLOGUS
1793 531 1872 593 IN
1915 532 2352 598 TONABIUM.

3393 536 3548 602 1106

108 656 345 715 seriem
375 674 590 716 vocum
622 657 682 717 in
726 659 908 719 totius
952 660 1329 734 monochordi
1360 663 1791 722 constructione
1818 666 1871 734 Α
1900 682 2126 735 meson,
2151 672 2428 742 parypato
2472 684 2697 736 meson,
2730 664 2992 728 lichanos
3037 686 3266 742 meson;
3300 686 3428 747 qua
3458 674 3545 731 id-

112 747 471 804 alternatim
503 749 1110 825 dispositas,exceptis
1135 753 1326 809 tribus
1357 752 1791 820 locis,videlicet

108 836 279 892 inter
333 837 557 910 hypate
600 838 856 911 hypaton
896 845 952 895 et
991 841 1251 913 paripate
1282 859 1505 909 meson,
1532 846 1590 898 et
1636 843 1789 899 inter

112 924 552 997 hypatemeson
572 931 629 982 et
645 927 776 982 trite
794 936 1298 999 synemmenon,et
1314 931 1465 985 inter
1487 948 1788 1003 paramese

61 1004 65 1009 ’
112 1018 171 1068 et
201 1013 346 1068 trite
378 1013 797 1086 hyperboleon.
830 1016 1119 1087 Diapason
1151 1019 1662 1089 autem,quoniam
1695 1019 1787 1075 his

114 1102 361 1157 duabus
407 1104 810 1159 consonantiis
841 1105 1185 1177 completur,
1219 1110 1301 1161 tot
1347 1107 1521 1162 habet
1568 1108 1786 1163 formas

114 1196 262 1263 quot
305 1192 424 1246 sub
466 1191 563 1247 his
593 1192 986 1249 continentur.
1022 1197 1250 1266 Septem
1303 1194 1482 1267 igitur
1529 1195 1788 1252 continet

113 1279 379 1352 species;
403 1296 510 1351 pro
532 1280 803 1352 diapente
825 1287 1094 1353 quatuor,
1118 1299 1223 1354 pro
1245 1283 1605 1339 diatessaron
1634 1288 1780 1351 tres;

112 1383 374 1438 quarum
398 1368 592 1440 prima
609 1369 819 1425 interA
835 1375 890 1426 et
907 1388 958 1437 a,
975 1371 1032 1425 id
1055 1375 1143 1425 est
1166 1371 1783 1443 proslambanomenos

111 1461 168 1510 et
201 1471 366 1511 mese
399 1456 765 1525 continetur;
799 1460 1054 1514 secunda
1082 1461 1154 1515 ab
1184 1459 1396 1532 hypate
1425 1460 1678 1533 hypaton
1710 1462 1781 1516 ad

113 1561 429 1616 paramese
469 1546 820 1618 porrigitur;
851 1547 1020 1602 tertia
1048 1565 1082 1603 a
1123 1553 1399 1620 parypate
1431 1548 1687 1621 hypaton
1720 1550 1779 1604 in

110 1631 245 1687 trite
277 1632 753 1707 diezeugmenon
796 1635 1171 1702 terminatur;
1206 1640 1416 1708 quarta
1448 1654 1481 1691 a
1516 1635 1780 1693 lichanos

111 1720 372 1792 hypaton
417 1722 493 1777 ad
542 1727 817 1793 paranete
866 1723 1323 1795 diezeugmenon
1374 1725 1774 1795 protenditur;

109 1809 319 1880 quinta
350 1809 427 1865 ab
460 1808 679 1882 hypate
723 1826 923 1866 meson
956 1816 1013 1867 et
1038 1812 1108 1866 ad
1158 1816 1287 1867 nete
1319 1813 1776 1884 diezeugmenon

111 1896 439 1964 limitatur;
464 1902 635 1953 sexta
654 1904 966 1970 aparypate
990 1916 1192 1955 meson
1223 1901 1290 1955 ad
1317 1901 1453 1955 trite
1483 1901 1770 1972 hyperbo-

1897 757 2049 812 oirco
2081 774 2150 814 ex
2188 759 2464 815 omnibus
2518 760 2710 817 electas
2761 766 2903 816 sunt
2947 761 3153 818 ﬁnales
3185 763 3343 835 quod
3399 764 3549 821 inter

1898 852 2119 919 septem
2160 844 2367 904 vocum
2400 848 2744 905 discrimina
2783 850 3153 907 inveniantur
3194 853 3547 924 sonoriores,

1896 941 2059 991 extra
2087 954 2234 1009 quas
2266 938 2311 993 si
2342 937 2430 994 vel
2460 942 2625 993 vetus
2655 938 2741 994 vel
2774 955 2921 994 nova
2952 940 3143 995 cantio
3176 941 3436 1008 ﬁniatur,
3468 942 3547 998 ir-

1897 1024 2182 1097 regularis
2207 1030 2264 1081 et
2294 1025 2596 1099 illegitima
2626 1026 2750 1083 sine
2780 1027 2960 1083 dubio
2981 1028 3302 1099 judicatur.
3326 1029 3545 1087 Cantus

1895 1113 2075 1185 igitur
2117 1113 2380 1186 magistri
2431 1116 2675 1187 ejusque
2720 1115 3015 1188 discipuli,
3045 1116 3101 1172 id
3151 1121 3240 1172 est
3285 1117 3461 1191 primi
3488 1124 3547 1175 et

1895 1202 2135 1257 secundi
2157 1203 2314 1257 modi
2341 1203 2542 1257 finitur
2561 1203 2619 1257 in
2645 1204 2710 1273 D,
2737 1205 2978 1259 secundi
3014 1204 3276 1277 magistri
3299 1207 3543 1278 ejusque

1894 1289 2189 1363 discipuli,
2213 1291 2269 1346 id
2293 1295 2383 1346 est
2402 1290 2556 1346 tertii
2578 1297 2636 1346 et
2665 1293 2858 1363 quarti
2884 1292 3037 1347 modi
3059 1292 3119 1347 in
3142 1294 3204 1359 E,
3238 1293 3393 1349 tertii
3415 1310 3540 1350 ma-

1892 1378 2058 1451 gistri
2083 1380 2328 1451 ejusque
2349 1380 2618 1450 subjecti,
2640 1380 2698 1434 id
2722 1385 2810 1436 est
2832 1380 3023 1452 quinti
3045 1385 3102 1436 et
3127 1381 3271 1437 sexti
3299 1383 3456 1437 modi
3478 1382 3537 1439 in

1892 1466 1952 1533 F,
1981 1467 2171 1538 quarti
2204 1468 2469 1539 magistri
2505 1468 2750 1540 ejusque
2780 1467 3072 1540 discipuli,
3097 1470 3154 1523 id
3184 1473 3275 1525 est
3302 1471 3538 1542 septimi

1890 1560 1945 1610 et
1970 1556 2151 1611 octavi
2197 1556 2354 1610 modi
2403 1556 2459 1609 in
2491 1558 2557 1609 G.
2589 1557 2697 1611 Sed
2731 1557 2871 1628 quia
2927 1556 3167 1612 nomina
3222 1562 3279 1614 et
3329 1558 3536 1616 ﬁnales

1889 1659 2090 1698 eorum
2121 1643 2397 1711 diximus,
2431 1644 2778 1700 intensionis
2813 1648 2872 1700 et
2909 1643 3274 1701 remissionis
3317 1645 3535 1703 limites

1887 1732 2241 1803 aperiamus.

1953 1822 2008 1874 7.
2030 1820 2140 1891 (l6)
2174 1821 2380 1876 Protus
2400 1820 2512 1892 (17)
2544 1822 2747 1892 [itaque
2777 1824 3088 1887 authenlus,
3110 1822 3168 1877 id
3204 1830 3281 1879 est
3315 1824 3533 1895 primus

1881 1910 2164 1980 magister]
2197 1912 2424 1964 constat
2470 1925 2539 1963 ex
2581 1908 2771 1980 prima
2799 1910 2992 1981 specie
3040 1910 3311 1982 diapente
3358 1914 3417 1966 et
3462 1927 3532 1967 ex

107 1984 234 2089 icon
253 1986 621 2054 intenditur;
646 1987 899 2089 septima
925 2005 958 2043 a
989 1993 1259 2089 paranete
1281 1988 1671 2089 hyperboleon
1701 1991 1772 2089 ad
1803 2019 1849 2084 Β
1883 1996 2075 2068 prima
2112 1997 2303 2068 specie
2353 1996 2715 2052 diatessaron
2764 1998 3036 2069 superius
3067 1999 3178 2069 (18)
3209 2000 3340 2069 [non
3390 1998 3530 2070 quod

106 2073 370 2130 lichanos
402 2090 613 2130 meson
647 2076 984 2131 remittitur.
1018 2076 1172 2139 Quas
1203 2094 1406 2145 omnes
1445 2077 1687 2149 species,
1721 2079 1771 2134 si

110 2167 380 2218 tonorum
428 2166 491 2218 et
542 2163 990 2219 semitoniorum
1041 2164 1219 2221 situm
1270 2156 1613 2237 inspexeris,
1645 2183 1679 2221 a
1710 2183 1772 2222 se

105 2249 350 2307 invicem
378 2251 675 2307 distantes
693 2251 937 2307 videbis.
964 2252 1124 2318 Quod
1158 2251 1205 2308 si
1241 2258 1501 2308 octavam
1535 2270 1567 2309 a
1611 2270 1770 2310 mese

107 2355 207 2410 per
227 2355 541 2412 paramese
565 2344 623 2394 et
654 2340 790 2395 trite
822 2338 1277 2417 diezeugmenon
1307 2340 1663 2397 intendendo
1695 2345 1767 2398 ad

109 2433 233 2483 nete
261 2426 669 2502 hyperboleon
700 2428 1002 2498 adjeceris,
1023 2446 1055 2483 a
1084 2429 1274 2501 prima
1313 2446 1427 2485 non
1459 2429 1768 2486 dissentire

106 2515 344 2572 videbis.
360 2516 422 2571 Si
454 2532 595 2571 vero
617 2516 691 2571 ab
721 2517 924 2572 eadem
962 2532 1120 2573 mese
1144 2533 1246 2589 per
1271 2518 1404 2573 trite
1435 2535 1765 2590 synemme-

109 2620 220 2660 non
251 2608 308 2660 et
335 2608 627 2676 paranete
660 2620 1079 2677 synemmenon
1117 2606 1469 2673 ascenderis,
1499 2607 1764 2662 eamdem

106 2693 317 2764 quinta:
336 2692 702 2748 notabis.Sic
720 2692 1188 2765 igiturdiapason
1209 2698 1429 2766 septem
1447 2693 1622 2750 habet
1639 2712 1766 2767 spe-

109 2780 239 2847 cies,
255 2798 376 2838 una
391 2781 788 2852 minusquam
805 2798 994 2849 voces,
1010 2782 1069 2836 in
1083 2781 1298 2854 quibus
1310 2788 1436 2838 octo
1454 2784 1761 2839 modorum

106 2867 331 2925 diversa
351 2870 418 2925 ﬁt
439 2868 689 2943 positio;
714 2870 869 2940 quod
901 2886 1156 2942 sequens
1176 2871 1438 2942 expediet
1464 2872 1629 2927 ratio.
1663 2876 1762 2927 Se-

1881 2086 1962 2140 ibi
1985 2086 2167 2156 prima
2198 2089 2321 2157 ejus
2364 2087 2565 2156 species
2610 2085 2952 2149 exordiatur,
2982 2086 3075 2141 sed
3101 2086 3243 2158 quod
3269 2087 3450 2157 forma
3478 2094 3531 2143 et

1877 2173 2182 2228 similitudo
2212 2172 2374 2228 illius
2405 2175 2610 2244 prima
2634 2175 2854 2244 speciei,
2880 2189 3006 2246 quae
3047 2176 3283 2244 inferius
3310 2181 3405 2240 est,
3438 2174 3531 2231 hic

1875 2262 1975 2316 sub
2003 2276 2195 2316 earum
2223 2261 2550 2316 chordarum
2591 2261 2941 2332 dispositione
2986 2264 3351 2329 contineatur,
3402 2270 3526 2318 tono

1874 2350 2083 2406 scilicet
2127 2357 2177 2406 et
2220 2351 2506 2406 semitonio
2534 2357 2586 2405 et
2614 2349 2791 2423 tono];
2824 2346 3150 2422 subjugalis
3205 2365 3340 2405 vero
3396 2351 3525 2421 ejus

1877 2443 2105 2493 constat
2126 2455 2195 2493 ex
2215 2438 2414 2493 eadem
2450 2436 2642 2508 specie
2663 2437 3026 2510 diapente,et
3053 2452 3122 2492 ex
3150 2435 3355 2492 eadem
3385 2452 3522 2509 spe-

1875 2526 1960 2587 cie
1982 2525 2344 2580 diatessaron
2379 2524 2643 2590 inferius,
2668 2525 2823 2596 quod
2850 2530 3044 2580 autem
3069 2524 3219 2591 dico,
3246 2524 3361 2580 tale
3390 2528 3517 2580 est:

1875 2614 2106 2669 Primus
2128 2618 2302 2668 tonus
2322 2629 2353 2668 a
2376 2628 2482 2668 suo
2504 2611 2684 2681 finali,
2707 2611 2763 2666 id
2788 2616 2899 2683 est,
2923 2629 2956 2666 a
2979 2611 3243 2668 lichanos
3262 2612 3520 2684 hypaton

1873 2700 2049 2756 habet
2077 2701 2371 2757 licentiam
2404 2699 2756 2756 ascendendi
2785 2698 2845 2754 in
2870 2700 3161 2770 diapente,
3182 2699 3292 2754 hoc
3321 2703 3429 2768 est,
3456 2699 3519 2756 in

1872 2805 2060 2858 mese;
2084 2793 2143 2844 et
2184 2805 2219 2844 a
2255 2804 2414 2844 mese
2445 2788 2504 2842 in
2554 2793 2828 2859 paranete
2858 2786 3334 2860 diezeugmenon,
3361 2788 3517 2858 quod

1868 2882 1959 2933 est
2010 2877 2201 2949 prima
2257 2876 2479 2948 species
2535 2876 2898 2932 diatessaron
2921 2876 3139 2945 (19),e0
3187 2875 3364 2941 modo,
3412 2890 3517 2947 quo

110 2960 257 3028 ptem
270 2974 406 3014 vero
426 2961 665 3013 tantum
684 2958 888 3014 modos
900 2958 1223 3014 secundum
1237 2958 1514 3030 diapason
1540 2959 1761 3031 species
1864 2964 2191 3037 praedictum
2210 2970 2321 3028 est;
2343 2964 2637 3020 secundus
2661 2980 2795 3020 vero
2815 2968 3011 3032 tonus,
3026 2962 3128 3035 qui
3151 2963 3368 3019 dicitur
3386 2963 3515 3035 ejus

109 3044 355 3116 primum
380 3046 593 3113 fuisse,
609 3046 709 3101 sed
733 3046 1109 3102 Ptolomaeum
1132 3050 1400 3102 octavum
1424 3064 1489 3102 su
1502 3047 1761 3119 peraddi-

109 3132 276 3202 disse,
302 3134 577 3191 Boetium
598 3133 660 3188 in
684 3134 909 3190 musica
929 3134 1151 3191 scimus
1172 3134 1486 3191 tradidisse
1507 3151 1757 3206 quorum

110 3222 339 3278 nomina
367 3222 915 3294 diversitatemque,
942 3223 1222 3294 quoniam
1261 3223 1525 3279 brevitati
1557 3223 1756 3279 stude-

110 3323 254 3377 mus,
275 3312 611 3367 secundum
643 3310 1104 3367 ecclesiasticum
1150 3327 1325 3367 usum
1358 3311 1753 3383 expediamus.

1868 3052 2217 3125 subjugalis,
2250 3052 2308 3108 in
2339 3052 2605 3108 eamdem
2644 3052 2914 3123 diapente
2956 3050 3245 3119 ascendit;
3279 3052 3380 3107 sed
3410 3066 3514 3122 per

1866 3141 2131 3197 eamdem
2154 3140 2405 3211 speciem
2430 3139 2792 3194 diatessaron
2808 3139 2922 3209 (20)
2939 3137 3233 3193 inferiusa
3248 3136 3512 3194 lichanos

1866 3228 2121 3301 hypaton
2149 3227 2207 3283 in
2237 3227 2865 3299 proslambanomenon
2889 3240 2994 3297 per
3022 3229 3228 3280 tonum
3256 3228 3316 3280 et
3343 3223 3514 3281 semi-

1868 3316 2096 3371 tonium
2130 3316 2389 3386 itemque
2404 3319 2606 3370 tonum
2628 3313 2946 3369 descendit.
2961 3313 3249 3384 Etprotus
3272 3311 3511 3383 quidem

174 3376 395 3455 6.70cto
443 3400 651 3470 itaque
696 3399 1034 3455 cantionum
1082 3399 1294 3465 modis,
1319 3376 1470 3471 quos
1517 3400 1757 3456 abusive
1788 3376 1831 3441 (ἶ
1870 3404 2184 3477 aliquando
2218 3376 2401 3458 unum
2432 3408 2634 3457 tonum
2675 3417 2854 3473 super
2882 3376 3243 3456 diatessaron
3274 3376 3515 3456 licenter

114 3489 271 3541 tonos
299 3503 607 3553 vocamus,
633 3487 774 3547 ordo
806 3486 1238 3543 ecclesiasticus
1275 3485 1477 3541 utitur.
1504 3490 1764 3554 Quatuor

115 3574 447 3631 excelsiores
491 3574 876 3629 monochordi
903 3591 1073 3630 voces
1112 3574 1299 3629 sortiti
1333 3575 1414 3629 sic
1442 3580 1759 3630 vocantur:

117 3661 484 3719 authenticus
507 3667 738 3735 protus,
753 3663 810 3717 id
828 3666 917 3717 est
938 3663 1165 3734 primus
1188 3663 1495 3735 magister;
1520 3664 1763 3719 authen-

116 3746 256 3804 ticus
268 3750 571 3821 deuterus,
586 3750 647 3804 id
663 3750 1057 3805 estsecundus
1070 3750 1374 3822 magister;
1390 3750 1761 3807 authenticus

118 3836 300 3905 tritus,
315 3838 371 3893 id
390 3843 483 3895 est
498 3838 715 3894 tertius
732 3838 1040 3909 magister;
1059 3838 1429 3893 authenticus
1446 3840 1759 3906 tetrardus,

118 3922 169 3978 id
190 3929 275 3981 est
291 3931 546 3997 quartus
582 3926 883 3998 magister.
907 3925 1202 3981 Aulhentos
1230 3926 1386 3981 enim
1422 3927 1599 3982 Graeci
1632 3944 1761 3983 ma-

118 4011 319 4082 gistros
347 4016 578 4082 dicunt,
602 4013 774 4085 quasi
822 4017 1173 4081 auctoratos,
1203 4014 1256 4068 id
1296 4018 1385 4070 est
1421 4016 1761 4071 auctoritate

120 4101 673 4175 praeditos,quorum
701 4101 977 4173 praecellit
1000 4101 1336 4157 auctoritas.
1363 4102 1524 4159 Unde
1544 4119 1579 4157 a
1607 4118 1761 4159 com-

117 4191 404 4257 paratione
434 4190 666 4248 altioris
687 4191 906 4262 gradus
931 4190 1040 4245 hos
1068 4191 1274 4246 modos
1304 4192 1386 4247 ita
1404 4191 1591 4247 vocari
1614 4192 1761 4247 obti-

119 4276 236 4331 nuit
254 4295 415 4336 usus.
434 4279 549 4335 Alii
575 4295 709 4334 vero
732 4284 990 4351 quatuor
1016 4279 1288 4334 inferiora
1308 4277 1434 4334 loca
1454 4280 1757 4350 possiden-

121 4364 197 4417 tes
217 4365 295 4420 sic
314 4374 601 4423 vocantur
625 4385 637 4422 :
666 4366 858 4438 plagis
881 4365 1053 4439 preti,
1078 4367 1133 4421 id
1154 4371 1244 4422 est
1275 4366 1529 4422 lateralis
1560 4368 1756 4439 primi.

122 4451 459 4510 subauditur
488 4455 837 4520 authentici,
862 4453 1032 4526 quasi
1065 4454 1174 4510 sub
1204 4454 1384 4509 latere
1414 4456 1541 4525 ejus
1574 4455 1759 4511 conti-

122 4544 332 4607 neatur,
353 4548 412 4598 et
437 4543 684 4599 inferior
705 4541 801 4611 sit,
826 4541 1007 4598 simili
1036 4542 1259 4598 ratione
1291 4541 1481 4615 plagis
1512 4544 1756 4613 deuteri,

125 4624 293 4699 plagis
322 4632 463 4700 triti,
498 4631 694 4704 plagis
722 4631 985 4687 tetrardi.
1016 4631 1124 4686 Sed
1158 4648 1264 4686 nos
1294 4630 1525 4703 regulas
1555 4648 1755 4687 eorum

1871 3492 2121 3548 assumit
2149 3492 2262 3562 (21)
2290 3509 2301 3546 :
2335 3490 2609 3545 similiter
2646 3493 2703 3545 et
2742 3489 2931 3544 caeteri
2962 3486 3279 3544 authentici
3310 3491 3517 3560 prater

1868 3578 2305 3651 deuterum,qui
2324 3577 2699 3634 semitonium
2718 3581 2949 3633 tantum
2968 3575 3242 3632 admittit.
3257 3576 3517 3647 Itemque

1870 3674 2075 3741 prome
2105 3669 2259 3723 infra
2286 3667 2519 3723 finalem
2551 3681 2727 3721 suum
2749 3666 3050 3721 descendit
3069 3666 3182 3736 (22)
3212 3663 3272 3719 in
3304 3680 3517 3720 sonum

1870 3758 1981 3813 sibi
2008 3758 2289 3823 vicinum,
2312 3756 2626 3826 aliquando
2658 3755 2715 3809 in
2756 3753 3017 3821 tertium,
3050 3768 3353 3825 nunquam
3382 3768 3517 3807 vero

1868 3845 1930 3900 in
1955 3844 2231 3917 legitimis
2278 3844 2550 3899 cantibus
2592 3842 2649 3895 in
2695 3844 2995 3912 quartum.
3026 3839 3308 3896 Similiter
3333 3843 3393 3895 et
3420 3838 3519 3894 alii

1867 3938 1988 3989 tres
2017 3931 2334 3988 authentici
2355 3931 2525 4001 juxta
2554 3928 2818 3984 ordinem
2849 3926 3117 3982 ﬁnalium
3146 3942 3413 3981 suorum.

1940 4021 2226 4075 Deuterus
2255 4022 2482 4073 constat
2511 4034 2581 4071 ex
2620 4015 2878 4070 secunda
2920 4013 3111 4085 specie
3162 4013 3433 4084 diapente
3459 4015 3520 4067 et

1869 4108 2126 4164 secunda
2174 4107 2363 4177 specie
2414 4105 2774 4159 diatessaron
2825 4100 3119 4174 superius,
3150 4098 3251 4155 illo
3296 4099 3518 4156 scilicet

1870 4196 2042 4251 modo
2072 4210 2189 4264 quo
2227 4209 2406 4264 supra
2435 4193 2749 4246 tractatum
2792 4193 2899 4245 est.
2927 4186 3266 4260 Subjugalis
3294 4189 3423 4259 ejus
3447 4202 3519 4243 ex

1867 4284 2069 4340 eadem
2101 4280 2292 4353 specie
2321 4280 2613 4351 diapente,
2636 4282 2692 4333 et
2728 4293 2799 4332 ex
2826 4277 3028 4333 eadem
3066 4275 3257 4347 specie
3295 4274 3516 4332 diates-

1868 4388 2041 4428 saron
2071 4368 2348 4436 inferius;
2384 4384 2453 4423 ex
2484 4365 2767 4437 superiori
2800 4369 2994 4421 autem
3039 4379 3308 4419 sermone
3350 4365 3517 4436 potes

1867 4463 1925 4515 et
1957 4458 2113 4514 istud
2145 4455 2656 4528 comprehendere.
2680 4453 2880 4510 Tritus
2928 4452 3264 4515 authentus,
3297 4452 3398 4523 qui
3429 4455 3520 4508 est

1867 4553 2045 4603 tonus
2076 4545 2339 4618 quintus,
2364 4547 2592 4599 constat
2633 4559 2703 4597 ex
2739 4540 2912 4597 tertia
2941 4538 3132 4612 specie
3160 4538 3433 4611 diapente
3460 4542 3520 4595 et

1867 4636 2039 4693 tertia
2078 4633 2268 4706 specie
2316 4633 2678 4688 diatessaron
2726 4629 3021 4702 superius.
3044 4627 3363 4685 Tetrardus
3406 4644 3517 4683 au-

125 4711 314 4774 dentes
361 4720 588 4776 Latinis
637 4724 877 4774 utamur
923 4717 1283 4785 nominibus,
1317 4724 1373 4774 et
1418 4719 1758 4776 excelsiores
1791 4733 1836 4798 ι’)
1868 4724 2105 4780 thentus
2146 4723 2263 4794 {qui
2292 4730 2370 4777 est
2399 4730 2561 4776 tonus
2597 4718 2881 4791 septimus]
2921 4720 3152 4773 constat
3197 4733 3266 4772 ex
3309 4719 3519 4788 quarta

127 4804 439 4874 magistros,
471 4807 780 4864 interiores
809 4822 942 4862 vero
980 4805 1300 4877 discipulos
1327 4807 1720 4863 nominemus.

189 4889 291 4946 Sed
313 4901 631 4968 antequam
652 4912 856 4951 eorum
879 4893 1242 4950 intensiones
1260 4894 1349 4949 vel
1382 4894 1757 4952 remissiones

126 4972 483 5050 incipiamus,
528 4982 738 5039 finales
784 4982 1049 5039 omnium
1098 4999 1305 5038 nervos
1353 4985 1754 5040 ostendamus.

126 5063 364 5126 Quatuor
377 5077 520 5127 sunt
536 5087 870 5143 voees;quaa
887 5075 1169 5127 vocantur
1190 5070 1415 5136 finales,
1430 5089 1495 5127 eo
1518 5074 1670 5144 quod
1698 5073 1755 5128 in

125 5157 485 5226 unaqualibet
506 5160 720 5215 harum
744 5158 1039 5231 regulares
1062 5158 1759 5226 ﬁnianturcantiones,vi-

126 5236 314 5299 delicat
336 5246 381 5301 D
401 5248 442 5303 E
464 5247 508 5303 F
530 5251 742 5320 G,quaa
772 5251 912 5314 stunt
941 5246 1203 5302 lichanos
1234 5247 1513 5319 hypaton,
1548 5248 1757 5321 hypate

318 5350 417 5434 llic
449 5357 706 5434 pergunt
734 5353 947 5434 iter_um
978 5352 1468 5434 codicesreliqui.

218 5420 295 5485 t7)
324 5420 797 5480 Uncinis'clausa
826 5426 1039 5479 desunt
1071 5424 1127 5478 in
1160 5424 1257 5477 cit.
1292 5420 1459 5479 codd.

220 5492 299 5557 18)
326 5492 562 5551 Uncinis
594 5494 826 5551 inclusa
855 5495 1068 5550 desunt
1097 5495 1158 5548 in
1187 5494 1286 5548 cit.
1320 5496 1487 5550 codd.

138 5558 304 5685 “$12:
326 5565 562 5688 {iddunt
600 5567 700 5622 cit.
734 5565 912 5620 Codd.
946 5569 1223 5621 constans
1252 5582 1321 5621 ex
1352 5570 1487 5621 tono
1519 5567 1760 5623 semito-

353 5651 482 5688 ono.

353 5651 482 5691 ODO.

201 5700 303 5772 (20)
333 5706 482 5763 Adm.
517 5708 674 5762 addit
702 5725 720 5761 :
755 5706 1074 5761 secundum
1105 5692 1423 5762 Boetiumd

203 5770 304 5844 (21)
326 5776 475 5836 Adm.
504 5778 662 5834 addit
694 5796 712 5832 :
742 5781 799 5832 et
827 5791 956 5832 raro
985 5781 1188 5834 tonum
1219 5783 1277 5834 et
1305 5778 1701 5836 semitonium.

1870 4812 2061 4883 specie
2082 4810 2349 4882 diapente
2371 4814 2426 4866 et
2446 4825 2515 4865 ex
2546 4810 2733 4864 forma
2751 4807 2954 4879 primae
2985 4804 3199 4879 speciei
3232 4805 3517 4861 diatessa-

1867 4917 1969 4956 ron
1995 4900 2267 4972 superius
2289 4899 2465 4954 modo
2485 4897 2661 4952 dicto.
2679 4894 3017 4967 Subjugalis
3055 4895 3184 4965 ejus
3221 4910 3291 4950 ex
3312 4894 3516 4949 eadem

1867 4987 2058 5059 specie
2088 4987 2379 5058 diapente,
2412 4990 2469 5040 et
2498 5002 2565 5040 ex
2596 4984 2786 5056 prima
2813 4982 3004 5055 specie
3036 4983 3398 5039 diatessaron
3426 4981 3515 5036 in-

1866 5075 2045 5130 ferius
2069 5075 2177 5146 (23)
2205 5074 2521 5145 [secundum
2565 5072 2847 5143 quosdam,
2882 5088 3071 5128 revera
3114 5078 3295 5127 tamen
3336 5072 3518 5142 forma

1865 5171 1942 5219 est
1964 5162 2167 5234 prima:
2197 5162 2355 5217 illius
2383 5162 2622 5233 speciei].
2648 5160 2852 5216 Omnis
2882 5160 3077 5231 itaque
3106 5163 3282 5215 tonus
3310 5159 3515 5230 subju-

1866 5251 2013 5325 galis
2044 5251 2310 5307 eamdem
2343 5250 2520 5305 habet
2557 5250 2830 5321 diapente
2858 5252 2914 5305 et
2943 5247 3306 5304 diatessaron
3337 5263 3515 5319 quam

1938 5357 2051 5424 (22)
2081 5356 2234 5410 Adm.
2270 5356 2425 5427 Idem
2452 5359 2654 5427 protus
2679 5355 2838 5427 intra
2861 5352 3094 5427 finalem
3126 5351 3427 5427 descendit
3453 5350 3513 5405 in

1867 5421 2251 5493 diatessaron,
2277 5421 2591 5498 aliquando
2626 5426 2683 5480 in
2716 5426 3006 5498 diapente,
3039 5422 3310 5479 similiter
3334 5421 3395 5475 in
3426 5437 3515 5475 so-

1868 5516 2036 5561 num,
2068 5504 2177 5552 etc.

1940 5557 2054 5639 (‘23?)
2086 5569 2232 5638 Lips.
2266 5567 2418 5623 addit
2441 5585 2459 5621 :
2480 5565 2812 5641 subjugalis
2841 5566 2969 5641 ejus
2999 5581 3067 5619 ex
3091 5560 3290 5641 eadem
3310 5557 3511 5641 specie

1871 5630 2162 5709 diapente;
2195 5642 2250 5693 et
2281 5655 2349 5692 ex
2392 5630 2613 5694 eadem“
2637 5630 2827 5709 specie
2854 5630 3212 5691 diatessaron
3243 5630 3504 5682 inferius.

1873 5711 2087 5766 Inclusa
2120 5711 2345 5765 omittit.
