3886 6440
237 475 389 542 1111

1315 476 1705 540 BEltNONlS
1749 474 2084 537 ABBATIS
2129 473 2572 536 ACGIENSIS.

3571 471 3722 535 ut!

236 613 465 688 minus;
499 612 619 668 ant.
649 609 815 668 Nemo
844 616 895 666 te
923 607 1076 666 cond.
1105 626 1120 678 ;
1152 613 1271 666 ant.
1307 610 1414 680 Qui
1439 610 1587 679 odit;
1615 627 1742 684 quae
1767 616 1886 668 tam
1919 606 2258 675 Avillorum,
2289 624 2467 680 quam
2499 608 2570 663 ad
2604 607 2781 664 ﬁnem
2813 605 3110 682 pertinere
3136 607 3360 667 soleat.
3409 606 3523 664 Fit
3547 607 3728 663 etiam

241 705 404 777 sexto
453 716 633 772 quam
685 703 886 756 octavo
935 703 1218 772 reguntur
1271 705 1330 756 et
1379 700 1682 756 ﬁniuntur.
1740 703 1896 767 Quas

242 787 510 847 nonnulli
544 788 734 861 magis
762 786 1042 844 violenter
1071 805 1244 861 quam
1280 806 1410 844 vere
1441 790 1511 845 ad
1541 789 1777 844 tertium
1809 795 1896 845 to-

243 893 388 936 num
414 880 703 933 conantur
733 876 1043 933 inﬂectere.
1063 877 1202 932 Item
1235 878 1343 933 hoc
1369 879 1401 939 ἡ
1429 879 1584 934 Genti
1605 882 1899 950 peccatrici

243 970 368 1022 tam
389 963 512 1020 triti
533 981 711 1037 quam
732 965 971 1020 tetrardi
1001 982 1144 1022 sono
1167 967 1387 1036 regitur
1412 985 1424 1033 ;
1450 968 1605 1022 unde
1632 969 1896 1038 ejusdem

246 1053 602 1128 responsorii
633 1069 837 1110 versus
867 1055 1021 1126 apud
1053 1054 1197 1111 alios
1227 1056 1299 1110 ad
1332 1056 1474 1122 triti,
1503 1057 1558 1110 id
1591 1063 1680 1112 est
1709 1058 1898 1130 quinti

246 1143 370 1201 toni
403 1143 644 1202 modum
675 1143 756 1199 ita
785 1143 1036 1211 canitur,
1062 1145 1236 1209 )Eslo
1263 1146 1554 1216 placabilis
1584 1147 1718 1214 (34),
1746 1146 1900 1218 apud

250 1231 396 1291 alios
425 1249 558 1290 vero
588 1233 660 1288 ad
691 1233 1014 1289 tetrardum
1037 1233 1142 1304 sic,
1165 1241 1194 1300 γ
1221 1236 1361 1290 Esto.
1393 1234 1900 1308 Antiphonaz,quze

251 1321 620 1380 uniformiter
647 1322 720 1378 ab
747 1321 791 1378 Ο
822 1321 1130 1394 incipiunt,
1151 1328 1215 1378 ut
1244 1329 1363 1378 ant.
1399 1326 1438 1380 0
1468 1327 1759 1396 sapientia,
1783 1332 1900 1381 ant.

253 1412 294 1469 0
319 1428 419 1468 rex
443 1413 716 1482 gentium,
733 1416 792 1467 et
811 1411 905 1466 his
929 1411 1172 1477 similes,
1195 1411 1355 1467 velut
1385 1413 1442 1468 in
1473 1415 1725 1485 quodam
1752 1415 1904 1470 bivio

253 1499 403 1557 inter
450 1503 684 1572 protum
732 1503 790 1555 et
841 1501 972 1572 ejus
1024 1501 1395 1572 subjugalem
1446 1502 1796 1572 consistunt,
1839 1521 1905 1560 eo

255 1588 411 1661 quod
441 1592 580 1644 tono
613 1587 886 1660 diapente
933 1589 991 1644 in
1025 1591 1300 1646 omnibus
1332 1592 1748 1662 supervadunt,
1781 1593 1907 1648 dia—

254 1681 520 1733 tessaron
551 1677 796 1734 inferius
828 1678 885 1732 in
920 1677 1269 1750 quibusdam
1299 1679 1535 1748 habent,
1570 1681 1627 1736 in
1661 1682 1906 1753 quibus-

257 1766 393 1822 dam
424 1781 557 1821 vero
588 1765 850 1822 minime.
883 1767 994 1822 Sed
1044 1767 1405 1839 frequentior
1437 1787 1580 1824 usus
1615 1770 1672 1826 in
1704 1771 1908 1842 subju-

257 1851 373 1925 gali
405 1852 724 1924 praevaluit,
755 1853 893 1926 quia
919 1853 978 1910 in
1025 1855 1315 1926 ejusmodi
1365 1857 1655 1912 cantilena
1685 1857 1909 1931 aliquo-

2006 697 2154 752 miro
2187 697 2440 768 quodam
2463 697 2637 752 modo
2663 701 2727 752 ut
2750 696 2954 754 ﬁnales
2977 715 3090 753 non
3113 697 3320 756 solum
3353 697 3430 753 in
3462 695 3735 770 quintis,

2006 791 2067 841 ut
2090 787 2368 851 diximus,
2389 787 2729 856 regionibus
2749 803 2889 842 suos
2911 787 3166 843 habeant
3191 787 3735 854 sociales,verum

2006 875 2182 932 ctiam
2236 876 2292 930 in
2343 875 2568 948 quartis
2616 875 3018 946 superioribus
3050 875 3196 932 locis
3225 877 3358 933 sibi
3403 876 3740 932 inveniant

2007 981 2332 1036 compares,
2366 968 2432 1019 ut
2473 964 2973 1035 quemadmodum
3007 967 3276 1022 membra
3308 967 3740 1034 cantionum,

2009 1069 2136 1124 quae
2168 1057 2308 1108 sunt
2337 1052 2463 1108 cola
2486 1057 2542 1107 et
2561 1058 2875 1120 commata,
2897 1055 2957 1109 in
2989 1053 3268 1110 ﬁnalibus
3287 1060 3363 1110 et
3389 1055 3464 1109 in
3495 1054 3744 1126 quintis

2010 1140 2173 1206 locis,
2211 1140 2290 1196 ita
2321 1157 2424 1213 per
2451 1141 2610 1196 arsin
2639 1145 2696 1196 et
2744 1140 2938 1197 thesin
2988 1143 3322 1198 consistant
3387 1141 3654 1214 saepius
3689 1143 3742 1196 in

2012 1230 2257 1301 quartis.
2290 1228 2558 1300 Amplius
2605 1233 2824 1296 autem,
2857 1231 3016 1302 quod
3065 1231 3262 1288 omnis
3293 1236 3580 1303 tropus,
3621 1231 3748 1288 sive

2015 1317 2110 1374 ille
2161 1319 2532 1374 authenticus
2581 1319 2678 1386 sit,
2713 1319 2834 1374 sive
2881 1318 3093 1392 plagis,
3125 1321 3175 1375 si
3206 1325 3454 1392 quarto
3492 1337 3537 1376 α
3573 1321 3749 1376 finali

2015 1407 2140 1463 loco
2171 1407 2509 1480 diligentius
2539 1407 2857 1477 intueatur,
2891 1409 3043 1464 mira
3070 1426 3137 1464 ac
3177 1411 3395 1466 divina
3427 1411 3750 1483 quaedam

2015 1497 2324 1552 concordia
2356 1496 2701 1564 inveniatur,
2736 1497 2816 1552 ita
2846 1501 2910 1552 ut
2958 1499 3006 1554 si
3039 1499 3175 1570 quis
3203 1504 3446 1556 cantus
3485 1516 3532 1555 δ
3568 1497 3750 1554 finali

2017 1585 2076 1640 in
2107 1590 2386 1657 quartum
2423 1584 2616 1640 locum
2647 1590 3084 1658 transponatur,
3116 1585 3396 1660 legitime
3437 1589 3756 1643 videatur

2017 1675 2128 1730 sub
2164 1675 2367 1729 eodem
2413 1675 2588 1730 modo
2620 1674 2708 1730 vel
2755 1678 2892 1731 tono
2948 1691 3202 1741 currere,
3257 1681 3316 1732 et
3369 1679 3452 1732 in
3512 1676 3750 1732 eodem

2017 1761 2174 1818 velut
2204 1764 2258 1817 in
2291 1762 2448 1817 ﬁnali
2485 1763 2829 1834 regulariter
2857 1765 3125 1820 desinere
3157 1781 3171 1820 :
3203 1765 3354 1822 adeo
3407 1770 3495 1821 ut
3531 1764 3751 1838 plera-

2019 1869 2132 1924 que
2162 1851 2314 1906 mcla
2365 1852 2440 1906 ab
2488 1853 2634 1924 ipsis
2683 1851 2959 1909 ﬁnalibus
3001 1870 3110 1910 seu
3151 1855 3400 1910 dextera
3443 1854 3749 1927 laevaque

258 1941 369 2003 ties
411 1958 526 1998 non
575 1940 771 1998 solum
818 1943 1201 2012 diatessaron,
1239 1946 1336 2001 sed
1367 1951 1424 2001 et
1453 1947 1721 2018 diapente
1753 1948 1909 2003 inve-
1942 1977 1989 2043 Β
2021 1945 2158 2013 apta
2187 1939 2416 2043 incepta
2448 1941 2646 2043 minus
2695 1942 3040 2042 conveniant
3069 1947 3307 2016 prOpter
3343 1943 3745 2011 semitonia,

260 2029 422 2088 nitur
450 2030 716 2098 inferius,
749 2035 814 2086 ut
840 2031 900 2088 in
932 2031 1031 2088 illa
1059 2033 1378 2106 antipliona
1409 2036 1448 2091 0
1480 2038 1593 2091 Item
1617 2038 1832 2107 gloria’,
1853 2037 1911 2092 in

265 2117 363 2176 illo
392 2118 538 2188 loco,
564 2121 846 2192 spiritum,
881 2122 982 2178 sed
1036 2121 1156 2178 hazc
1187 2125 1339 2195 apud
1374 2127 1684 2196 quosdam.
1719 2129 1912 2191 Quan-

266 2225 444 2280 quam
477 2207 562 2264 illi
595 2225 709 2264 non
741 2214 934 2266 errent
964 2209 1064 2284 qui
1094 2229 1192 2268 eas
1223 2213 1524 2282 duntaxat,
1549 2233 1676 2287 quae
1708 2215 1917 2272 diates-

265 2313 439 2353 saron
482 2295 728 2354 inferius
777 2315 892 2354 non
947 2299 1184 2366 habent,
1217 2301 1286 2356 ad
1325 2307 1555 2374 protum
1587 2302 1912 2361 inflectunt.

339 2387 426 2442 11.
458 2386 700 2458 Propter
727 2386 1068 2459 hujusmodi
1107 2389 1368 2462 aliosque
1411 2392 1607 2449 devios
1651 2411 1915 2450 errorum

266 2474 566 2533 anfractus
621 2476 793 2532 debet
855 2477 1078 2550 peritus
1135 2483 1338 2535 cautor
1400 2488 1568 2536 caute
1632 2482 1920 2554 inspicere

269 2568 468 2622 utrum
516 2570 723 2621 cantus
753 2565 1005 2638 regulari
1035 2583 1071 2623 a
1098 2584 1204 2623 suo
1237 2568 1395 2624 ﬁnali
1429 2569 1664 2642 incipiat
1693 2571 1914 2638 ordine,

268 2671 342 2711 an
373 2653 634 2728 legitime
679 2657 898 2722 currat,
929 2671 1002 2710 ne
1045 2655 1187 2726 quid
1219 2657 1471 2712 naturali
1499 2659 1700 2714 vitiata
1729 2658 1918 2731 quali-

265 2745 389 2799 tate
413 2742 702 2799 absonum
742 2743 881 2809 ﬁat;
915 2743 960 2797 si
996 2747 1122 2798 rata
1147 2749 1417 2800 tonorum
1449 2747 1918 2803 scmitonionm-

268 2847 384 2903 que
411 2830 777 2888 dimensione
819 2831 1207 2888 consonantia:
1259 2833 1402 2890 bene
1451 2837 1814 2903 conveniant,
1849 2855 1919 2894 ne

267 2923 658 2976 extrametam
676 2919 921 2975 inferius
943 2923 1045 2976 aut
1065 2921 1336 2994 superius
1354 2923 1598 2978 canendi
1615 2925 1917 2981 exordium

268 3013 502 3077 sumat;
535 3008 584 3066 si
615 3009 688 3066 ad
721 3009 954 3068 ﬁnalem
985 3027 1160 3066 suum
1204 3016 1358 3066 recto
1389 3011 1536 3083 legis
1567 3015 1799 3070 tramite
1831 3032 1920 3070 re»

264 3102 498 3168 currat;
533 3099 632 3172 qui
665 3097 868 3155 ﬁnales
900 3098 1060 3155 illius
1101 3104 1160 3155 et
1200 3099 1357 3156 illius
1389 3103 1660 3158 existant.
1693 3104 1918 3160 Finales

263 3204 402 3261 ergo
449 3192 591 3244 sunt
620 3187 884 3245 lichanos
933 3188 1212 3262 hypaton,
1246 3189 1458 3263 hypate
1489 3208 1713 3259 meson,
1749 3211 1919 3266 pary-

263 3279 396 3350 pate
441 3294 668 3344 meson,
695 3276 959 3334 lichanos
991 3294 1212 3334 meson.
1245 3279 1451 3336 Omnis
1494 3297 1631 3351 ergo
1680 3283 1828 3353 proti
1863 3286 1920 3337 et

2023 2047 2148 2102 quae
2180 2029 2393 2084 desunt
2424 2046 2526 2102 per
2553 2029 2680 2085 loca
2704 2048 2718 2096 ;
2747 2047 2782 2086 a
2809 2031 3214 2104 superioribus
3243 2048 3386 2088 vero
3421 2033 3748 2089 inchoata

2023 2119 2246 2189 absque
2275 2117 2453 2174 ullius
2482 2120 2607 2173 soni
2634 2119 3020 2176 diminutione
3050 2121 3374 2177 decurrant
3406 2121 3744 2187 modeste,

2026 2207 2348 2278 ﬁniantque
2366 2206 2423 2261 in
2442 2207 2759 2264 socialibus
2776 2207 3035 2264 honeste.
3062 2209 3135 2264 Ut
3150 2209 3310 2266 enim
3332 2209 3460 2266 hoc
3486 2207 3742 2266 clarius

2025 2295 2337 2362 elucescat,
2353 2312 2422 2350 ex
2437 2301 2645 2368 quarto
2663 2301 2798 2352 tono
2818 2313 3109 2370 ponamus
3124 2298 3247 2355 haec
3263 2298 3379 2354 sub
3397 2315 3596 2356 exem
3607 2298 3735 2372 plo.

2026 2388 2148 2440 ant.
2182 2387 2372 2440 Factus
2397 2401 2542 2452 sum,
2571 2389 2691 2440 ant.
2725 2385 2766 2442 0
2793 2403 2940 2443 mor:
2958 2403 3068 2455 ero,
3091 2391 3215 2442 aut.
3237 2385 3378 2444 Sion
3401 2389 3736 2453 renovat»,

2028 2479 2148 2529 ant.
2181 2475 2335 2542 Sion,
2367 2475 2488 2530 noli
2527 2476 2742 2540 timere,
2776 2481 2893 2531 ant.
2934 2475 3072 2532 Vade
3107 2476 3250 2547 jam.
3285 2477 3347 2534 Si
3401 2477 3529 2534 has
3563 2477 3732 2533 anti-

2031 2564 2256 2637 phonas
2276 2565 2447 2619 tertio
2468 2581 2502 2620 a
2523 2563 2681 2618 ﬁnali
2706 2563 2852 2630 loco,
2888 2565 2944 2620 id
2977 2569 3084 2627 est,
3118 2582 3152 2621 a
3183 2563 3461 2623 lichanos
3500 2582 3732 2622 meson

2029 2653 2282 2724 incipere
2311 2651 2584 2720 volueris,
2617 2653 2673 2707 in
2707 2653 3064 2709 modulando
3089 2654 3315 2724 deﬁcis,
3343 2655 3502 2712 dum
3541 2654 3730 2712 semi-

2028 2742 2278 2806 tonium,
2304 2741 2401 2796 ubi
2433 2758 2560 2798 esse
2580 2741 2802 2811 debuit,
2830 2740 3070 2797 minime
3100 2741 3344 2816 reperis.
3367 2745 3480 2808 Sin
3505 2749 3727 2800 autem

2030 2835 2302 2902 quartum
2326 2829 2610 2896 locum,id
2632 2835 2720 2886 est
2745 2845 2926 2900 mese,
2939 2831 3228 2898 attendas,
3253 2849 3322 2888 ac
3341 2832 3723 2906 interposito

2030 2919 2287 2992 primum
2337 2919 2644 2975 semitonio
2697 2919 2756 2974 in
2805 2935 3250 2992 synemmenon,
3284 2921 3508 2980 deinde
3543 2927 3722 2985 tono,

2030 3009 2231 3080 sicque
2264 3009 2432 3064 tertio
2466 3007 2612 3074 loco,
2648 3009 2756 3064 hoc
2800 3013 2908 3075 est,
2942 3013 3217 3082 paranete
3265 3023 3718 3083 synemmenon

2029 3097 2264 3152 easdem
2317 3097 2698 3164 inchoavcris,
2731 3101 2912 3154 totam
2951 3097 3306 3154 cantilenam
3341 3101 3584 3174 absque
3617 3099 3718 3156 sui

2027 3185 2262 3241 laesione
2315 3185 2542 3241 videbis
2600 3187 2928 3251 decurrere,
2981 3187 3162 3242 donec
3215 3187 3288 3242 ad
3349 3189 3563 3246 ﬁnalis
3617 3188 3719 3244 sui

2029 3291 2385 3346 comparem,
2411 3274 2470 3330 id
2501 3280 2609 3342 est,
2644 3292 2802 3331 mese
2830 3292 2960 3333 eam
2993 3277 3292 3348 contingat
3321 3277 3384 3332 in
3420 3277 3546 3334 ﬁne
3579 3293 3716 3350 per-

263 3346 592 3440 subjugalis
620 3367 770 3438 ejus,
803 3367 860 3423 id
891 3373 998 3433 est,
1033 3367 1208 3440 primi
1239 3386 1304 3424 ac
1336 3346 1590 3424 secundi
1629 3346 1748 3425 to-ni
1792 3387 1917 3426 mc—
1950 3346 1992 3411 C
2031 3363 2242 3419 venire.

262 3454 421 3510 lodia
448 3453 712 3521 lichanos
737 3457 1079 3514 auctoritate
1110 3457 1334 3527 regitur
1357 3474 1424 3512 ac
1447 3458 1664 3512 ﬁnitur.
1685 3458 1916 3515 Deuteri

263 3559 422 3609 vero,
453 3543 700 3614 ejusque
724 3542 1072 3614 subjugalis,
1098 3543 1155 3598 id
1188 3549 1294 3610 est,
1316 3545 1471 3599 tertii
1501 3540 1566 3600 ac
1591 3548 1781 3618 quarti
1815 3547 1918 3621 hy-

267 3634 401 3702 pate
430 3647 630 3686 meson
661 3631 884 3702 regitur
912 3647 982 3685 ac
1011 3631 1228 3686 ﬁnitur.
1253 3632 1452 3688 Tritus
1483 3650 1617 3689 cum
1649 3652 1757 3690 suo
1788 3638 1922 3692 sub-

263 3717 474 3791 jugali,
507 3717 566 3773 id
592 3721 702 3785 est,
733 3718 976 3789 quintus
1025 3735 1156 3774 cum
1205 3725 1364 3774 sexto
1409 3727 1685 3794 parypate
1718 3741 1917 3780 meson

271 3805 493 3879 regitur
520 3808 578 3862 et
603 3805 826 3861 ﬁnitur.
858 3806 1178 3862 Tetrardus
1208 3825 1341 3864 cum
1377 3827 1482 3865 suo
1524 3811 1818 3885 subjugali
1851 3813 1920 3869 li-

270 3894 490 3950 chanos
522 3909 724 3950 meson
767 3911 909 3950 sono
959 3894 1181 3968 regitur
1228 3901 1285 3952 et
1332 3898 1550 3954 ﬁnitur.
1583 3900 1654 3954 Et
1684 3900 1804 3956 haec
1833 3907 1923 3960 est

267 3999 472 4040 eorum
502 3981 705 4056 regula
733 3983 805 4038 ad
837 3983 1140 4055 quodlibet
1171 3985 1390 4042 malum
1421 3987 1922 4058 inchoandum,ut

269 4089 374 4128 nec
402 4089 584 4146 supra
609 4072 881 4144 quintum
917 4073 1298 4146 superiorem,
1332 4093 1437 4132 nec
1469 4076 1619 4134 infra
1647 4079 1921 4150 quintum

266 4161 599 4220 inferiorem
630 4161 824 4218 locum
856 4161 1170 4235 aliquando
1203 4164 1502 4237 incipiant,
1527 4168 1626 4222 sed
1654 4166 1922 4226 intereas

267 4256 394 4309 octo
423 4268 595 4309 voces
643 4251 732 4309 vel
783 4251 1100 4325 aliquando
1149 4270 1351 4310 novem
1403 4255 1569 4310 initia
1613 4274 1721 4313 sua
1764 4257 1920 4315 cohi-

267 4341 466 4397 beant.

339 4429 672 4487 Notandum
702 4447 836 4488 vero
867 4435 958 4488 est
987 4432 1140 4504 quod
1175 4433 1376 4505 quinto
1409 4451 1638 4507 semper
1667 4435 1791 4492 loco
1822 4454 1919 4494 su-

269 4517 600 4591 perioribus
627 4535 759 4576 cum
784 4520 1158 4578 inferioribus
1189 4522 1463 4578 ﬁnalibus
1490 4525 1757 4595 quadam
1788 4526 1922 4581 talis

270 4606 580 4664 concordia
597 4612 704 4681 est,
725 4613 788 4665 ut
805 4609 1005 4681 aliqua
1029 4610 1181 4666 mela
1202 4611 1258 4665 in
1281 4611 1366 4668 eis
1380 4613 1550 4684 quasi
1580 4613 1924 4686 regulariter

2101 3451 2384 3508 Similiter
2411 3452 2677 3524 ejusdem
2705 3453 2861 3508 modi
2885 3451 3258 3525 antiphonas,
3279 3453 3558 3512 videlicet
3577 3466 3710 3510 ant.

2028 3542 2106 3598 Ad
2135 3551 2205 3612 te,
2247 3543 2488 3607 Domine,
2538 3542 2736 3607 levavi,
2769 3545 2892 3597 aut.
2939 3543 3026 3596 Ea:
3070 3545 3301 3614 ﬂigi/pla
3337 3546 3554 3611 vocavi,
3594 3544 3650 3600 si
3682 3559 3719 3596 a

2031 3629 2191 3685 ﬁnali
2223 3631 2403 3686 ordiri
2437 3629 2761 3698 contendis,
2785 3630 2984 3687 minus
3015 3635 3150 3703 apte
3176 3629 3236 3686 in
3269 3632 3466 3689 medio
3491 3647 3710 3690 conve-

2030 3719 2154 3775 nire
2183 3719 2530 3792 pervidebis.
2565 3719 2622 3774 Si
2654 3722 2851 3776 autem
2885 3725 3093 3792 quarto
3123 3719 3270 3786 loco,
3301 3720 3360 3776 id
3391 3726 3506 3790 est,
3538 3735 3713 3778 mese

2031 3808 2344 3880 incipiunt,
2360 3809 2584 3880 absque
2603 3824 2948 3864 neumarum
2965 3808 3270 3881 dispendio
3283 3809 3704 3875 modulantur,

2031 3897 2214 3953 donec
2235 3896 2452 3952 ibidem
2474 3897 2646 3952 ﬁnem
2672 3895 3008 3952 sortiantur.
3033 3897 3197 3960 Quod
3219 3897 3463 3970 quidam
3493 3899 3706 3956 minus

2032 3986 2346 4051 intuentes,
2372 3987 2562 4058 magis
2592 3986 2700 4042 has
2721 3989 2778 4041 et
2806 3985 3146 4057 hujusmodi
3182 3990 3392 4058 putant
3418 3989 3704 4060 septimo.

2031 4093 2210 4148 quam
2242 4080 2451 4148 quarto
2483 4075 2600 4147 regi
2633 4079 2792 4144 tono,
2813 4091 3155 4148 quanquam
3177 4092 3294 4132 non
3326 4082 3546 4148 negent
3577 4094 3710 4134 eas-

2031 4165 2164 4220 dem
2200 4166 2373 4224 tinem
2406 4164 2600 4220 sortiri
2635 4164 2693 4219 in
2735 4168 2965 4235 quarto.
3003 4163 3160 4220 idem
3211 4181 3567 4222 neumarum
3599 4167 3704 4221 de-

2031 4255 2218 4311 fectus
2268 4255 2326 4310 in
2376 4253 2476 4310 illa
2520 4253 2934 4310 communione
2963 4254 3162 4310 Beatus
3207 4269 3416 4320 senm,
3447 4270 3581 4326 quas
3611 4257 3706 4310 est

2030 4344 2190 4400 tertii
2219 4343 2362 4409 toni,
2398 4343 2717 4415 proveniet,
2763 4342 2878 4398 nisi
2908 4342 2982 4398 ab
3013 4341 3224 4415 hypate
3261 4358 3466 4399 meson
3498 4347 3702 4400 trans-

2032 4433 2222 4505 posita
2253 4433 2309 4488 in
2335 4449 2494 4488 mese
2516 4432 2708 4488 fuerit.
2728 4431 2855 4488 Non
2877 4432 3192 4488 minimum
3215 4430 3395 4488 etiam
3424 4448 3459 4487 a
3487 4431 3701 4504 pleris-

2032 4539 2146 4595 que
2175 4527 2407 4578 erratur
2436 4521 2494 4576 in
2529 4520 2622 4576 his
2653 4519 3014 4592 antiphonis,
3049 4523 3168 4576 ant.
3196 4522 3332 4577 Ante
3358 4537 3446 4576 me
3470 4538 3588 4578 non
3618 4529 3702 4578 est

2029 4614 2318 4684 formatus,
2353 4614 2471 4665 aut.
2501 4611 2584 4664 Ex
2613 4625 2718 4681 quo
2739 4611 2890 4680 facta
2919 4627 2933 4677 ;
2967 4608 3067 4681 qui
3095 4613 3308 4681 putant
3331 4625 3431 4666 eas
3461 4610 3520 4666 in
3543 4611 3701 4682 priu-

272 4696 643 4754 inveniantur
671 4699 857 4764 ﬁnire,
888 4699 1048 4756 velut
1076 4700 1186 4755 hoc
1215 4702 1676 4774 reaponsorium,
1708 4705 1932 4762 Factum
1961 4717 2008 4781 ι)
2041 4701 2192 4774 cipio
2223 4699 2474 4772 septimo
2505 4705 2642 4755 tono
2671 4698 2884 4756 debere
2915 4698 3057 4772 regi,
3092 4702 3328 4770 propter
3356 4697 3702 4756 similitudi-

271 4793 350 4842 est
375 4786 508 4843 dum
536 4787 770 4844 tolleret.
793 4788 956 4854 Quod
981 4789 1218 4860 quidem
1246 4788 1591 4862 regulariter
1621 4791 1927 4868 incipiens,

273 4874 379 4930 sed
410 4880 575 4934 extra
603 4875 866 4948 regulam
896 4875 1052 4933 ultra
1072 4895 1292 4934 nonum
1317 4879 1373 4932 in
1402 4879 1695 4935 decimum
1718 4898 1929 4939 sonum

275 4963 618 5032 ascendens,
633 4979 1007 5036 nequaquam
1026 4969 1302 5022 terminat
1321 4967 1376 5022 in
1396 4967 1657 5025 lichanos
1675 4969 1927 5043 hypaton

275 5048 459 5115 ﬁnali,
487 5051 592 5106 sed
623 5051 683 5105 in
713 5067 876 5106 mese
905 5053 1034 5121 ejus
1063 5055 1282 5110 sociali.
1317 5057 1530 5112 Eodem
1586 5060 1756 5114 modo
1817 5060 1930 5116 cla-

276 5135 557 5200 dunturﬂ
621 5138 907 5192 Terribilis
962 5143 1080 5203 est;
1139 5145 1476 5200 communio
1531 5149 1777 5203 Canlabo
1823 5150 1928 5206 Do-

275 5223 447 5300 mino.
494 5221 612 5278 Hoc
641 5239 778 5296 ergo
822 5225 1162 5282 socialitatis
1195 5230 1381 5287 ﬁndus
1413 5234 1636 5291 obtinet
1664 5235 1929 5293 lichanos

279 5310 533 5381 hypaton
565 5326 702 5365 cum
745 5327 922 5379 mese,
964 5312 1174 5385 hypate
1207 5333 1406 5374 meson
1438 5338 1570 5376 cum
1606 5341 1926 5394 paramese,

281 5396 600 5470 parhypate
624 5414 822 5454 meson
847 5416 982 5455 cum
1013 5401 1146 5457 trite
1172 5405 1645 5479 diezeugmenon,
1668 5412 1931 5471 lichanos

286 5501 487 5540 meson
516 5501 648 5540 cum
700 5493 973 5556 paranete
1003 5489 1480 5564 diezeugmenon.
1512 5499 1656 5554 Cum
1700 5501 1930 5558 inferio-

289 5574 451 5627 ribus
469 5589 698 5644 quoque
717 5575 962 5660 quartis,
977 5581 1035 5632 et
1051 5578 1107 5632 in
1127 5582 1478 5650 quihusdam
1494 5587 1714 5655 quintis
1733 5607 1931 5660 parem

289 5660 693 5716 habitudinem
725 5659 976 5732 habent;
1011 5669 1278 5737 quamvis
1310 5669 1416 5726 hoc
1447 5674 1636 5744 magis
1664 5659 1935 5735 adfinitia

361 5749 475 5821 (34)
506 5748 652 5804 Cum
683 5747 923 5806 notulis.

2041 4807 2176 4845 nem
2210 4788 2532 4854 cantilenae,
2566 4803 2744 4860 quam
2791 4787 3064 4844 videntur
3112 4803 3248 4842 cum
3293 4787 3699 4860 superioribus

2039 4879 2099 4934 in
2131 4877 2300 4934 initio
2331 4877 2566 4944 habere,
2600 4893 2735 4932 cum
2781 4874 3150 4948 apertissime
3179 4879 3425 4942 constet,
3458 4877 3699 4933 easdem

2038 4971 2095 5023 et
2125 4967 2196 5023 ab
2227 4967 2354 5039 ipso
2387 4965 2560 5038 primi
2591 4965 2712 5020 toni
2764 4963 2926 5022 ﬁnali
2974 4969 3368 5037 congruenter
3415 4963 3696 5036 incipere,

2038 5055 2298 5128 legitime
2328 5072 2430 5127 per
2458 5054 2810 5109 diastemata
2833 5057 2892 5110 et
2918 5056 3240 5128 systemata
3269 5053 3329 5108 in
3359 5053 3587 5124 quartis
3607 5051 3696 5110 vel

2039 5144 2264 5218 quintis
2294 5142 2436 5200 locis
2467 5158 2720 5213 currere,
2740 5142 3204 5216 regulariterque
3227 5141 3284 5196 in
3308 5139 3514 5198 eodem
3535 5140 3696 5196 ﬁnali

2037 5234 2358 5292 terminum
2390 5233 2607 5290 sortiri.
2644 5235 2710 5289 In
2753 5235 2952 5289 octavo
3001 5249 3234 5305 quoque
3264 5231 3314 5288 si
3347 5229 3508 5288 illam
3540 5247 3695 5287 com-

2039 5322 2378 5380 munionem
2413 5323 2485 5378 De
2529 5324 2714 5394 fructu
2747 5337 2993 5394 operum,
3025 5337 3060 5378 a
3091 5319 3250 5376 ﬁnali
3301 5323 3536 5378 cantare
3585 5336 3696 5377 cte-

2040 5413 2217 5486 peris,
2252 5413 2310 5467 in
2342 5411 2534 5468 medio
2567 5409 2922 5466 cantilenam
2962 5408 3160 5464 minus
3215 5410 3346 5480 apte
3393 5407 3694 5463 convenire

2044 5519 2145 5574 per
2175 5518 2284 5558 sua
2315 5499 2582 5556 limmata
2626 5498 2715 5554 vel
2761 5498 3074 5555 semitonia
3105 5513 3440 5571 cognosces.
3475 5496 3535 5552 Si
3565 5512 3692 5552 vero

2044 5596 2175 5662 post
2204 5591 2352 5646 duos
2383 5594 2552 5645 tonos
2584 5592 2642 5646 et
2685 5605 2868 5644 unum
2919 5585 3298 5648 semitonium
3331 5588 3541 5657 quarto
3572 5583 3690 5641 loco

2043 5679 2270 5736 orditus
2306 5677 2506 5747 fueris,
2540 5681 2723 5734 totam
2772 5675 3072 5734 cantilenae
3126 5673 3306 5746 hujus
3353 5672 3567 5730 seriem
3599 5689 3695 5746 per
