3886 6406
104 483 183 552 υ
215 482 293 550 13
1344 479 1755 552 PROLOGUS

1972 479 2363 549 'ONARIUM.
3393 486 3546 550 1114

103 613 527 673 ordinabilem
561 614 1031 688 progressionem
1064 613 1278 672 senties
1327 616 1399 672 ad
1433 613 1665 671 socialis
1697 612 1786 670 sui
1820 611 1875 680 Α
1903 613 2056 684 quod
2089 613 2294 672 deﬂuit
2322 615 2572 690 explicat
2600 616 2741 689 quid
2765 617 2860 674 sit.
2885 617 2996 675 Sed
3020 616 3118 674 bid
3149 617 3544 679 definitionem

107 705 437 776 pertinere
471 704 674 768 ﬁnem.
1911 702 2055 758 nihil
2086 703 2244 760 aliud
2277 722 2453 776 quam
2485 706 2874 763 differentiam
2897 707 3203 779 intelligat,
3227 725 3351 779 quae
3383 709 3548 768 initia

197 792 477 864 ldipsum
503 792 562 846 in
583 792 806 864 quintis
821 792 963 849 locis
982 793 1206 848 evenire
1229 793 1560 859 solet,verbi
1589 793 1796 864 gratia,

113 880 244 938 nisi
285 879 447 938 enim
479 879 568 936 hae
601 881 955 953 antiphonae,
981 883 1130 937 Alias
1159 899 1278 938 oves
1307 882 1514 946 habeo;
1551 883 1794 945 Domine,

112 969 228 1040 qui
257 969 483 1040 operati
510 973 665 1037 sunt,
697 985 825 1041 qua:
858 970 1004 1025 sexti
1062 975 1201 1025 sunt
1231 971 1375 1039 toni,
1408 970 1466 1024 in
1525 971 1796 1042 quintum

115 1061 612 1129 transponautur
639 1057 854 1125 locum,
889 1057 996 1112 hoc
1028 1063 1118 1113 est
1148 1076 1181 1113 a
1222 1059 1539 1130 parhypate
1595 1073 1794 1112 meson

117 1145 181 1198 in
219 1143 362 1198 trite
393 1143 877 1216 diezeugmenon,
912 1162 1284 1218 nequaquam
1309 1147 1367 1201 in
1403 1145 1653 1219 regulari
1678 1163 1797 1202 mo-

116 1232 438 1289 nochordo
467 1249 703 1290 servare
736 1239 1010 1305 poterunt
1041 1235 1304 1290 ordinem
1338 1252 1532 1290 suum.

1909 796 2117 848 cantus
2142 793 2231 848 vel
2261 796 2611 851 sa’culorum.
2641 797 2809 852 Amen
2840 813 2873 852 a
2901 813 3044 852 sono
3067 795 3407 868 principalis
3429 798 3548 854 toni

1906 880 2025 936 sive
2057 881 2114 936 in
2146 883 2502 949 extensione,
2537 884 2658 940 sive
2691 885 2748 940 in
2803 884 3168 948 remissione,
3203 883 3321 940 sive
3369 885 3544 942 etiam

1907 971 2108 1026 eodem
2133 971 2629 1044 locoincipiendo,
2664 973 2828 1029 suavi
2863 989 2930 1028 ac
2975 971 3370 1028 concordabili
3406 989 3549 1043 qua-

1905 1059 2036 1116 dam
2065 1060 2341 1115 differunt
2363 1061 3067 1133 diversitate.0uanquam
3090 1077 3195 1116 nos
3211 1061 3547 1118 rectiusdif-

1906 1148 2176 1204 ferentias
2199 1166 2378 1220 quam
2404 1149 2771 1206 definitiones
2803 1149 2918 1205 dici
2943 1150 3151 1205 debere
3169 1148 3544 1214 arbitremur,

1907 1235 2155 1290 maxime
2177 1255 2309 1292 cum
2336 1254 2448 1293 non
2473 1237 2689 1309 aliquid
2715 1237 2945 1310 ibiquid
2961 1237 3036 1292 sit
3051 1235 3399 1295 definiamus
3425 1254 3549 1309 per-

196 1321 339 1376 Haec
371 1337 561 1392 pauca
592 1338 695 1392 pro
721 1323 1002 1394 exemplis
1027 1324 1144 1378 sint
1179 1323 1383 1395 posita.
1418 1326 1696 1378 Caeterum
1732 1327 1795 1377 ut

119 1410 180 1464 in
216 1409 575 1479 hujusmodi
594 1410 1020 1467 defectionibus
1050 1411 1193 1467 solet
1217 1413 1542 1468 necessario
1567 1429 1792 1484 synem-

123 1514 352 1564 menon
386 1497 447 1559 in
509 1499 916 1570 superioribus
973 1501 1286 1573 aliquando
1344 1502 1672 1576 suffragari,
1715 1501 1794 1556 ita

121 1601 571 1658 nonnunquam
631 1586 860 1643 videtur
908 1589 1207 1662 refragari,
1269 1591 1325 1644 in
1361 1591 1454 1646 his
1513 1591 1793 1645 duntaxat

123 1675 435 1743 cantibus,
499 1674 600 1747 qui
663 1676 720 1732 in
783 1677 1158 1734 inferioribus
1217 1696 1319 1751 per
1373 1695 1791 1750 synemmenon

123 1764 464 1830 decurrunt
489 1782 502 1830 ;
531 1765 708 1834 cujus
737 1766 919 1822 vicem
961 1767 1020 1821 in
1070 1768 1469 1840 superioribus
1521 1768 1792 1840 supplere

122 1856 462 1923 nequeunt,
499 1853 599 1908 sed
633 1856 692 1908 et
719 1853 830 1909 hoc
859 1854 1196 1926 aliquando,
1232 1874 1345 1912 non
1395 1874 1645 1929 semper.
1677 1857 1792 1911 Hoc

121 1957 259 1996 vero
293 1939 356 1994 in
423 1939 650 1998 talibus
693 1948 783 1998 est
829 1944 1283 2012 observandum,
1339 1952 1405 2001 ut
1433 1945 1482 2002 si
1527 1950 1734 2001 cantus
1761 1964 1792 2000 a

129 2028 296 2084 finali
331 2027 604 2100 incipiat,
666 2036 872 2102 quarto
929 2032 1052 2090 loco
1104 2034 1485 2091 nihilominus
1543 2035 1795 2106 incipere

144 2117 363 2185 valeat,
395 2116 491 2173 sin
522 2123 722 2174 autem
747 2120 989 2178 inferius
1018 2122 1104 2176 vel
1136 2124 1427 2197 superius,
1463 2129 1638 2196 quoto
1671 2123 1794 2180 loco

128 2204 206 2259 ibi
249 2221 285 2262 a
307 2203 482 2261 ﬁnali
518 2210 678 2275 tono,
710 2207 802 2262 hic
833 2209 1136 2266 ordinatur
1165 2229 1197 2266 a
1224 2217 1428 2283 quarto
1463 2211 1681 2268 sociali.

199 2295 452 2365 Oportet
483 2293 662 2350 etiam
693 2300 748 2351 et
802 2296 944 2354 illud
1005 2301 1370 2356 considerare
1428 2307 1491 2356 ut
1542 2319 1673 2358 cum
1732 2301 1790 2356 in

127 2380 418 2438 omnibus
472 2383 888 2455 subjugalibus
944 2388 1096 2442 tonis
1149 2405 1427 2444 ascensus
1487 2406 1672 2460 usque
1733 2389 1790 2443 in

131 2470 407 2540 diapente
440 2475 498 2528 et
530 2470 693 2528 ultra
722 2479 1012 2544 suppetat,
1060 2482 1261 2547 protus
1322 2494 1551 2549 quoque
1608 2495 1793 2548 usque

134 2557 190 2612 in
225 2574 457 2614 nonum
486 2575 701 2616 sonum
733 2560 790 2615 in
825 2561 1043 2620 talibus
1093 2565 1406 2620 ascendere
1436 2566 1623 2623 valeat
1652 2565 1791 2636 (35,)

135 2649 191 2699 et
221 2650 340 2700 tres
364 2644 470 2700 alii
488 2647 836 2714 authentici,
862 2649 1125 2706 videlicet
1147 2653 1389 2723 quintus
1410 2658 1465 2708 et
1485 2654 1792 2724 septimus,

134 2733 193 2789 in
223 2733 430 2790 locum
462 2734 814 2808 regulariter
861 2739 971 2793 sibi
1005 2740 1337 2796 ordinatum
1391 2742 1793 2798 deficientibus

135 2823 325 2878 nervis
341 2821 553 2884 minus
565 2825 1088 2898 proveniant,quod
1116 2829 1320 2885 doctus
1337 2831 1793 2901 eantor,quoties

134 2909 189 2964 id
222 2910 370 2967 ratio
398 2911 688 2984 exposcit,
713 2912 956 2969 inferius
988 2916 1205 2984 redeat,
1241 2923 1304 2972 ut
1325 2934 1427 2989 per
1451 2922 1651 2974 octava
1669 2918 1796 2974 loca

134 3013 298 3054 voces
327 3004 620 3066 resumat,
641 3017 788 3071 quas
820 3002 877 3056 in
898 3004 1296 3074 superioribus
1324 3023 1438 3061 non
1473 3007 1790 3064 invenerat.

136 3085 250 3140 Sed-
276 3088 520 3159 quando
552 3104 761 3144 vocum
797 3089 1096 3146 intervallo
1119 3093 1334 3165 singuli
1362 3094 1682 3152 authentici
1705 3095 1794 3152 vel

137 3170 404 3230 laterales
421 3193 632 3233 eorum
657 3194 836 3249 supra
859 3177 944 3233 vel
959 3179 1112 3234 infra
1130 3179 1184 3234 in
1201 3181 1476 3238 finalibus
1496 3181 1714 3238 distent
1734 3183 1792 3238 in

139 3259 486 3322 differentiis
519 3263 668 3330 suis,
703 3265 791 3320 vel
824 3282 1000 3336 quam
1031 3267 1102 3322 ad
1137 3268 1404 3324 ultimam
1435 3271 1788 3328 amatorum.

138 3348 301 3406 Amen
330 3350 621 3423 syllabam
659 3352 1059 3410 habitudinem
1083 3373 1184 3411 seu
1217 3357 1536 3428 spatiorum
1571 3359 1790 3415 dimen-

141 3437 358 3494 sionem
391 3439 677 3510 habeant,
710 3441 922 3497 melius
953 3445 1348 3512 ostendemus,
1398 3462 1529 3501 cum
1565 3447 1618 3500 in
1663 3447 1788 3519 ipso

141 3527 405 3583 tonorum
432 3526 635 3584 libello
655 3529 778 3584 suis
801 3529 858 3584 in
882 3528 1026 3586 locis
1050 3531 1106 3585 id
1130 3531 1415 3602 explicare
1429 3535 1787 3607 curabimus,

142 3613 274 3682 quia
301 3616 530 3683 arctius
560 3617 857 3683 memoriae
886 3621 1332 3675 commendatur
1361 3622 1647 3694 quidquid
1673 3641 1788 3696 pra:

142 3701 315 3757 oculis
347 3702 590 3772 habetu.
629 3705 745 3760 Hoc
777 3710 971 3764 tamen
999 3707 1232 3764 interim
1285 3711 1533 3766 breviter
1582 3718 1788 3770 notan-

144 3785 274 3844 dum
309 3792 464 3863 quod
513 3793 709 3848 omnis
755 3794 1094 3866 principalis
1153 3814 1354 3863 sonus,
1411 3799 1531 3855 sive
1561 3801 1654 3858 ille
1713 3802 1790 3858 sit

140 3876 452 3936 authentici
488 3879 810 3952 cujuslibet
849 3883 970 3938 sive
1001 3883 1190 3956 plagis
1219 3886 1367 3955 ejus,
1403 3905 1633 3960 semper
1662 3907 1696 3946 a
1726 3891 1789 3947 fi-

145 3960 249 4016 nali
283 3981 414 4038 suo,
447 3967 510 4023 in
542 3984 719 4039 quem
747 3969 1092 4041 regulariter
1121 3973 1356 4042 desinit,
1390 3975 1649 4048 incipiat.

210 4051 292 4106 12.
308 4053 657 4124 Differentiaz
682 4074 834 4123 vero,
855 4076 983 4130 qua:
1005 4066 1244 4120 ornatus
1266 4079 1444 4118 causa
1463 4065 1782 4135 peritorum

147 4143 436 4198 cantorum
467 4143 688 4217 placito
719 4149 858 4208 sunt
906 4147 1167 4214 inventae,
1201 4167 1235 4206 a
1291 4151 1459 4207 nobis
1510 4152 1590 4210 ita
1644 4158 1784 4212 sunt

147 4225 429 4314 ordinatae,
462 4237 528 4298 ut
549 4234 840 4306 cujusque
865 4236 984 4292 toni
1003 4237 1352 4306 differentia,
1373 4239 1421 4294 si
1440 4257 1557 4311 qua
1579 4242 1635 4296 in
1657 4243 1782 4314 ipso

148 4309 293 4384 finali
324 4317 590 4396 incipiat,
625 4320 886 4392 primum
931 4321 1123 4380 locum
1183 4309 1473 4393 obtineat,
1525 4309 1784 4385 secunda

150 4413 270 4458 vero
321 4409 658 4477 proximum
718 4407 964 4466 inferius
1015 4411 1230 4481 locum,
1284 4415 1482 4486 sicque
1539 4416 1781 4474 inferius

149 4501 438 4564 quousque
479 4496 779 4556 invenitur
823 4499 1212 4570 progreditur.
1264 4501 1483 4562 Deinde
1511 4507 1782 4577 superius

152 4578 418 4663 proximo,
446 4600 568 4657 quo
597 4585 839 4655 occurit,
875 4585 1000 4645 loco
1032 4589 1242 4645 iterum
1279 4590 1520 4663 incipiat
1549 4610 1782 4652 currere
1819 4597 1829 4606 '

1905 1326 2249 1391 orando,sed
2281 1327 2434 1382 varie
2463 1328 2809 1384 swc-uloru-m.
2843 1329 3011 1383 Amen
3043 1326 3325 1391 canendo,
3359 1324 3548 1382 aliter-

1904 1431 2016 1484 que
2030 1414 2246 1470 melum
2263 1415 2536 1471 ordiendo
2559 1433 2768 1470 sonum
2793 1416 3242 1472 discernamusa
3261 1414 3544 1484 sono(36.)

1976 1503 2061 1557 13.
2099 1502 2475 1557 Inveniuntur
2504 1506 2560 1559 et
2601 1502 2818 1559 moduli
2861 1504 2932 1559 ad
2965 1503 3080 1557 vim
3113 1502 3399 1573 cujusque
3422 1500 3543 1556 toni

1902 1590 2363 1663 investigandum
2392 1591 2720 1662 antiquitus
2751 1590 3078 1657 constituti,
3113 1593 3180 1644 ut
3224 1593 3363 1661 puta
3392 1589 3545 1645 Noun

1903 1685 2138 1736 Noerme.
2171 1681 2333 1737 Noeis
2363 1683 2581 1735 Noecme
2613 1679 2751 1751 (37.)
2785 1681 2846 1734 In
2899 1678 3116 1750 quibus
3147 1676 3336 1748 magis
3367 1675 3540 1732 intel-

1901 1767 2141 1838 ligimus
2154 1767 2406 1839 syllabas
2430 1766 2991 1839 modulationiaptas
3007 1781 3184 1837 quam
3209 1761 3545 1836 significati-

1900 1873 2001 1910 vas
2040 1871 2234 1911 rerum
2265 1862 2454 1922 notas,
2488 1873 2636 1926 quas
2667 1873 2783 1911 una
2812 1873 2946 1911 cum
2992 1855 3125 1910 aliis
3176 1851 3480 1909 versiculis
3510 1867 3546 1910 α

1829 1972 1873 2037 Β
1905 1943 2198 1999 modernis
2228 1946 2347 2002 tam
2379 1943 2450 1998 ad
2481 1943 2830 2015 antiphonas
2859 1959 3036 2037 quam
3082 1938 3457 2037 (id-introitus
3489 1941 3547 1994 et

1903 2031 2346 2090 communiones
2377 2036 2654 2103 repertas,
2684 2031 2742 2086 in
2769 2031 2957 2102 capite
2986 2027 3354 2102 singulorum
3387 2031 3546 2082 tono-

1903 2137 2033 2176 rum
2067 2120 2468 2192 apposuimus,
2504 2124 2797 2191 quatenus
2828 2136 2931 2190 per
2963 2118 3080 2173 haec
3140 2116 3268 2172 rudi
3323 2113 3544 2173 cantori

1903 2207 2126 2266 facilior
2153 2212 2371 2280 pateret
2400 2209 2490 2264 via
2519 2207 2899 2279 intelligendi.

1976 2299 2059 2354 14.
2094 2297 2376 2353 Caeterum
2406 2297 2456 2352 si
2489 2297 2624 2368 quis
2652 2300 2858 2352 cantus
2905 2299 3110 2352 contra
3146 2292 3334 2364 legem
3392 2293 3540 2352 fina-

1901 2386 2048 2442 lium
2078 2389 2241 2441 ortus
2273 2384 2592 2457 incmperit,
2625 2383 2711 2439 vel
2743 2383 2909 2440 aliter
2938 2385 3140 2438 contra
3188 2378 3449 2452 regulam
3481 2379 3542 2436 in

1905 2492 2176 2546 processu
2209 2473 2531 2539 variaverit,
2565 2489 2667 2529 nec
2697 2471 2890 2527 debito
2930 2468 3030 2526 fini
3087 2467 3420 2533 occurrerit,
3460 2465 3543 2522 ita

1905 2570 1969 2620 ut
1997 2565 2068 2621 ab
2101 2581 2218 2620 uno
2249 2568 2384 2619 tono
2414 2562 2675 2618 ordiatur
2702 2567 2760 2617 et
2806 2560 2865 2615 in
2897 2558 3010 2614 alio
3044 2556 3407 2622 terminetur,
3443 2554 3541 2609 hie

1901 2651 2036 2708 talis
2067 2651 2257 2724 magis
2288 2651 2504 2707 nothus
2531 2667 2706 2721 quam
2731 2647 3027 2721 legitimus
3049 2649 3137 2701 est
3159 2643 3539 2715 judicandus.

1903 2744 2266 2814 Quapropter
2297 2757 2410 2797 non
2469 2739 2660 2795 solum
2694 2737 2815 2794 haec
2847 2742 3018 2808 atque
3058 2733 3173 2790 alia
3200 2730 3541 2802 hujusmodi

1899 2831 2040 2887 vitia
2075 2831 2134 2886 in
2166 2828 2538 2887 cantionibus
2558 2833 2696 2884 sunt
2723 2825 3116 2899 praecavenda,
3135 2837 3333 2882 verum
3363 2818 3540 2880 etiam

1904 2917 2162 2991 pervigili
2194 2916 2621 2972 observandum
2643 2921 2734 2972 est
2755 2931 2893 2970 cura
2923 2913 3005 2968 uti
3027 2911 3292 2968 attendas
3323 2907 3384 2970 in
3405 2923 3544 2964 neu-

1902 3007 2037 3070 mis,
2071 3007 2169 3061 ubi
2201 3022 2342 3062 rara:
2384 3005 2492 3075 (38)
2525 3020 2800 3060 sonorum
2833 3000 3071 3057 merula
3102 2997 3412 3062 breviores,
3440 2995 3540 3050 ubi

1902 3112 2035 3151 vero
2064 3095 2184 3151 sint
2215 3093 2516 3150 metienda:
2550 3092 2969 3164 productiores,
3005 3105 3075 3144 ne
3108 3085 3320 3158 raptim
3353 3087 3409 3139 et
3430 3083 3539 3139 mi-

1902 3184 2059 3238 nime
2091 3184 2189 3238 diu
2223 3183 2478 3254 proferas
2512 3180 2666 3252 quod
2697 3179 2920 3234 diutius
2951 3181 3007 3233 et
3038 3174 3380 3247 productius
3401 3188 3541 3243 prm-

1901 3272 2093 3327 cinere
2119 3271 2325 3326 statuit
2364 3267 2773 3340 magisterialis
2809 3264 3157 3322 auctoritas.
3192 3262 3390 3331 Neque
3429 3275 3532 3314 au-

1901 3360 2098 3415 diendi
2115 3363 2254 3416 sunt
2269 3359 2365 3430 qui
2386 3357 2723 3414 dicuntsine
2737 3355 2956 3412 ratione
2969 3350 3206 3407 omnino
3220 3347 3536 3408 consistere

1899 3449 2054 3521 quod
2087 3449 2144 3502 in
2204 3452 2379 3503 cantu
2411 3450 2555 3518 apta:
2610 3441 3047 3501 numerositatis
3095 3455 3320 3494 moram
3377 3451 3536 3492 nunc

1895 3537 2258 3600 velociorem,
2300 3552 2455 3590 nunc
2510 3549 2643 3590 vero
2701 3532 2946 3586 facimus
2999 3526 3452 3600 productiorem,
3487 3522 3536 3584 si

1899 3623 2320 3698 grammaticus
2353 3621 2670 3694 quilibette
2698 3616 3090 3690 reprehendit,
3110 3631 3245 3670 cum
3276 3612 3334 3674 in
3362 3626 3536 3672 versu

1896 3731 1963 3770 eo
2002 3714 2110 3768 loci
2143 3712 2427 3785 syllabam
2457 3709 2737 3781 corripias
2774 3707 2871 3762 ubi
2926 3705 3244 3778 producere
3300 3699 3533 3766 debeas,

1897 3802 2060 3858 nulla
2081 3801 2194 3857 alia
2215 3818 2393 3856 causa
2413 3798 2757 3855 naturaliter
2769 3795 3050 3850 existente
3071 3809 3175 3848 cur
3197 3787 3385 3862 magis
3403 3802 3535 3842 eam

1896 3891 2212 3963 producere
2241 3889 2476 3954 debeas,
2509 3886 2621 3943 nisi
2652 3885 2792 3958 quia
2819 3882 3200 3952 antiquorum
3232 3879 3312 3932 ita
3342 3873 3537 3936 sanxit

1893 3979 2213 4035 auctoritas
2240 3995 2252 4045 ;
2277 3994 2383 4032 cur
2413 3992 2526 4030 non
2561 3973 2749 4046 magis
2779 3970 3014 4027 musicae
3048 3966 3216 4030 ratio,
3248 3964 3321 4019 ad
3353 3977 3533 4034 quam

1892 4067 2023 4139 ipsa
2047 4063 2408 4121 rationabilis
2464 4078 2669 4118 vocum
2721 4057 3011 4116 dimensio
3040 4059 3096 4111 et
3144 4048 3532 4109 numerositas

1892 4154 2164 4226 pertinet,
2199 4145 3016 4221 succenseat-quodammodo,
3050 4145 3102 4198 si
3132 4157 3247 4198 non
3270 4155 3373 4211 pro
3396 4153 3533 4209 qua-

1891 4242 2053 4298 litate
2083 4241 2343 4297 locorum
2376 4239 2646 4294 observes
2675 4235 2932 4294 debitam
2985 4228 3374 4303 quantitatem
3407 4240 3530 4291 mo-

1892 4347 2089 4386 rarum
2109 4329 2137 4384 ‘I
2167 4329 2225 4385 Si
2255 4326 2568 4399 aliquando
2598 4325 2887 4381 offendere
2921 4324 2976 4378 te
3008 4317 3196 4392 potuit
3221 4313 3372 4370 male
3398 4329 3530 4384 pro-

1889 4419 2098 4485 latum,
2131 4416 2288 4490 quod
2320 4419 2408 4472 est
2433 4418 2596 4472 extra
2620 4416 2694 4480 te,
2729 4413 2947 4484 quanto
2989 4405 3198 4478 magis,
3256 4400 3413 4474 quod
3443 4402 3533 4490 est

1889 4507 2040 4563 infra
2070 4488 2182 4578 (39)
2212 4505 2312 4562 te?
2342 4521 2456 4560 non
2495 4503 2651 4560 enim
2710 4496 3110 4573 grammatica,
3173 4491 3275 4552 sed
3307 4488 3533 4578 musica

1889 4575 2186 4651 hominem
2245 4594 2564 4650 consistere
2622 4587 3035 4662 percepimus:
3070 4581 3247 4654 quod,
3304 4583 3369 4642 ut
3421 4575 3528 4636 viri

152 4662 340 4752 οξτξίηβ
355 4684 463 4740 δυο
485 4689 674 4744 usque
694 4674 834 4730 dum
859 4676 928 4731 ad
957 4675 1228 4746 quintum
1252 4662 1443 4738 losum
1463 4682 1776 4752 perveniat,
1811 4685 1858 4750 D
1891 4683 2271 4740 eruditissimi
2303 4680 2493 4737 verbis
2551 4683 2704 4748 utar,
2755 4672 3026 4748 quisquis
3055 4671 3114 4726 in
3173 4684 3301 4728 sese
3332 4666 3528 4738 ipsum

157 4747 244 4802 ubi
276 4760 682 4832 unusquisque
712 4761 908 4818 finalis
965 4765 1238 4822 socialem
1270 4747 1480 4823 suum-
1505 4747 1776 4840 inveniat,

156 4842 425 4932 quatenus
450 4846 576 4919 ipse
600 4849 794 4906 finalis
816 4852 986 4924 quasi
1009 4853 1246 4924 quidam
1268 4856 1406 4922 dux,
1429 4874 1493 4912 ac
1515 4859 1786 4932 princeps

157 4926 586 5020 mederatorque
617 4939 676 4993 in
711 4941 902 4996 medio
926 4941 1208 5009 residens,
1239 4961 1307 4998 ex
1337 4926 1585 5018 utraque
1617 4926 1783 5018 parte

267 5014 605 5082 differentiis
627 5027 841 5084 condat
864 5029 1052 5101 legem
1085 5031 1416 5088 inchoandi.
1453 5014 1779 5106 uisas—vero

155 5093 490 5196 differentias
544 5115 786 5186 quidam
838 5093 1206 5175 definitiones
1262 5093 1494 5177 vocant:
1545 5121 1604 5178 lu
1665 5142 1780 5196 quo

155 5190 578 5284 PPO‘Yidendum,
613 5219 683 5258 ne
742 5203 882 5259 dum
933 5205 1065 5276 quis
1119 5208 1362 5264 verbum
1422 5190 1777 5267 definitionis

158 5272 403 5367 audierit,
435 5300 502 5340 eo
532 5305 709 5345 sensu
742 5291 990 5362 accipiat
1033 5309 1148 5366 quo
1196 5296 1487 5367 sapientes
1535 5299 1777 5358 definie-

160 5364 301 5429 runt,
333 5366 729 5431 definitionem
754 5378 971 5433 dictum
1003 5364 1129 5436 esse
1170 5364 1491 5438 orationem
1540 5401 1666 5455 qua:
1717 5387 1774 5442 id

482 5519 539 5592 et
567 5517 722 5592 ultra
751 5517 1066 5592 aliquando
1097 5524 1403 5580 ascendere
1431 5524 1641 5591 valeat,
1667 5533 1774 5582 etc.

467 5585 698 5672 ‘desin'it
729 5570 1109 5672 profogusjd
1127 5595 1252 5672 cod.
1275 5570 1774 5672 Αάῆιίίῃίὧῖςίξέξί

162 5645 984 5756 ἓὲἓῐῖτξῖηῑξῒθήίίξηᾶξῇυέηοῐηῧιθ
1004 5664 1309 5735 Guidonis,
1336 5645 1575 5738 paulum
1594 5645 1778 5726 {se}.

200 5721 316 5767 oms
344 5722 562 5782 tonario
591 5729 876 5790 diversus.

1891 4771 2212 4839 descendit,
2246 4768 2535 4844 intelligit.

1966 4860 2184 4916 Idcirco
2209 4863 2270 4914 ut
2300 4859 2358 4913 in
2391 4861 2574 4912 metro
2597 4858 2753 4910 certa
2769 4851 2982 4925 pedum
3010 4845 3376 4903 dimensione
3399 4859 3530 4899 con-

1891 4949 2110 5004 texitur
2136 4965 2360 5011 versus,
2391 4946 2474 5001 ita
2515 4949 2651 5017 apta
2703 4945 2760 4997 et
2815 4935 3208 4996 concordabili
3263 4931 3528 4989 brevium

1891 5036 2198 5109 longorum
2218 5051 2495 5094 sonorum
2517 5031 2880 5104 copulatione
2906 5023 3277 5098 componitur
3296 5024 3526 5086 cantus,

1889 5129 1946 5180 et
1977 5125 2131 5180 velut
2161 5125 2220 5179 in
2251 5124 2584 5180 hexametro
2604 5135 2794 5184 versu,
2829 5115 2878 5171 si
2901 5113 3156 5187 legitime
3176 5109 3380 5175 currit,
3401 5109 3528 5180 ipso

1888 5228 2031 5268 sono
2054 5212 2287 5268 animus
2312 5208 2650 5264 delectatur.
2666 5210 2734 5262 At
2757 5206 2808 5261 si
2829 5219 2993 5259 verso
3016 5200 3217 5256 ordine
3239 5198 3296 5252 in
3322 5193 3526 5270 penul-

1886 5301 2027 5358 timo
2059 5300 2422 5371 spondceum,
2459 5296 2518 5350 in
2547 5294 2754 5350 ultimo
2786 5289 3079 5362 dactylum
3131 5285 3405 5349 admittit,
3438 5279 3526 5336 vel

1886 5388 1935 5443 si
1966 5387 2100 5460 quis
2131 5387 2189 5441 in
2222 5385 2491 5442 secunda:
2523 5380 2950 5454 conjugationis
2993 5378 3164 5432 verbo
3213 5379 3382 5430 acuto
3431 5385 3526 5424 ac-

1956 5529 2069 5598 (37)
2100 5529 2155 5583 S.
2192 5530 2305 5582 Em.
2334 5531 2385 5582 et
2414 5528 2560 5597 Lips.
2595 5524 2823 5590 Noeais,
2864 5523 3182 5578 Noeoeane.

1961 5600 2070 5663 (38)
2108 5600 2440 5669 Liparatze.
2566 5668 2574 5669 ί
2759 5666 2768 5669 Α
2881 5663 2894 5669 _
3065 5659 3080 5669 ,
3233 5655 3242 5665 .

1955 5655 2072 5740 (39)
2105 5655 2198 5726 Sic
2230 5686 2453 5737 omnes,
2482 5668 2583 5724 sed
2615 5666 2852 5724 omnino
2881 5659 3187 5733 legendum
3221 5655 3387 5708 intra.
