4868 6460
1473 549 1626 614 1115
2547 549 2936 614 BERNONIS
2977 547 3306 612 ABBATIS
3355 546 3792 613 AUGIENSIS.
4699 549 4810 612 tll6

1474 689 1648 744 centu
1668 684 1727 742 in
1751 681 2213 759 antepenultima
2231 683 2569 758 pronuntiat
2594 684 2691 751 ita,
2714 683 2891 741 docete
2911 702 2933 749 ;
2952 682 3038 739 vel
3059 682 3117 738 in
3146 683 3201 751 Α
3234 684 3310 740 Ex
3335 684 3440 740 hoc
3465 701 3719 758 namque
3742 681 4227 756 colligiturquam
4248 678 4556 739 veridicam
4581 683 4809 756 superbis

1475 776 1649 833 tertia
1668 775 2084 848 conjugatione
2101 775 2156 830 in
2180 773 2502 848 penultima
2522 773 2911 841 circumﬂexo,
2937 774 3116 841 legite,
3229 776 3468 847 quidam
3489 775 3722 847 sapiens
3737 773 3989 847 proferat
4021 772 4395 828 sententiam.
4417 772 4635 840 Protus,
4653 773 4809 844 inquit,

1479 864 1721 922 omnino
1742 863 1874 937 ipsa
1894 863 2130 920 auditur
2152 862 2404 919 novitate
2426 863 2668 919 tabescit
2695 880 2707 916 :
2735 864 2818 917 sic
2850 863 2908 917 in
2937 861 3120 917 canti-
3230 870 3287 920 et
3311 865 3605 920 tetrardus
3635 861 3908 920 contrarii
3959 866 4118 932 sunt,
4149 878 4216 917 eo
4249 861 4405 934 quod
4434 860 4686 933 diapente
4707 863 4812 933 preti

1479 952 1616 1010 lena
1637 969 1706 1009 ex
1725 957 1984 1010 veterum
2016 952 2357 1008 auctoritate
2389 957 2524 1024 apta
2544 957 2600 1008 et
2624 953 2891 1006 modesta
2915 951 3122 1004 mndu-
3233 954 3396 1024 prius
3420 953 3633 1009 habeat
3655 953 3802 1008 duos
3825 956 4088 1018 tonos,et
4107 955 4308 1022 postea
4324 949 4702 1015 semitonium,
4717 956 4762 1004 et
4777 951 4810 1003 in

1481 1039 1767 1100 lationum
1797 1042 2158 1114 coaptatione
2189 1042 2652 1112 conjuncta,tota
2683 1041 2890 1096 anima:
2921 1057 3122 1110 corpo-
3237 1044 3348 1097 ﬁne
3383 1049 3582 1102 tonum
3611 1061 3624 1109 ;
3659 1041 3927 1114 diapente
3957 1057 4092 1095 vero
4122 1039 4361 1095 tetrardi
4395 1037 4556 1111 prius
4583 1044 4756 1094 tonum
4779 1045 4815 1092 et

1481 1129 1680 1203 risque
1731 1147 2010 1203 compago
2056 1129 2412 1195 ἀειθοῐιιῑυτς
2456 1129 2611 1184 sicut
2669 1130 2992 1185 econtrario
3051 1129 3123 1181 ab
3235 1132 3638 1199 semitonium,
3669 1137 3870 1203 postea
3895 1132 4042 1186 duos
4073 1134 4262 1184 tonos.
4297 1127 4649 1183 Concordant
4670 1133 4814 1182 autem

1483 1219 1760 1276 audiendi
1780 1219 2070 1292 voluptate
2090 1235 2150 1274 se
2172 1221 2502 1292 suspendit,
2525 1220 2570 1274 si
2597 1219 2737 1291 quid
2761 1220 2816 1274 in
2841 1236 2907 1273 ea
2929 1218 3127 1289 depra-
3236 1223 3424 1294 prima
3449 1221 3640 1293 specie
3670 1221 4055 1286 diatessaron,
4079 1223 4315 1289 excepto
4337 1217 4494 1289 quod
4524 1215 4737 1272 tetrardi
4761 1221 4816 1269 est

1479 1312 1679 1364 vatum
1710 1308 1904 1366 sentit.
3237 1310 3520 1381 superior.
3550 1309 3834 1363 Deuterus
3855 1313 3912 1363 et
3940 1307 4114 1362 tritus
4145 1306 4384 1362 omnino
4415 1309 4552 1361 sunt
4579 1303 4817 1364 contrarii.

1553 1395 1827 1468 Quisquis
1862 1396 2042 1469 igitur
2071 1397 2179 1452 sibi
2208 1398 2439 1452 videtur
2469 1398 2595 1452 sine
2626 1397 2768 1452 artis
2789 1396 2965 1466 hujus
2988 1395 3131 1451 noti-
3240 1416 3370 1453 cum
3403 1398 3676 1470 diapente
3723 1396 3944 1452 deuteri
4007 1394 4171 1468 prius
4217 1399 4335 1450 tres
4382 1399 4550 1449 tonos
4587 1393 4820 1448 habeam

1480 1485 1563 1541 tia
1594 1486 1740 1542 bene
1770 1503 1999 1556 canere,
2035 1503 2168 1542 cum
2228 1487 2623 1558 interrogatus
2665 1487 2735 1540 de
2769 1502 3010 1540 numero
3041 1484 3126 1538 vel
3242 1492 3440 1560 postea
3472 1487 3879 1551 semitonium;
3904 1485 4173 1556 diapente
4203 1499 4336 1538 vero
4366 1483 4490 1538 triti
4522 1481 4673 1554 prius
4697 1481 4820 1535 semi-

1479 1575 1552 1631 de
1583 1573 1903 1630 intervallis
1950 1582 2253 1630 auctorum
2299 1575 2682 1646 graviumque
2714 1591 2992 1628 sonorum
3025 1590 3129 1627 ne-
3241 1577 3492 1642 tonium,
3520 1581 3650 1648 post
3681 1581 3798 1630 tres
3825 1579 4014 1638 tonos,
4057 1577 4113 1628 et
4142 1573 4506 1628 diatessaron
4550 1569 4747 1626 deuteri
4774 1569 4822 1622 sit

1482 1663 1632 1719 sciat
1650 1664 2262 1735 respoudere,wltque
2286 1664 2656 1719 solummodo
2678 1663 2906 1718 aurium
2931 1662 3127 1716 sensui
3243 1665 3492 1719 duorum
3527 1670 3797 1718 tonorum
3842 1667 3898 1718 et
3947 1660 4263 1728 semitonii,
4295 1661 4650 1716 diatessaron
4677 1662 4821 1713 autem

1485 1751 1740 1817 credere,
1772 1768 1888 1807 non
1948 1758 2140 1809 autem
2197 1752 2406 1808 rationi
2460 1752 2773 1823 magistrae,
2807 1769 2939 1806 cum
2973 1757 3131 1804 utro-
3244 1753 3363 1808 triti
3397 1751 3686 1808 semitonii
3718 1757 3775 1807 et
3816 1752 4067 1805 duorum
4116 1753 4414 1804 tonorum.
4447 1747 4507 1804 Si
4538 1745 4823 1802 converteris

1488 1839 2050 1912 rumquejudicium
2085 1841 2161 1896 sit
2189 1841 2633 1912 exquirendum,
2659 1839 2912 1912 amplius
2939 1846 3131 1893 tamen
3243 1843 3514 1912 diapente
3548 1841 3720 1913 proti,
3753 1840 4007 1895 efﬁcitur
4055 1839 4326 1911 diapente
4373 1837 4608 1892 tetrardi
4632 1853 4644 1902 ;
4671 1849 4825 1890 rursus

1487 1927 1752 1996 rationis,
1785 1945 1914 2000 quas
1943 1929 2131 2001 ipsam
2181 1929 2482 1984 veritatem
2527 1929 3031 2000 integritatemque
3063 1928 3131 1981 ad
3244 1931 3514 2002 diapente
3547 1929 3783 1984 tetrardi
3817 1945 4093 1984 conversa
4123 1931 4358 1982 resonat
4395 1927 4660 1998 diapente
4685 1922 4822 1995 proli;

1488 2015 1782 2089 liquidum
1801 2016 1863 2073 in
1887 2034 2080 2074 rerum
2104 2019 2398 2082 natura,in
2420 2023 2705 2089 quantum
2733 2017 3006 2089 possibile
3024 2022 3131 2082 est,
3168 2053 3214 2117 Β
3247 2021 3608 2075 diatessaron
3640 2035 3772 2073 vero
3807 2018 4068 2089 ipsorum
4101 2033 4215 2072 non
4264 2015 4636 2071 convertitur.
4661 2012 4710 2068 Si
4737 2027 4827 2065 con~

1489 2121 1560 2161 ex
1589 2121 1831 2162 munere
1855 2105 2272 2178 omnipotentis
2301 2106 2554 2161 Artiﬁcis
2585 2105 3136 2177 comprehendit,is,
3168 2098 3214 2117 ³³
3245 2107 3504 2174 verteris,
3533 2107 3801 2179 diapente
3833 2105 4056 2162 deuteri
4103 2104 4362 2160 efﬁcitur
4406 2103 4668 2175 diapente
4709 2098 4824 2155 triti;

1491 2192 1758 2266 inquam,
1787 2193 1924 2250 talis
1955 2194 2142 2266 magis
2173 2193 2450 2258 lusciniae.
2476 2212 2603 2266 quae
2633 2211 2807 2248 verno
2839 2193 2974 2248 anni
2998 2198 3137 2247 tem-
3245 2214 3452 2253 rursus
3509 2196 3627 2251 triti
3687 2196 3956 2267 diapente
4009 2210 4288 2249 conversa
4338 2196 4574 2248 resonat
4620 2190 4826 2260 diapente

1491 2298 1632 2355 pore
1665 2298 1732 2338 ac
1761 2299 1811 2339 si
1843 2299 2152 2340 numerose
2191 2288 2246 2338 et
2271 2283 2526 2340 suaviter
2554 2287 2742 2348 canat,
2776 2289 2866 2338 est
2897 2299 3137 2354 compa-
3245 2286 3488 2342 deuteri.
3539 2283 3821 2340 Similiter
3868 2289 4061 2356 potest
4108 2281 4364 2338 converti
4399 2281 4738 2337 diatessaron
4763 2291 4828 2329 eo-

1491 2371 1710 2427 randus
1731 2388 1907 2444 quam
1931 2373 2154 2445 peritus
2177 2377 2378 2428 cantor
2408 2372 2734 2427 habendus.
2761 2371 3040 2436 Quocirca
3061 2370 3138 2426 sit
3247 2392 3400 2431 rum.

1490 2464 1702 2516 nostra
1733 2459 1972 2517 musica:
2002 2461 2292 2518 cantilena
2321 2465 2446 2517 rata
2493 2478 2769 2517 sonorum
2816 2459 3138 2532 quantitate
3317 2463 3478 2518 Nunc
3513 2462 3709 2535 igitur,
3745 2466 3808 2517 ut
3837 2477 4017 2534 supra
4041 2460 4448 2533 promisimus,
4475 2471 4738 2532 ponamus
4753 2455 4828 2508 sin-

1489 2547 2138 2617 distincta,neumarum
2164 2551 2442 2622 gravitate
2461 2550 2776 2622 ponderata
2795 2549 3136 2620 prudenter-
3247 2552 3516 2623 gulorum
3562 2551 3853 2623 diapente,
3889 2550 4354 2622 uniuscujusque
4387 2565 4422 2605 a
4455 2547 4674 2622 prOprio
4717 2539 4827 2597 ﬁnali

1490 2654 1604 2710 que
1636 2639 1968 2710 conjuncta,
2003 2639 2288 2704 modesta,
2323 2639 2570 2710 simplex
2617 2643 2675 2693 et
2721 2637 3002 2701 mascula,
3035 2653 3139 2691 nec
3249 2642 3412 2712 incipi

2904 2637 3002 2701 lla.
3035 2653 3139 2691 nec
3249 2641 3611 2712 incipientes,
3644 2645 3702 2694 et
3742 2657 3844 2712 per
3891 2639 4104 2711 quinas
4152 2638 4432 2710 syllabas,
4465 2629 4826 2693 connumeratis

1492 2725 1846 2794 eﬂ'eminata,
1879 2731 2173 2798 quatenus
2219 2727 2348 2798 ejus
2398 2727 2706 2782 dulcedine
2759 2727 2956 2781 attacti
2993 2727 3138 2781 inci-
3248 2747 3374 2802 qna:
3407 2729 3464 2784 in
3499 2728 3690 2784 medio
3736 2732 3875 2784 sunt
3901 2727 4162 2794 vocibus,
4197 2727 4608 2792 ascendamus,
4640 2725 4827 2790 itemqne

1493 2816 1689 2869 temur
1740 2815 1812 2870 ad
1866 2813 2234 2886 psallendum
2286 2815 2532 2871 Domino
2587 2814 2720 2879 lzeti,
2753 2832 2984 2886 semper
3014 2831 3138 2870 me-
3250 2817 3815 2891 peraliasquinasin
3841 2813 4829 2888 usqueﬁnalessimilimododescen-

1497 2917 1692 2958 mores
1753 2901 2071 2958 Psalmista:
2127 2902 2284 2958 vocis
2339 2903 2708 2958 admonentis
2744 2921 2756 2958 :
2793 2905 3022 2958 Psallitc
3057 2921 3141 2958 δας
3249 2909 3480 2972 damus,
3513 2907 3593 2961 ita
3624 2907 3772 2978 proti
3805 2906 4072 2978 diapente
4113 2903 4475 2960 modulanda
4507 2920 4521 2960 :
4557 2901 4829 2970 Principium

1491 2992 1726 3064 Ρὶϐηιενο
3247 3013 3342 3065 ego
3371 3013 3490 3050 sum
3521 3003 3572 3051 et
3599 2997 3770 3066 ﬁnis;
3799 2992 4022 3050 deuteri
4079 3010 4213 3048 vero
4269 2993 4352 3048 sic
4388 3010 4402 3048 :
4436 2998 4553 3050 Duo
4605 2986 4829 3046 chariton:

1571 3080 1658 3136 15.
1690 3079 1994 3136 Enimvero
2025 3081 2320 3153 sapienter
2358 3080 2690 3153 psallimus,
2722 3082 2769 3136 si
2802 3098 2913 3136 non
2947 3079 3139 3136 solum
3247 3089 3518 3157 praecepta
3537 3091 3708 3150 sunt;
3739 3083 3858 3137 triti
3889 3097 4024 3137 vero
4050 3081 4109 3136 in
4141 3081 4297 3136 hunc
4329 3081 4603 3136 modum:
4637 3079 4830 3134 Trium!

1498 3185 1744 3242 qumque
1765 3167 2067 3226 intervalla
2089 3170 2333 3226 musicis
2355 3170 2517 3226 sonis
2538 3174 2924 3241 congruenter
2945 3174 3142 3242 aptata
3247 3189 3477 3229 munera
3504 3175 3780 3244 pretiosa;
3809 3169 4048 3225 tetrardi
4079 3187 4211 3225 vero
4243 3169 4326 3225 sic
4357 3166 4704 3225 concinendo
4731 3181 4742 3217 :
4768 3162 4830 3216 No-

1497 3257 1896 3325 observamus,
1927 3275 2126 3314 verum
2179 3260 2374 3321 etiam.
2404 3275 2517 3330 quo
2570 3257 2906 3312 harmonice
2953 3259 3142 3329 spatio
3249 3280 3371 3317 men
3408 3262 3633 3316 Domini
3663 3267 4160 3328 telragrammaton.
4196 3257 4299 3315 His
4325 3257 4411 3313 ita
4441 3273 4503 3314 se
4524 3252 4828 3313 habentibus,

1495 3346 1608 3420 ipsi
1625 3346 1947 3404 authentiei
1969 3364 2104 3404 cum
2135 3347 2549 3420 subjugalibus
2571 3347 2695 3402 suis
2722 3347 2874 3402 inter
2902 3362 2964 3400 se
2984 3346 3144 3402 diﬁ‘e-
3185 3419 3202 3422 _
3253 3367 3324 3406 ne
3353 3349 3488 3422 quis
3520 3365 3613 3404 me
3644 3349 3770 3404 sino
3803 3347 4042 3420 pudoris
4072 3351 4339 3418 respectu
4365 3345 4569 3418 jaculo
4599 3340 4832 3415 reprehen-

1497 3441 1648 3501 rant,
1681 3434 1734 3492 si
1762 3435 2070 3510 diligenter
2099 3419 2481 3503 intendimus,
2515 3453 2588 3491 ne
2617 3453 2735 3508 qua
2776 3433 3142 3490 confusibilis
3171 3419 3214 3485 C
3252 3419 3434 3494 sion'is
3465 3437 3788 3493 feriendum
3808 3419 4004 3509 putet,
4038 3452 4105 3492 eo
4137 3435 4290 3507 quod
4322 3435 4614 3507 quasdam
4638 3429 4834 3486 ditl‘eren-

1497 3524 1650 3580 inter
1678 3525 1904 3597 seipsos
1923 3525 2303 3580 commutatio
2337 3525 2598 3596 ﬁat,quaa
2618 3524 2806 3596 magis
2837 3523 3141 3579 absoniam
3251 3527 3383 3593 tias,
3409 3527 3627 3598 quibus
3647 3525 3827 3597 aliqui
3852 3523 4116 3580 moderni
4145 3527 4416 3587 utuntur,
4439 3523 4577 3580 huic
4604 3519 4742 3594 operi
4767 3513 4835 3608 mi-

1499 3612 1724 3669 reddat.
1755 3611 1828 3667 Et
1854 3613 2132 3684 quoniam
2162 3612 2338 3668 tritus
2369 3628 2435 3670 ac
2464 3612 2740 3668 deuterus
2782 3611 3142 3667 discernibili
3253 3615 3410 3671 nime
3433 3613 3780 3680 addiderim,
3805 3613 4030 3668 noverit
4056 3613 4200 3668 mihi
4227 3613 4280 3668 id
4306 3611 4495 3668 studii
4519 3611 4688 3667 fuisse
4708 3616 4836 3673 magis

1502 3697 1657 3755 inter
1685 3714 1768 3766 se,
1797 3699 1905 3755 hoc
1951 3704 2043 3755 est
2090 3699 2386 3755 semitonii
2437 3699 2794 3754 dirimuntur
2821 3697 3144 3764 intervallo,
3252 3721 3456 3761 eorum
3481 3703 3581 3774 qui
3605 3707 3741 3758 ante
3773 3719 3880 3757 nos
3912 3706 4077 3757 atate
4098 3705 4156 3756 et,
4175 3700 4422 3757 scientia
4452 3700 4662 3758 rectius
4689 3705 4837 3765 εαρυέ-

1507 3785 1697 3842 eteteri
1755 3803 1888 3842 vero
1938 3787 2162 3844 distant
2216 3791 2351 3843 tono
2405 3787 2648 3858 ideoque
2699 3786 2897 3843 minus
2953 3792 3147 3860 aperte
3255 3789 4004 3860 runt,observarevoluisse
4033 3789 4488 3848 constitutiones
4506 3804 4676 3862 quam
4695 3793 4836 3838 vocum

1508 3875 1774 3948 dignosci
1800 3873 1991 3931 valent
2019 3892 2220 3931 eorum
2248 3876 2628 3949 proprietates
2660 3876 2717 3931 in
2748 3893 2910 3938 sono.
2945 3876 3146 3948 singu-
3257 3880 3424 3954 sequi
3459 3879 3763 3936 novitates,
3797 3880 3866 3935 Et
3895 3895 3967 3934 ne
3995 3877 4235 3934 omnino
4272 3878 4530 3934 intactas
4561 3874 4766 3934 easdem
4789 3881 4840 3921 l't‘

1507 3961 1700 4021 lorum
1717 3967 1968 4036 quatuor
1983 3965 2255 4038 diapente
2267 3981 2402 4020 eum
2424 3965 2730 4020 verborum
2755 3965 3150 4021 modulatione
3255 3967 3615 4042 linquam,in
3638 3968 3826 4040 primo
3849 3971 3986 4023 tono
4007 3966 4138 4023 aliis
4159 3982 4340 4039 quam
4365 3983 4478 4022 nos
4501 3954 4841 4022 utunturditle-

1507 4053 1841 4110 curavimus
1860 4053 2582 4126 subternotare,quatenus
2599 4053 2914 4110 exillorum
2929 4053 3152 4111 ordinis
3257 4058 3485 4125 rentiis,
3510 4056 3580 4112 ad
3613 4056 3765 4112 hanc
3794 4054 4178 4128 antipbonam
4209 4072 4223 4109 :
4257 4055 4438 4112 Biduo
4469 4057 4672 4118 vitm,
4699 4049 4764 4104 ita
4784 4055 4841 4096 ar-

1507 4142 1948 4200 circumstantia
1975 4141 2208 4199 facilius
2239 4145 2644 4215 cujuscunque
2676 4143 2861 4216 possit
2889 4160 3150 4216 compre-
3258 4148 3526 4202 culorum.
3562 4149 3752 4211 Amen,
3785 4144 4044 4216 itemque
4086 4144 4442 4200 saeculorum.
4475 4147 4683 4203 Amen;
4709 4138 4741 4192 0
4767 4134 4841 4186 Μ’

1509 4231 1683 4288 bendi
1711 4231 1936 4288 notitia.
3263 4241 3381 4292 tum
3407 4234 3890 4306 pontiﬁcem,tono
3908 4230 4175 4287 videlicet
4190 4230 4441 4288 inferius
4456 4230 4730 4287 ﬁnientes.
4746 4217 4844 4277 mul'

1579 4320 1766 4394 Igitur
1794 4335 1928 4376 cum
1958 4319 2225 4376 omnium
2263 4321 2535 4392 diapente
2581 4337 2649 4376 ex
2699 4320 2886 4377 tribus
2918 4321 3070 4377 tonis
3099 4325 3158 4377 et
3263 4329 3438 4396 taque
3469 4323 3525 4378 id
3557 4321 3836 4395 genus,in
3856 4325 4064 4393 quarto
4094 4337 4227 4376 vero
4258 4320 4317 4375 in
4347 4319 4464 4376 hac
4490 4316 4844 4391 antipbonam“

1511 4406 1821 4464 semitonio
1841 4411 2084 4473 constet,
2119 4406 2178 4463 in
2207 4425 2273 4463 eo
2306 4406 2764 4480 maxime,cujus
2796 4409 3004 4465 borum
3037 4409 3156 4464 dia-
3262 4414 3530 4476 scientes;
3563 4411 3622 4466 in
3656 4409 3903 4482 septimo
3937 4409 3996 4463 in
4029 4409 4142 4464 ista
4159 4399 4846 4482 Loqiwbanturmeregrines

1513 4500 1684 4570 pente
1702 4496 1800 4564 sit,
1824 4496 2180 4570 agnoscitur,
2205 4497 2252 4552 si
2283 4502 2460 4569 quoto
2491 4497 2866 4553 semitonium
2898 4499 3156 4570 positum
3266 4499 3554 4574 quosdam
3588 4496 3970 4554 modulantur
3994 4501 4274 4563 sonos;et
4295 4496 4342 4552 si
4376 4513 4501 4569 qua
4530 4488 4754 4552 inveniri
4768 4498 4847 4558 p05‘

1515 4585 1594 4642 sit
1623 4584 1767 4653 loco,
1792 4601 1908 4641 non
1947 4584 2308 4659 negligenter
2337 4585 2667 4659 inspicitur.
2699 4586 2978 4659 Diapente
3009 4587 3158 4659 proti
3267 4593 3406 4646 sunt
3431 4587 3667 4643 similia.
3702 4587 3867 4642 Nunc
3895 4603 4052 4653 vero,
4083 4586 4133 4642 si
4179 4585 4321 4642 adeo
4370 4579 4708 4657 bujusmodi
4747 4585 4844 4630 n0“a

1516 4677 1651 4748 post
1669 4674 1818 4730 duos
1838 4677 2009 4730 tonos
2031 4673 2410 4731 semitonium
2432 4675 2720 4742 admittit;
2737 4675 3005 4748 diapente
3017 4677 3161 4731 deu-
3270 4676 3608 4734 sonoritatis
3634 4676 3887 4748 ﬂagrant
3906 4674 4216 4743 desiderio,
4232 4681 4414 4747 agant
4446 4679 4516 4730 ut
4543 4672 4681 4728 libet
4697 4665 4846 4724 animo.

1517 4762 1637 4851 teri
1657 4767 1789 4851 post
1817 4767 1936 4851 tres
1967 4767 2158 4832 tonos,
2175 4761 2446 4836 diapente
2465 4763 2589 4820 triti
2615 4763 2803 4836 primo
2829 4763 2954 4820 loco
2983 4765 3160 4820 semi-
3195 4785 3242 4851 Ι)
3272 4767 3390 4838 Ego
3419 4782 3553 4822 vero
3575 4765 3704 4838 jam
3735 4763 4001 4820 desinam
4027 4762 4216 4819 multa
4243 4761 4428 4835 loqui,
4446 4767 4516 4819 ut
4533 4761 4666 4818 ﬁnis
4694 4756 4758 4815 sit
4775 4761 4849 4824 pre

1519 4848 1747 4907 tonium
1767 4849 1972 4919 habet;
1995 4851 2268 4924 diapente
2286 4851 2530 4909 tetrardi
2558 4856 2692 4924 post
2721 4869 2905 4909 unum
2937 4857 3162 4910 tonum.
3195 4848 3228 4851 —
3273 4852 3416 4926 logi.

3753 5019 4851 5053 ________________....

2575 5207 3184 5324 TONABIUS
3253 5207 3864 5324 BEltNONIS

2128 5428 2233 5490 Ex
2261 5429 2388 5492 cod.
2421 5431 2708 5494 Palatino
2740 5431 3008 5495 biblioz'h.
3051 5432 3267 5509 Vatia,
3298 5431 3512 5494 collato
3541 5451 3671 5494 cum
3701 5431 3895 5494 codice
3919 5430 4328 5496 Admontensi.

1619 5705 1994 5800 Alltheﬂticus
2031 5724 2230 5794 protus
2259 5727 2486 5779 constat
2512 5740 2582 5778 ex
2613 5722 2799 5794 prima
2830 5725 3021 5798 specie
3053 5727 3175 5784 dia-
3285 5729 3474 5800 Hujus
3497 5725 3705 5784 ultima
3736 5725 3956 5799 syllaba
3988 5726 4045 5782 in
4077 5728 4428 5783 mentorum.
4449 5743 4628 5784 .smen
4659 5720 4799 5780 altius
4814 5705 4852 5760 δί’

1555 5797 1748 5864 Ρθηῖθυ
1792 5798 1849 5850 οἵ
1897 5815 1961 5858 ex
2012 5809 2200 5880 prima
2254 5809 2446 5882 specie
2483 5811 2846 5868 diatessaron
2866 5797 3177 5887 superius.
3288 5797 3461 5875 stata
3489 5815 3651 5874 ﬁnali
3679 5797 4044 5874 diatessaron
4075 5815 4400 5874 intervallo.
