4868 6414
655 497 806 559 1117

1198 621 1741 682 NONANNOEANE.

723 719 975 776 Primum
1006 716 1236 788 querite
1262 730 1487 786 regnum
1519 716 1635 770 Dei.

720 807 1080 865 Saeculorum.
1114 805 1301 860 Amen.

729 895 1015 952 Lichanos
1046 893 1319 966 hypaton.

722 988 786 1041 A.
819 983 1058 1056 Angelus
1087 982 1309 1038 Domini
1335 982 1635 1049 nuntiavit,
1663 983 1770 1035 etc.
1802 980 1936 1049 (49).

723 1072 1057 1130 Difi‘erentia
1086 1071 1277 1144 prima
1315 1072 1448 1143 (41),
1484 1086 1610 1141 qua:
1636 1086 1670 1123 a
1697 1067 1857 1123 ﬁnali
1890 1068 2125 1139 quidem
2156 1066 2295 1121 inci-

654 1162 755 1234 pit,
787 1161 887 1217 sed
916 1176 1050 1215 mox
1082 1160 1141 1214 in
1171 1158 1445 1231 quintum
1496 1174 1706 1212 sonum
1735 1156 2016 1221 ascendit,
2053 1160 2114 1209 ut
2144 1155 2296 1211 sicut

652 1248 970 1322 antiphona
1000 1250 1073 1304 ab
1121 1247 1330 1303 ultima
1374 1246 1721 1304 saeculorum.
1755 1246 1918 1300 Amen
1968 1243 2191 1316 syllaba
2234 1243 2293 1298 in

652 1338 947 1410 gravitate,
981 1338 1063 1392 ita
1094 1337 1352 1393 secunda
1382 1352 1597 1391 ncuma
1625 1334 1800 1390 distet
1828 1333 2096 1404 diapente
2123 1350 2157 1388 a
2186 1330 2297 1404 pri-

661 1443 753 1481 ma
781 1443 839 1481 in
871 1442 1164 1481 acumine.

721 1512 1544 1583 SeeculorumAmenJicbanos
1574 1513 1826 1586 hypaton
1849 1531 1862 1581 ;
1883 1512 2292 1580 ante.Domine,

658 1604 912 1659 Dominus
961 1611 1164 1671 noster,
1196 1606 1305 1658 etc.
1348 1602 1441 1657 Ha:
1491 1601 1820 1674 antipbonze
1870 1606 2004 1656 tono
2052 1600 2296 1656 inferius

660 1707 787 1747 cum
818 1691 1200 1764 subsequenti
1236 1691 1561 1747 differentia
1587 1690 1782 1746 taliter
1817 1691 1989 1747 Vadit.
2023 1690 2299 1758 Amen,in-

658 1779 896 1853 cipiunt,
930 1781 1034 1836 sed
1068 1797 1203 1835 cum
1233 1780 1516 1851 superiori
1561 1784 1693 1851 post
1722 1780 2060 1852 contiguum
2094 1783 2297 1835 tonum

658 1869 848 1925 statim
870 1867 930 1924 in
952 1867 1229 1941 diapente
1250 1873 1612 1941 consurgunt
1632 1868 1873 1939 ideoque
1895 1869 1953 1922 in
1974 1867 2160 1923 medio
2181 1884 2298 1922 am-

657 1958 858 2013 barum
888 1956 983 2013 hic
1019 1974 1118 2014 eas
1144 1957 1652 2023 collocavimus,ut
1679 1956 1919 2012 cuilibet
1948 1974 2146 2012 earum
2170 1956 2300 2011 illos
2332 1989 2375 2053 Β
2410 1956 2654 2013 mitonio
2682 1972 2750 2011 ac
2779 1959 2935 2010 tono.

658 2046 1086 2113 attribuas,non
1118 2046 1445 2119 delinquas.
1477 2049 1612 2101 Ant.
1646 2047 1846 2111 Amice,
1868 2062 1979 2102 non
2004 2047 2166 2117 lucio,
2188 2050 2295 2101 etc.

729 2133 1069 2191 Difl‘erentia
1098 2135 1354 2191 secunda
1383 2135 1455 2190 ab
1479 2134 1686 2191 ultima
1706 2134 1929 2207 syllaba
1948 2135 2295 2192 saeculorum.

658 2239 812 2279 amen
840 2240 942 2295 per
970 2224 1361 2292 diatessaron,
1398 2225 1635 2280 vocibus
1664 2241 1789 2296 qua:
1820 2226 1958 2279 sunt
2000 2224 2058 2278 in
2110 2223 2299 2278 medio

661 2312 1084 2381 annumeratis,
1114 2311 1351 2368 ﬁnalem
1382 2330 1568 2386 usque
1597 2312 1898 2369 descendit
1926 2313 2125 2384 sicque
2162 2316 2299 2366 tono

662 2399 899 2457 inferius
926 2400 1158 2474 incipit.

730 2489 1092 2547 Saeculorum.
1126 2491 1315 2554 Amen,
1348 2493 1466 2545 ant.
1498 2492 1684 2558 Amen,
1711 2490 1830 2546 dico
1866 2492 2033 2558 vobis,
2067 2495 2176 2546 etc.
2206 2492 2300 2546 Hae

665 2577 1012 2651 antiphonze,
1048 2577 1183 2634 licet
1213 2596 1248 2635 a
1278 2578 1436 2635 ﬁnali
1470 2580 1768 2652 incipiant,
1804 2584 1995 2635 tamen
2040 2580 2177 2653 quia
2203 2598 2304 2653 per

664 2665 1019 2738 quilismata,
1054 2684 1181 2738 quis
1213 2684 1318 2723 nos
1347 2668 1622 2739 gradatas
1644 2685 1888 2724 neumas
1908 2667 2305 2735 dicimus,ma—

665 2754 750 2827 gis
777 2756 1037 2827 gutturis
1067 2772 1245 2827 quam
1277 2755 1626 2811 chordarum
1655 2756 1745 2812 vel
1785 2756 2036 2827 alicujus
2085 2757 2304 2812 instru-

666 2843 839 2899 menti
871 2843 1068 2900 ot‘ficio
1099 2842 1495 2914 modulantur,
1528 2845 1719 2916 potius
1750 2845 1928 2917 hujus
1966 2844 2302 2901 differentiae

668 2948 804 2987 sono
837 2948 1019 3004 quam
1048 2931 1357 3004 principali
1387 2932 1571 3005 ipsius
1603 2932 1918 2989 authentici
1962 2939 2307 3006 promantur

668 3020 854 3076 modo.

731 3108 1095 3167 Seeculorum.
1126 3111 1336 3178 Amen;
1367 3114 1487 3166 ant.
1540 3112 1802 3167 Columna
1847 3128 1936 3168 es:
1967 3116 2087 3168 ant.
2137 3114 2301 3185 Euge,

665 3212 809 3254 serve
839 3199 992 3255 bone.

734 3286 828 3344 Ha;
860 3287 1195 3362 antiphonae
1218 3293 1353 3344 tono
1376 3306 1441 3344 ac
1462 3288 1769 3345 semitonio
1797 3289 2069 3360 superius
2090 3308 2122 3345 a
2144 3290 2302 3346 ﬁnali

2142 486 2553 549 TONARIUS.

2323 622 2378 689 Α
2407 618 2703 676 tbenticus
2732 618 2881 689 ejus,
2914 620 2972 673 et
2992 633 3060 673 ex
3090 615 3294 671 eadem
3332 612 3521 687 specie
3565 613 3918 670 diatessaron
3948 613 4037 670 in-

3884 479 4039 541 1118

2403 708 2601 765 ferias.
2643 713 2700 763 In
2732 707 2931 763 eodem
2954 722 3086 761 vero
3109 702 3291 772 finali,
3317 702 3417 759 ubi
3451 701 3672 775 incipit,
3686 703 4036 760 saeculorum.

2402 800 2589 864 Amen,
2620 796 2765 852 ﬁnit.

3098 881 3327 938 Noeais.

2472 977 2779 1034 Secundum
2806 982 2987 1031 autem
3014 973 3194 1029 simile
3223 976 3303 1028 est
3323 966 3471 1026 huic.

2472 1067 2828 1125 Saeculorum.
2877 1068 3079 1128 Amen;
3107 1065 3227 1118 ant.
3282 1059 3508 1116 Michael
3554 1059 3897 1130 archangele,
3931 1062 4037 1113 etc.

2403 1159 2496 1213 Ha:
2524 1162 2659 1212 tono
2690 1172 2723 1210 a
2753 1152 2945 1209 ﬁnalis
2976 1152 3194 1208 distant
3225 1151 3283 1205 in
3314 1148 3616 1223 gravitate,
3650 1151 3933 1221 reguntur
3960 1151 4042 1202 ta-

2404 1262 2538 1301 men
2570 1245 2772 1301 codem
2798 1259 2960 1298 sono.

2474 1336 2605 1389 Ant.
2638 1333 2938 1404 Assumpsit
2962 1333 3129 1387 Iesus.

2474 1425 2603 1480 Haec
2635 1439 2752 1477 una
2782 1419 3109 1476 differentia
3138 1415 3445 1474 semitonio
3492 1432 3558 1470 ac
3605 1418 3741 1469 tono
3791 1411 3971 1468 distat
4008 1428 4043 1466 a

2405 1511 2565 1569 finali
2595 1511 2653 1567 in
2687 1510 2975 1577 acumine,
2999 1525 3125 1581 quas
3173 1507 3238 1562 ﬁt
3284 1505 3471 1578 magis
3516 1500 3834 1558 intervallo
3863 1516 4041 1573 quam

2405 1619 2568 1659 SOHO.

2475 1691 2831 1748 Saeculorum.
2887 1693 3099 1749 Amen;
3129 1688 3248 1740 ant.
3299 1683 3338 1739 A
3380 1683 3582 1740 saeculo
3628 1696 3738 1736 non
3783 1683 3880 1747 est,
3929 1681 4038 1733 etc.

2405 1779 2790 1836 Authenticus
2846 1777 3122 1832 deuterus
3168 1775 3398 1829 constat
3444 1788 3511 1826 ex
3550 1768 3808 1825 secunda
3855 1766 4045 1841 specie

2407 1869 2766 1924 diatessaron
2800 1866 2910 1937 (43)
2941 1882 2953 1920 :
2990 1863 3117 1919 ﬁnit
3143 1861 3492 1919 saeculorum.
3524 1859 3692 1915 Amen
3732 1856 3906 1913 altius
3953 1871 4045 1911 se-

3109 2040 3359 2096 Noeane.

2487 2136 2671 2190 Tertia
2697 2132 2814 2188 dies
2833 2139 2912 2188 est
2938 2129 3078 2203 quod
3106 2129 3224 2186 haec
3246 2130 3395 2200 facta
3419 2130 3568 2182 sunt.

2477 2223 2834 2281 Seeculorum.
2853 2223 3052 2285 Amen;
3070 2222 3186 2273 ant.
3228 2217 3504 2288 Accipiens
3529 2215 3790 2270 Dominus
3825 2219 4046 2284 septem.

2410 2309 2742 2367 Diil'erentia
2773 2309 2962 2381 prima
2990 2304 3297 2363 semitonio
3323 2310 3379 2360 et
3405 2293 3563 2359 tono‘
3589 2300 3858 2374 superius
3904 2299 4048 2355 inci-

2409 2400 2515 2473 pit,
2551 2399 2643 2454 ubi
2678 2402 2734 2454 et
2756 2397 3020 2453 ultimam
3052 2392 3336 2467 syllabam
3368 2392 3517 2446 ﬁnit.

2480 2488 2839 2545 Saeculorum.
2871 2487 3071 2549 Amen;
3103 2486 3224 2538 ant.
3252 2486 3360 2538 Fac
3383 2481 3630 2550 benigne.

2483 2575 2817 2633 Ditl‘erentia
2846 2573 3102 2631 secunda
3130 2569 3437 2628 semitonio
3469 2586 3534 2624 ac
3572 2572 3706 2623 tono
3752 2564 3929 2621 altius
3960 2564 4047 2619 in-

2413 2666 2554 2739 cipit
2576 2670 2745 2722 Amen
2770 2681 2964 2730 suum,
2998 2679 3032 2717 a
3053 2678 3114 2717 se
3145 2659 3289 2727 toni,
3324 2677 3357 2715 a
3386 2656 3544 2714 ﬁnali
3591 2672 3723 2711 vero
3765 2652 4049 2709 diatessa-

2412 2774 2518 2813 ron
2547 2756 2677 2811 ﬁnit
2704 2751 3027 2810 intervallo.

2484 2846 2842 2903 Saeculorum.
2874 2842 3060 2897 Amen.
3088 2838 3373 2895 Lichanos
3403 2837 3771 2903 xncson;ant.
3800 2832 4049 2901 Domine,

2408 2936 2657 3009 probasti
2680 2950 2783 2989 me.

2487 3022 2820 3079 Differentia
2850 3018 3021 3076 tertia
3049 3019 3109 3074 in
3140 3019 3343 3074 eadem
3388 3015 3625 3087 quidem
3671 3011 3907 3079 chorda,
3936 3026 4052 3082 qua

2413 3117 2471 3169 et
2498 3110 2846 3183 superiores,
2880 3107 3096 3164 malum
3147 3107 3402 3173 inchoat,
3433 3104 3532 3160 sed
3583 3100 3852 3156 ultimam
3891 3115 4051 3155 amen

2413 3200 2697 3273 syllabam
2729 3216 2763 3255 a
2794 3196 2950 3253 finali
2983 3199 3142 3252 sexto
3173 3194 3296 3250 loco
3328 3190 3676 3248 determinat

2482 3275 2841 3346 Saeculornm.
2872 3287 3069 3352 Amen;
3102 3287 3217 3339 ant.
3248 3283 3525 3352 Accipiens
3553 3279 3791 3347 Simeon,
3821 3279 3927 3330 etc.

668 3390 770 3432 suo
798 3377 910 3432 sub
940 3352 1207 3450 ejusdem
1240 3377 1571 3433 ditl‘erentia:
1606 3395 1749 3434 sono
1780 3352 2088 3452 incipiunt.
2124 3381 2306 3439 Habet
2334 3352 2376 3419 Ο
2484 3380 2702 3434 Harum
2728 3375 3178 3448 antiphonarum
3202 3369 3491 3428 cantilena
3532 3370 3691 3424 sexto
3738 3364 3863 3421 loco
3908 3380 3943 3419 a
3985 3363 4051 3418 ﬁ-

665 3463 836 3520 etiam
861 3465 986 3522 haec
1016 3466 1220 3522 eadem
1249 3465 1575 3522 ditl'erentia
1606 3466 1665 3521 in
1694 3466 1788 3523 his
1817 3472 1874 3523 et
1895 3468 1954 3522 in
1986 3466 2117 3524 aliis
2149 3469 2308 3524 simi-

665 3550 775 3608 bus
804 3553 1164 3611 vicinitatem
1195 3555 1512 3629 quamdam
1545 3572 1679 3610 cum
1718 3572 1784 3612 eo
1832 3555 1932 3628 qui
1979 3560 2071 3612 est
2117 3556 2305 3630 plagis

665 3641 831 3711 proti.

731 3728 1056 3804 Parhypate
1088 3748 1311 3787 meson.
1345 3734 1481 3787 Ant.
1508 3734 1771 3799 Ananiae,
1803 3733 1965 3798 Amr,
1992 3738 2099 3789 etc.
2139 3734 2304 3790 Diffe-

666 3817 858 3874 rentite
888 3818 1072 3875 tertiae
1094 3819 1272 3891 hujus
1295 3822 1639 3877 saeculorum.
1674 3826 1845 3877 Amen
1865 3840 1899 3877 a
1917 3821 2076 3878 ﬁnali
2100 3822 2307 3880 diates-

667 3922 836 3962 saron
866 3906 1171 3964 intervallo
1203 3908 1408 3976 distat;
1440 3909 1570 3981 ipsa
1598 3914 1793 3965 autem
1824 3911 1896 3967 ab
1916 3911 2117 3967 eadem
2145 3911 2305 3967 ﬁnali

664 3997 799 4050 tono
828 3999 886 4052 et
910 3996 1222 4053 semitonio
1253 3997 1561 4054 inchoatur
1590 3998 2023 4069 superius,tono
2045 4000 2118 4055 ab
2141 4001 2306 4056 Amen

662 4081 926 4140 inferius.

728 4170 1092 4229 Saecularum.
1144 4177 1357 4238 Amen;
1388 4177 1509 4229 ant.
1572 4177 1793 4246 Aper-tis
1844 4175 2133 4241 thesauris,
2193 4179 2301 4231 etc.

662 4256 996 4316 Differentia
1024 4266 1255 4333 quarta,
1290 4279 1415 4334 qua;
1443 4280 1576 4318 cum
1607 4265 1809 4319 eodem
1841 4262 1964 4319 loco
1997 4280 2111 4335 quo
2131 4268 2189 4319 et
2211 4282 2306 4321 su-

659 4348 851 4416 perior
883 4349 1210 4416 ordinatur,
1246 4349 1455 4406 melius
1488 4355 1683 4408 tamen
1718 4368 1861 4407 sono
1892 4352 1979 4408 vis
2010 4369 2111 4424 per
2139 4354 2305 4409 Amen

659 4434 716 4490 in
750 4434 866 4492 fine
899 4437 1285 4511 dignoscitur.

726 4524 1086 4582 chulorum.
1134 4527 1340 4594 Amen,-
1370 4531 1489 4583 ant.
1540 4529 1777 4584 Alleluia
1825 4546 1922 4598 ego
1977 4547 2099 4586 sum
2152 4532 2301 4600 vitis,

657 4614 764 4667 etc.
797 4614 1138 4671 Diﬁerentia
1166 4615 1375 4686 quinta
1402 4615 1670 4672 ultimam
1697 4617 1786 4673 sui
1821 4619 1987 4674 Arnen
2019 4618 2301 4692 syllabam

2415 3467 2531 3523 nali
2561 3470 2764 3522 contra
2794 3469 2977 3521 artem
3010 3460 3317 3535 incipiunt,
3349 3457 3448 3514 ubi
3480 3461 3537 3513 et
3561 3472 3720 3511 amen
3750 3453 4047 3509 ﬁnit.Ant.

2418 3558 2557 3612 Vivo
2585 3570 2713 3624 ego;
2747 3557 2867 3609 aut.
2906 3555 3082 3610 Unum
3110 3565 3241 3622 opus
3269 3549 3395 3620 feci.

2486 3642 2824 3700 Differentia
2852 3637 3352 3712 quartazeumdem
3383 3650 3558 3707 quem
3589 3637 3646 3689 et
3675 3629 3937 3703 superior
3966 3646 4054 3686 or-

2416 3732 2610 3788 diendi
2643 3730 2866 3787 obtinet
2891 3728 3105 3795 locum,
3139 3726 3239 3782 sed
3268 3742 3381 3780 non
3414 3721 3663 3780 similem
3706 3720 3762 3775 in
3797 3715 4053 3791 penulti-

2415 3821 2705 3876 mo.Amen
2729 3818 2919 3874 reddit
2938 3813 3340 3871 sonum.Unde
3368 3828 3483 3867 non
3514 3810 3655 3865 adeo
3690 3805 4053 3878 delinquit,si

2414 3909 2547 3982 quis
2577 3907 2665 3964 vel
2695 3906 3023 3979 superiores
3059 3902 3411 3974 antiphonas
3458 3898 3636 3969 hujus
3682 3895 3810 3952 soni
3856 3897 4053 3950 tenore

2413 3981 2685 4071 proferat,
2716 3995 2804 4051 vel
2831 3995 2975 4049 istas
3024 3990 3354 4064 superiores
3396 3984 3752 4043 differentias
3802 3998 3944 4038 sono
3992 3981 4051 4037 in

2411 4085 2769 4143 concinendo
2794 4080 3153 4156 pronuntiet.

2482 4174 2840 4231 Saeculorum.
2867 4172 3055 4236 Amen,
3088 4166 3176 4223 vel
3207 4166 3287 4221 ita
3314 4164 3672 4222 Seeculorum.
3704 4161 3903 4228 Amen,-
3930 4163 4047 4215 ant.

2412 4265 2629 4335 Auferte
2660 4263 2787 4329 ista,
2818 4264 2927 4315 etc.

2485 4351 2675 4425 Plagis
2697 4351 2805 4406 deu
2816 4348 2921 4404 teri
2939 4349 3165 4403 constat
3187 4360 3255 4400 ex
3270 4342 3528 4399 secunda
3549 4339 3738 4412 specie
3758 4337 4049 4410 diapente,

2414 4442 2566 4498 sicut
2594 4436 2965 4495 authenticus
2995 4436 3144 4508 ejus,
3176 4437 3233 4489 et
3257 4449 3325 4489 ex
3355 4429 3609 4488 secunda
3637 4427 3827 4500 specie
3847 4425 4054 4485 diates-

2414 4547 2585 4589 saron
2616 4528 2881 4584 inferius.

3122 4609 3352 4668 Noeais.

658 4700 861 4771 quinto
890 4701 1017 4760 loco
1047 4720 1079 4758 a
1109 4703 1268 4759 ﬁnali
1300 4705 1573 4776 superius
1592 4706 1849 4779 deponit,
1879 4708 2139 4764 ordiendi
2164 4726 2297 4765 vero
2326 4715 2373 4780 Β
2477 4710 2684 4778 Quarta
2714 4705 2910 4776 vigilia
2932 4702 3080 4758 venit
3106 4700 3177 4755 ad
3205 4714 3310 4756 eos.
3334 4696 3691 4754 Seeculorum.
3714 4695 4050 4762 Amen;ant.

660 4788 878 4846 malum
910 4790 971 4846 in
994 4791 1188 4848 medio
1217 4792 1489 4865 diapente
1516 4795 1628 4868 (42)
1661 4794 1895 4852 initium
1927 4796 2125 4853 sumit.

726 4876 1086 4941 Seculorum.
1104 4882 1274 4936 Amen
1296 4902 1316 4948 ;
1341 4885 1458 4937 ant.
1514 4883 1945 4940 Circumdantes.
1972 4884 2306 4944 Dift'erentia

660 4968 821 5022 sexta
841 4966 1012 5024 Amen
1031 4973 1241 5042 quarto
1262 4986 1296 5024 a
1316 4967 1476 5025 ﬁnali
1502 4969 1627 5027 loco
1657 4971 1717 5026 in
1747 4972 2018 5029 acumine
2045 4974 2302 5047 deponit,

660 5056 909 5111 canendi
940 5074 1073 5114 vero
1120 5057 1425 5114 exordium
1471 5063 1609 5115 tono
1655 5060 1899 5117 inferius
1947 5064 2198 5120 assumit
2244 5065 2304 5122 in

658 5142 977 5217 parhypate
1005 5162 1244 5216 meson;
1277 5147 1516 5218 quidam
1544 5166 1676 5206 vero
1705 5149 1882 5207 altius
1904 5151 2013 5208 hoc
2034 5153 2105 5208 ad
2128 5152 2306 5211 licha-

640 5244 764 5291 .nos
794 5247 1002 5289 meson
1030 5233 1330 5290 inchoent.

723 5319 1091 5378 Saeculorum.
1130 5323 1335 5388 Amen;
1364 5327 1484 5379 ant.
1534 5326 1660 5393 Ave,
1706 5327 1902 5393 Maria,
1953 5330 2061 5383 etc.
2110 5328 2304 5402 Plagis

656 5408 807 5476 proti
839 5414 1067 5467 constat
1094 5427 1164 5467 ex
1192 5411 1395 5468 eadem
1433 5412 1623 5483 specie
1671 5414 1939 5487 diapente
1969 5432 2086 5487 qua
2115 5422 2175 5472 et
2201 5434 2304 5473 au-
2356 5484 2368 5495 ι

728 5548 844 5632 (40)
876 5549 1028 5632 Adin.
1064 5551 1158 5632 Hae
1190 5552 1530 5632 antiphonee
1551 5571 1665 5632 non
1788 5554 1947 5632 ﬁnali
1993 5556 2302 5632 incipiunt,

661 5617 761 5672 sed
801 5621 1074 5701 superius
1102 5617 1335 5701 tono_aé
1366 5624 1758 5701 s_emitonio,id
1789 5627 1962 5695 est,in
1986 5617 2305 5701 parhypate

659 5693 981 5765 meson._A.
1012 5695 1073 5757 In
1101 5695 1215 5763 lege
1242 5695 1479 5765 Domini,
1507 5699 1615 5751 etc.

728 5761 845 5833 (41)
873 5761 1026 5819 Adm.
1061 5761 1334 5821 secunda.

2416 4797 2764 4861 Annuntiate,
2798 4797 2905 4849 etc.

2482 4880 2817 4942 Diﬁ'erentia
2844 4880 3036 4953 prima
3061 4877 3407 4935 saeculorum.
3432 4879 3623 4941 Amen,
3647 4870 3955 4930 semitonio
3981 4869 4058 4927 al-

2412 4975 2532 5032 tius
2562 4991 2596 5030 a
2621 4970 2782 5028 ﬁnali
2812 4966 3182 5034 determinat,
3217 4968 3279 5021 at
3299 4979 3432 5020 vero
3462 4960 3683 5020 malum
3731 4965 3868 5018 tono
3912 4960 4056 5016 infe-

2413 5064 2537 5121 rius
2569 5060 2825 5118 inchoat.

2484 5151 2841 5209 Saeculorum.
2866 5147 3065 5215 Amen;
3096 5142 3609 5217 ant.:Ambulabunl
3631 5156 3863 5198 mecum.
3889 5138 4058 5195 Ditl‘e-

2413 5241 2602 5298 rentia
2630 5236 2888 5295 secunda
2917 5236 3147 5291 duobus
3180 5234 3332 5290 infra
3358 5231 3595 5288 ﬁnalem
3623 5225 4052 5301 tonisLincipit;

2414 5345 2574 5385 amen
2603 5326 2828 5400 syllaba
2856 5326 3007 5382 inter
3036 5327 3313 5395 utrasque
3332 5317 3796 5388 cbordaslmedia
3814 5312 4052 5387 quievit.

2484 5417 2840 5475 Saeculorum.
2873 5414 3072 5481 Amen;
3099 5415 3217 5468 ant.
3239 5413 3585 5468 Accesserunt
3609 5406 3679 5463 ad
3704 5410 3911 5471 Iesum,
3943 5405 4051 5457 etc.

2485 5557 2597 5697 (42)
2633 5556 2787 5637 Αᾴνη.
2820 5554 2878 5611 id
2912 5558 3002 5611 est
3032 5553 3350 5627 parhypate
3379 5567 3604 5633 meson.

2510 5629 2576 5681 43
2628 5628 2883 5697 Videtur
2902 5625 3217 5697 legendum
3244 5641 3257 5681 :
3282 5624 3604 5697 Authenticu

2510 5615 2594 5697 43)
2628 5628 2885 5698 νίᾱεξῐιιι·Δ
2902 5615 3257 5698 legendum}
3282 5622 3627 5698 Authenticus
3656 5615 4052 5698 deuterusﬁoty:

2410 5681 2521 5753 stat
2567 5681 2637 5752 ea:
2684 5681 2922 5754 secunda
2956 5681 3138 5768 specie
3184 5695 3457 5766 diapente,
3501 5694 3553 5745 et
3606 5681 3834 5742 secunda
3875 5681 4050 5748 specie

2411 5769 2770 5826 diatessaron.
