4868 6452
1406 571 1563 637 1119

2479 573 2872 639 BERNONIS
2916 576 3249 640 ABBATIS
3291 576 3740 642 AUGlENSlS.

0 0 4144 121 Μ--

4651 579 4781 642 1120

1471 705 1814 766 Dilfereutia
1833 707 2008 766 tertia
2035 707 2300 766 ultimam
2331 707 2614 784 syllabam
2661 725 2820 766 amen
2869 709 3045 765 semi-
3076 711 3128 779 Α
3158 709 3448 784 diapente,
3500 714 3557 767 et
3603 727 3672 767 ex
3725 710 3917 785 prima
3960 709 4156 784 specie
4204 708 4572 767 diatessaron
4633 728 4780 786 supe-

1404 798 1567 854 tonio
1596 802 1654 854 et
1683 804 1822 854 tono
1848 799 2003 856 ultra
2029 799 2265 856 ﬁnalem
2294 800 2549 871 deponit,
2575 800 2816 854 canendi
2850 804 3048 855 autem
3160 800 3303 855 rius.

1408 887 1710 943 exordium
1741 887 1894 945 infra
1922 905 2038 943 uno
2069 893 2205 944 tono
2234 888 2709 960 assumit,sicque
2731 887 2963 943 initium
2992 893 3049 944 et

1410 976 1610 1044 ﬁnem,
1636 975 1694 1032 id
1726 980 1814 1033 est
1838 994 2017 1043 amen,
2043 977 2401 1032 diatessaron
2435 982 2588 1032 recte
2619 977 2941 1048 conjungit.

1479 1065 1832 1124 Sa'culorum.
1863 1066 2049 1122 Amen.
2079 1071 2200 1120 aut.
2233 1067 2366 1121 Ante
2386 1071 2584 1120 torum.

1480 1153 1812 1211 Diﬁerentia
1841 1159 2048 1228 quarta
2077 1171 2239 1209 amen
2271 1153 2328 1209 in
2362 1153 2520 1208 ﬁnali
2555 1155 3055 1225 deponit,scmito-

1411 1243 1508 1300 nio
1539 1244 1810 1316 superius
1837 1243 2038 1316 incipit
2057 1236 2207 1310 feed
2235 1242 2292 1298 in
2326 1244 2680 1316 quibusdam
2711 1243 2967 1306 ﬁnalem,
2992 1244 3049 1297 in

1409 1332 1759 1406 quibusdam
1789 1336 1981 1388 autem
2017 1332 2252 1388 tertium
2285 1349 2318 1387 a
2350 1332 2505 1386 ﬁnali
2540 1332 2764 1387 obtinet
2799 1331 3014 1387 locum.

1475 1422 1835 1478 Sas’culmm.
1871 1421 2057 1477 Amen.
2092 1426 2213 1476 ant.
2246 1423 2515 1477 Amriatus
2543 1429 2635 1476 est.

3822 889 4144 945 Noeoeane.

3230 979 3438 1049 Septem
3463 987 3581 1034 svnt
3610 981 3836 1050 spiritus
3865 986 3992 1033 ante
4019 979 4274 1034 thronum
4303 980 4434 1045 Dei;
4453 979 4780 1036 saeculorum.

3161 1069 3360 1132 Amen;
3390 1072 3510 1122 ant.
3545 1066 3832 1122 Benedicta
3878 1074 3958 1130 tu,
4000 1071 4108 1122 etc.
4144 1065 4273 1122 Hinc
4321 1065 4645 1138 autipbona
4688 1083 4782 1122 uno

3159 1159 3296 1209 tono
3326 1156 3596 1228 superius
3629 1155 3864 1227 incipit;
3897 1159 4016 1209 aut.
4051 1155 4168 1226 Ipse
4193 1156 4436 1225 priribit.

3234 1244 3562 1299 [)iﬁ‘erentia
3593 1244 3784 1316 prima
3813 1259 3848 1298 a
3873 1243 4033 1298 ﬁnali
4068 1242 4308 1315 quidem
4353 1246 4419 1298 ut
4465 1243 4783 1316 principalis

3157 1337 3336 1388 tonus
3368 1331 3589 1403 incipit,
3621 1336 3677 1387 et
3706 1349 3865 1387 amen
3893 1331 4100 1403 quinto
4131 1329 4257 1386 loco
4279 1332 4554 1403 superius
4573 1347 4672 1404 per
4689 1333 4787 1386 dia-

3163 1427 3332 1494 pente
3364 1421 3616 1484 ﬁnit,sed
3649 1424 3781 1492 post
3807 1419 4038 1474 initium
4087 1419 4391 1475 cantilena:
4437 1421 4710 1476 variando
4737 1437 4787 1476 se

1476 1510 1593 1566 Hac
1624 1507 1780 1566 ﬁnali
1803 1509 2092 1581 incipiunt
2113 1511 2222 1565 sub
2240 1511 2442 1566 eadem
2463 1511 3052 1582 diil'erentia,excepto
3162 1511 3528 1582 dignoscitur
3557 1527 3589 1564 a
3620 1507 3923 1581 principali
3957 1508 4210 1564 dill‘erre.

1405 1600 1558 1672 quod
1592 1599 1651 1653 in
1685 1599 1774 1652 his
1807 1599 2164 1665 nnti‘vhunis,
2199 1602 2317 1655 ant.
2355 1599 2442 1654 Ad
2473 1607 2540 1663 te,
2576 1600 2823 1662 Domine,
2855 1600 3050 1664 levavi,

1405 1693 1526 1757 aut,
1558 1705 1628 1744 ex
1668 1694 1897 1760 Egypto
1953 1690 2156 1750 vocavi,
2211 1688 2410 1743 minus
2467 1691 2619 1742 recte
2675 1687 3052 1742 semitonium

1403 1777 1616 1844 evenit,
1647 1777 1696 1832 si
1730 1793 1765 1832 a
1793 1777 1952 1833 ﬁnali
1984 1776 2278 1833 cantilena
2301 1793 2531 1832 currere
2573 1776 2822 1848 ceperit.
2856 1775 3052 1842 Quali-

1407 1869 1498 1922 ter
1527 1881 1660 1921 vero
1691 1865 1912 1939 absque
1960 1881 2308 1921 ueumarum
2341 1865 2646 1937 dispendio
2675 1865 2905 1920 valeant
2937 1881 3054 1918 mo-

1408 1953 1620 2022 dulari,
1654 1953 1886 2027 plenius
1917 1955 1974 2009 iu
2007 1953 2286 2027 prooemio
2320 1959 2520 2009 notare
2561 1955 2775 2009 curavi.
2809 1956 2940 2008 Ant.
2975 1952 3054 2008 Att

3230 1601 3592 1656 Smculorum.
3627 1599 3830 1663 Amen;
3856 1603 3977 1652 aut.
4010 1597 4290 1669 Assumpta
4320 1604 4418 1664 est,
4449 1602 4563 1654 etc.

3234 1688 3566 1744 Dillereutia
3597 1686 3853 1742 secunda
3883 1702 3917 1741 a
3939 1685 4096 1742 ﬁnali
4121 1685 4348 1760 incipit,
4369 1701 4536 1742 amen
4559 1690 4691 1742 tono
4707 1703 4787 1740 su-

3163 1778 3359 1848 perius
3389 1777 3646 1847 deponit.

3233 1868 3591 1922 Smrulorum.
3626 1869 3834 1930 Amen,-
3864 1869 3983 1920 ant.
4020 1865 4258 1936 Accipite
4285 1865 4582 1936 Spiritum,
4611 1868 4713 1921 etc.

3235 1955 3568 2010 Ditl'crentia
3599 1955 3772 2009 tertia
3803 1955 3940 2008 item
3974 1971 4008 2009 a
4039 1953 4198 2009 ﬁnali
4234 1954 4459 2025 incipit,
4493 1953 4789 2025 statimque

1409 2051 1480 2109 te,
1513 2045 1766 2109 Domine,
1801 2044 1995 2110 levavi,
2027 2048 2134 2098 etc.
2169 2043 2270 2098 Isti
2316 2059 2449 2098 vero
2497 2043 2804 2097 semitonio
2833 2047 2889 2097 et
2919 2047 3053 2097 tono
3089 2080 3134 2144 Β
3163 2044 3221 2099 in
3254 2044 3493 2099 tertium
3530 2044 3718 2098 locum
3750 2043 4032 2108 ascendit,
4066 2043 4164 2097 ubi
4197 2047 4255 2098 et
4283 2057 4444 2098 amen
4481 2042 4730 2115 deponit.

1410 2130 1683 2202 superius
1707 2132 1819 2188 sub
1849 2131 2051 2188 eodem
2081 2149 2222 2187 sono
2255 2130 2694 2204 incipiunt.Ant.
2729 2133 3053 2187 Benedictus

1410 2220 1697 2285 Dominus,
1729 2223 1838 2276 etc.

3235 2134 3592 2190 Smculorum.
3633 2134 3832 2198 Amen,-
3864 2135 3987 2186 ant.
4021 2130 4256 2187 Ascendo
4285 2131 4375 2186 ad.

3235 2223 3573 2278 Diil'erentia
3602 2226 3809 2293 quarta
3839 2220 4059 2274 ultima)
4091 2236 4252 2278 mn
4277 2219 4518 2292 syllaba
4541 2235 4647 2292 per
4687 2219 4788 2273 dia-

1483 2306 1822 2364 Diﬁ‘erentia
1850 2309 2056 2382 quinta
2102 2308 2161 2364 in
2213 2309 2381 2365 tertia
2407 2327 2444 2366 a
2475 2309 2634 2364 ﬁnali
2683 2309 2920 2376 chorda,
2955 2308 3054 2363 ubi
3164 2315 3333 2384 pente
3365 2311 3422 2365 in
3458 2309 3617 2365 ﬁnali
3648 2309 3920 2376 concinit,
3954 2325 4019 2364 ac
4055 2308 4351 2381 reciproca
4395 2308 4528 2364 vice
4573 2307 4642 2363 de
4685 2307 4790 2379 ipsa

1408 2411 1567 2452 amen
1597 2394 2094 2469 deponit,initium
2127 2398 2309 2454 sumit
2336 2399 2620 2454 Lichauos
2654 2414 2874 2454 meson.

1480 2485 1842 2544 Saculorum.
1876 2491 2044 2542 Amen
2069 2508 2089 2554 ,'
2119 2491 2238 2543 ant.
2273 2492 2314 2544 Α
2349 2489 2465 2543 viro
2494 2490 2704 2559 iniquo.

1479 2573 1818 2631 Diﬁ‘ereutia
1841 2579 2004 2631 sexta
2033 2576 2342 2632 semitonio
2372 2582 2431 2631 et
2461 2581 2597 2631 tono
2627 2575 2898 2647 superius
2918 2575 3059 2630 inci-

1411 2662 1518 2736 pit,
1549 2679 1710 2720 eum
1739 2663 1800 2718 in
1829 2663 2192 2720 diatessaron
2225 2681 2259 2720 a
2287 2663 2450 2720 ﬁnali
2479 2661 2793 2719 concludit.

1478 2753 1845 2809 Saeculorum.
1876 2769 2033 2808 anum
2057 2773 2076 2818 ;
2103 2757 2223 2808 aut.
2257 2753 2444 2808 Factus
2463 2769 2586 2806 sum
2615 2753 2772 2808 sicut.

1485 2839 1614 2896 Haec
1632 2839 1954 2912 antipbona
1971 2841 2041 2896 ad
2061 2839 2294 2896 ﬁnalem
2317 2841 2676 2896 diatessaron
2696 2840 2765 2895 ad
2789 2839 3055 2897 ultimam

3166 2399 3323 2454 ﬁnali
3357 2400 3415 2454 iu
3447 2399 3710 2455 eamdem
3743 2398 4184 2454 consonantiam
4219 2397 4390 2452 redit.

3231 2489 3597 2544 Smrulorum.
3632 2488 3794 2542 Amen
3820 2508 3838 2553 ,-
3866 2491 3986 2541 ant.
4020 2488 4171 2558 Aqua
4195 2485 4486 2541 comburit.

3237 2577 3332 2632 Hie
3361 2576 3714 2646 antiphonm,
3747 2573 3881 2630 licet
3911 2579 4042 2647 post
4074 2589 4386 2630 ascensum
4433 2571 4497 2628 in
4547 2571 4787 2645 diapente

3165 2683 3301 2721 mox
3328 2665 3387 2722 in
3414 2665 3593 2721 alium
3626 2681 3687 2720 se
3709 2665 3947 2720 modum
3973 2662 4298 2724 mutent.ad
4318 2661 4593 2718 eamdem
4615 2666 4782 2716 tamen

3166 2755 3548 2809 differentiam
3575 2769 3636 2808 se
3656 2753 3899 2819 habent;
3920 2755 4040 2807 aut.
4067 2758 4374 2820 Argentum
4389 2758 4440 2806 et
4455 2766 4676 2815 om,
4694 2752 4781 2803 etc.

3236 2842 3568 2898 Diﬁ'erentia
3596 2843 3802 2914 quinta
3830 2841 4060 2896 duobus
4091 2840 4244 2895 tonis
4276 2837 4556 2911 superius
4591 2837 4786 2909 incipit,

1410 2926 1700 3000 syllabam
1727 2944 1890 2985 amen
1918 2929 2446 3002 resonat,superius
2475 2929 2745 3000 diapente
2765 2947 2778 2997 ;
2798 2934 3055 2986 attamen
3164 2937 3301 2988 tono
3330 2933 3691 2987 diatessaron
3722 2946 3882 2986 amen
3910 2947 3946 2986 a
3975 2928 4134 2984 ﬁnali
4165 2927 4400 2983 desiuit.

1413 3015 1571 3072 dulci
1595 3017 1848 3090 quodam
1872 3018 2065 3073 canori
2083 3019 2338 3091 gutturis
2355 3019 2568 3074 reﬁexu
2588 3019 2725 3074 facit
2740 3019 3055 3075 discrimen

1412 3106 1489 3162 ab
1513 3103 1752 3162 alterius
1782 3105 2120 3164 differentia
2151 3107 2368 3163 sonitu.

1485 3193 1846 3251 Saeculorum.
1879 3196 2066 3260 Amen,
2101 3201 2223 3252 ant.
2257 3197 2379 3253 Nisi
2417 3197 2729 3267 diligenter,
2782 3214 2912 3266 non,
2943 3202 3054 3252 etc.

1482 3281 1864 3340 Authenticus
1891 3283 2064 3340 tritus
2093 3290 2325 3342 constat
2369 3304 2442 3342 ex
2479 3286 2652 3342 tertia
2695 3287 2889 3358 specie
2934 3286 3058 3341 dia-

1413 3375 1604 3445 pente,
1636 3375 1694 3428 et
1719 3388 1788 3429 ex
1815 3373 2018 3429 eadem
2050 3375 2243 3446 specie
2266 3375 2630 3430 diatessaron
2654 3375 2950 3447 superius.

2063 3463 2419 3520 Noeaoeaue.

1487 3552 1746 3624 Quinque
1771 3551 2064 3623 prudentes
2093 3554 2441 3608 intraverunt
2469 3554 2538 3608 ad
2567 3555 2812 3624 nuptias,
2844 3558 2952 3608 etc.

1484 3639 1850 3696 Saecularum.
1882 3640 2090 3706 Amen,-
2119 3645 2238 3696 ant.
2275 3639 2458 3696 Adhuc
2483 3642 2682 3697 multa.

1490 3726 1741 3792 Quidam
1770 3725 1923 3782 hanc
1953 3745 1988 3781 a
2015 3744 2176 3788 mese
2224 3727 2515 3800 incipiunt
2557 3733 2677 3784 aut.
2711 3730 2949 3784 Laudem
2975 3730 3063 3785 di-

1416 3816 1545 3880 cite,
1570 3817 1681 3872 etc.
1714 3813 2046 3872 Dilferentia
2086 3815 2277 3888 prima
2323 3833 2501 3889 supra
2547 3817 2783 3874 ﬁnalem
2835 3818 3064 3876 duobus

1415 3902 1578 3962 tonis
1608 3901 1831 3976 incipit,
1863 3903 1962 3959 ubi
1997 3909 2052 3962 et
2082 3921 2250 3961 amen
2283 3905 2430 3961 ﬁnit.

1489 3993 1848 4051 Saevalorum.
1879 3999 2091 4062 Amen;
2121 3999 2242 4050 aut.
2275 3996 2590 4052 Exsultavit
2624 3996 2884 4068 Spiritus,
2916 4001 3026 4052 etc.

1489 4080 1825 4138 Diﬁerentia
1853 4083 2128 4150 secunda,
2162 4083 2262 4140 ubi
2294 4087 2352 4140 et
2398 4084 2664 4156 superior
2706 4101 2864 4140 antea
2914 4085 3062 4153 ﬁnit,

1420 4169 1640 4226 malum
1670 4187 1805 4228 vero
1835 4187 1938 4244 per
1965 4171 2238 4244 diapente
2269 4190 2304 4229 a
2324 4172 2480 4228 ﬁnali
2504 4173 2775 4246 superius
2803 4172 3026 4246 incipit.

1486 4259 1856 4318 Senatorum.
1889 4263 2098 4328 Amen,-
2127 4265 2249 4317 ant.
2283 4261 2544 4329 Alleluia,
2576 4279 2737 4332 quem
2765 4264 2991 4334 quaeris.

1491 4347 1685 4422 Plagis
1713 4348 1836 4405 triti
1863 4355 2092 4406 constat
2147 4367 2216 4406 ex
2263 4350 2465 4406 eadem
2524 4351 2716 4424 specie
2771 4351 3064 4422 diapente,

1420 4453 1540 4510 qua
1567 4440 1625 4498 et
1651 4437 2027 4494 authenticus
2049 4438 2200 4511 ejus,
2232 4455 2301 4494 ex
2330 4439 2532 4494 eadem
2563 4439 2755 4511 specie
2783 4439 3066 4496 diatessa-

1419 4541 1526 4583 ron
1558 4523 1726 4584 inferi
1734 4543 1824 4582 us.

2132 4615 2362 4673 Noeais.

1419 4703 1588 4761 Sexta
1607 4704 1742 4760 hora
1758 4703 1896 4760 sedit
1913 4720 2077 4778 super
2093 4705 2880 4777 puteum.Saeculor-um.Amen
2904 4727 2924 4774 ,-
2945 4709 3066 4762 ant.

1423 4793 1770 4850 Asoendente.

1495 4881 1628 4937 Haec
1657 4880 1783 4938 sola
1809 4885 1945 4940 tono
1974 4881 2152 4939 altius
2181 4883 2338 4956 apud
2379 4883 2666 4956 quosdam
2699 4883 2921 4958 .iucipit
2948 4889 3068 4942 ant.

1424 4969 1899 5028 Nescimmater.

1497 5059 1598 5116 Has
1618 5059 1832 5117 iterum
1862 5060 1965 5117 ubi
1987 5061 2322 5136 superiores
2349 5060 2674 5135 incipiunt;
2706 5067 2824 5120 ant.
2879 5065 3073 5121 Notum

1425 5149 1578 5220 fecit,
1611 5152 1720 5203 etc.

1504 5235 1632 5292 ﬂeo
1653 5234 1963 5293 semitonio
1993 5255 2060 5294 ae
2089 5241 2225 5295 tono
2253 5237 2502 5296 inferius
2527 5239 2641 5296 sub
2677 5241 2880 5298 eodem
2929 5258 3072 5299 sono

1431 5323 1641 5396 incipit
1669 5329 1788 5379 aut.
1819 5326 1884 5380 Si
1908 5341 2006 5395 ego
2031 5343 2194 5382 verus
2219 5326 2441 5384 Christi.

1503 5413 1636 5478 Haec
1661 5411 1988 5470 differentia
2013 5413 2162 5471 sexti
2190 5413 2316 5474 toni
2342 5432 2503 5472 amen
2524 5421 2664 5474 tono
2702 5421 2976 5492 superius
3003 5420 3072 5476 ﬂ-

1431 5502 1536 5568 uit,
1568 5500 1890 5574 incipiendi
1917 5506 2116 5558 autem
2143 5502 2446 5564 exordium
2462 5506 2533 5560 ab
2549 5506 2675 5578 ipso
2694 5507 2851 5565 ﬁnali
2870 5509 3071 5564 sumit.

1432 5589 1755 5662 Parhypate
1783 5604 2008 5646 meson.
2041 5587 2397 5650 Saeulorum.
2440 5597 2645 5661 «tmen,-
2688 5597 3074 5654 ant.Benedic-

1433 5685 1518 5742 tus
1547 5679 1853 5744 Dominus,-
1883 5680 2006 5744 ant.
2039 5678 2350 5738 Benedicit.

3237 3023 3594 3077 Sicculorum.
3631 3026 3844 3087 lmen;
3877 3024 3996 3074 aut.
4034 3017 4326 3075 Benedicta
4353 3017 4498 3086 ﬁlia.

3238 3109 3573 3166 Ditl‘erentia
3625 3115 3787 3164 sexta
3838 3111 4045 3179 quarto
4075 3123 4111 3162 a
4141 3104 4299 3161 ﬁnali
4358 3103 4485 3161 loco
4547 3102 4789 3176 superius

3165 3215 3325 3255 amen
3357 3198 3486 3253 ﬁnit
3516 3197 3852 3268 ibidemque
3882 3195 4104 3267 incipit.

3236 3290 3596 3344 Smculorum.
3630 3290 3833 3352 Amen;
3864 3289 3987 3341 ant.
4020 3285 4190 3356 Aquae
4215 3284 4432 3340 multae.

3241 3377 3575 3433 Dill'erentia
3606 3376 3854 3447 septima
3885 3391 3919 3428 a
3947 3390 4056 3428 suo
4087 3371 4244 3428 ﬁnali
4279 3373 4336 3427 in
4365 3387 4534 3427 om
4575 3385 4672 3442 per
4693 3367 4791 3422 dia-

3090 3448 3134 3514 C
3171 3470 3342 3539 ponte
3373 3466 3430 3521 in
3462 3464 3732 3522 acumine
3761 3463 3960 3531 distat,
3991 3479 4095 3534 per
4139 3461 4508 3516 diatessaron
4555 3457 4790 3517 inchoat;

3169 3554 3361 3610 diﬁ‘ert
3391 3554 3546 3610 enim
3574 3553 3684 3608 ista
3715 3570 3749 3608 a
3778 3550 4064 3624 superiori
4095 3549 4253 3622 quod
4286 3549 4407 3605 hac
4435 3564 4472 3603 a
4503 3547 4664 3604 ﬁnali
4690 3559 4792 3600 raro

3169 3645 3242 3700 ad
3268 3643 3539 3716 diapente
3565 3641 3846 3716 pervenit,
3881 3639 3982 3695 illa
4025 3655 4161 3694 vero
4209 3654 4326 3694 non
4377 3636 4575 3694 solum
4608 3636 4663 3691 in
4689 3633 4790 3688 dia-

3172 3737 3341 3805 pente
3399 3731 3638 3787 licenter
3691 3727 3990 3802 pertingit,
4033 3743 4236 3783 verum
4278 3724 4456 3782 etiam
4507 3720 4794 3797 aliquando

3171 3825 3375 3877 contra
3400 3820 3588 3893 legem
3619 3818 3870 3874 ulterius
3894 3816 4174 3890 procedit.

3240 3911 3603 3967 Smculorum.
3636 3911 3850 3973 Amen;
3878 3909 3996 3962 aut.
4030 3906 4169 3961 Deus
4191 3903 4436 3972 deorum,
4466 3906 4583 3958 etc.

3244 3998 3582 4054 Diﬁerentia
3610 4000 3810 4052 octava
3839 3993 4009 4067 quasi
4042 4010 4175 4049 rara
4203 4007 4269 4048 ac
4299 3992 4556 4048 barbara
4595 3990 4652 4046 in
4681 3986 4796 4044 ulti-

3174 4105 3270 4144 mo
3300 4086 3538 4160 ponitur
3574 4082 4050 4151 extraordinaria,
4083 4099 4210 4154 qua
4257 4080 4619 4138 saeculorum.
4651 4083 4798 4135 ΑΜ

3174 4182 3381 4250 quarto
3437 4175 3563 4231 loco
3595 4191 3627 4230 a
3661 4169 3820 4228 ﬁnali
3878 4171 4126 4228 inferius
4182 4167 4457 4242 deponit;
4515 4163 4797 4224 melodiam

3172 4282 3306 4322 vero
3335 4263 3652 4336 aliquando
3681 4261 3886 4334 quinto
3911 4260 4140 4315 orditur
4167 4258 4314 4325 loco,
4347 4258 4429 4313 ita
4459 4261 4530 4313 ut
4559 4256 4798 4326 diapente

3177 4352 3476 4410 intervallo
3505 4351 3683 4407 distet
3707 4367 3741 4405 a
3771 4348 3930 4405 ﬁnali
3973 4365 4101 4416 suo,
4135 4346 4451 4420 aliquando
4495 4361 4639 4401 vero
4683 4355 4798 4414 qua-

3175 4447 3329 4508 tuor,
3355 4447 3422 4497 ut
3450 4439 3731 4511 subjectis
3759 4437 4009 4510 liquebit
4037 4435 4342 4508 exemplis.

3243 4532 3399 4587 Sicut
3421 4533 3540 4587 erat
3570 4530 3626 4584 in
3653 4527 3930 4600 principio
3958 4533 4010 4581 et
4037 4541 4186 4580 nunc
4213 4531 4270 4580 et
4293 4537 4528 4594 τωρωι,
4561 4529 4616 4578 et
4637 4521 4694 4576 in
4711 4530 4800 4573 δι’

3175 4620 3301 4677 eula
3327 4619 3677 4677 seculorum.
3713 4621 3891 4672 Amen
3916 4613 4067 4685 (ﬂ);
4100 4618 4224 4669 aut.
4249 4611 4445 4682 Angeti
4467 4609 4690 4667 Domini
4705 4607 4800 4662 aut.

3177 4711 3440 4781 Martyres
3466 4707 3705 4764 Domini.

3099 4816 3147 4882 D
3247 4795 3440 4854 Simili
3471 4795 3644 4852 modo
3673 4793 3798 4850 ista
3821 4795 4122 4858 touantur,
4151 4789 4421 4863 quamvis
4456 4786 4706 4882 infer—ius
4729 4797 4800 4880 cr

3179 4885 3436 4942 diantur.
3486 4885 3618 4940 Aut.
3668 4886 3779 4942 πω
3835 4883 3934 4955 qui
3986 4882 4263 4947 vivimus;
4292 4882 4414 4934 aut.
4449 4879 4515 4934 In
4572 4871 4800 4931 fecissit}

3247 5065 3321 5120 At
3345 5078 3480 5120 vero
3511 5061 3619 5127 ho,
3651 5076 3780 5134 qua
3825 5062 4175 5132 sequuntur,
4207 5057 4343 5112 licet
4381 5055 4441 5112 in
4469 5055 4676 5112 eodem
4701 5049 4800 5105 loco

3177 5148 3667 5222 inchoent,magis
3693 5152 3892 5205 tamen
3923 5145 4231 5221 principali
4263 5160 4412 5201 sono
4438 5159 4546 5218 per
4565 5139 4803 5213 diapente

3181 5239 3558 5314 respondent.

3251 5313 3612 5388 smaller-um.
3672 5326 3882 5393 Amen;
3912 5328 4033 5381 aut.
4088 5325 4152 5380 1η
4206 5324 4428 5379 coruino
4481 5321 4637 5391 ignis
4654 5335 4674 5384 ;
4707 5313 4800 5370 aut

3177 5419 3468 5492 Sapientia
3491 5418 3758 5482 clamitat,
3791 5419 3912 5471 aut.
3944 5414 4180 5470 Stabunt
4198 5412 4362 5484 justi.

3252 5508 3316 5564 In
3349 5506 3444 5562 bis
3469 5506 3626 5562 enim
3649 5504 3840 5561 tribus
3860 5519 3894 5559 a
3913 5503 4104 5576 primo
4125 5516 4406 5575 supremo
4424 5513 4624 5570 usque
4639 5494 4706 5552 ad
4723 5503 4803 5547 no-

3184 5613 3328 5654 num
3359 5611 3570 5654 sonum
3593 5592 3882 5652 cantilena
3900 5591 4309 5648 inﬂectiturita
4320 5579 4803 5657 utaﬁnali,quiest

3182 5685 3446 5743 lichanos
3471 5680 3968 5755 mesou,singulas
3989 5680 4240 5737 chordas
4267 5675 4564 5750 tangendo
4585 5673 4646 5731 in
4667 5668 4802 5744 quin-

1506 5763 1894 5822 Authonticus
1923 5768 2220 5824 tetrardus
2249 5773 2479 5825 constat
2517 5785 2585 5826 ex
2632 5775 2843 5840 quarta
2889 5773 3080 5844 specie
3185 5779 3314 5830 tum
3337 5772 3703 5846 phtbougum
3723 5774 3969 5842 utraque
3985 5770 4220 5842 regione
4235 5768 4416 5826 ducta
4428 5762 4799 5840 protendatur-

1510 5851 1626 5927 (u)
1657 5852 1792 5910 Cum
1817 5853 2044 5912 natalis.
