4868 6426
637 423 780 484 1121
2123 417 2544 484 'I‘ONAlllUS.
3872 415 4028 478 11°22

712 557 857 612 Modi
897 555 986 610 vol
1036 553 1212 628 tropi,
1249 571 1396 627 quos
1443 551 1724 610 usualiter
1770 559 1937 609 tonos
1985 571 2278 619 vocamus,
2311 558 2360 620 Α
2392 560 2439 618 ιῑι.
2475 555 2720 608 Doceam
2754 551 2986 623 iniquos
3009 549 3152 606 vias.

639 644 1071 702 nocturnalium
1104 643 1822 714 responsoriorum,liceta
1851 643 2094 698 diversis
2122 642 2284 696 chor-
2389 647 2441 705 a.
2476 641 2641 696 Sicut
2666 644 2851 695 mater
2879 639 3232 695 consolatur.

638 736 844 790 darum
876 733 1117 789 sedibus
1147 731 1652 804 incipiant,tamen
1701 731 2106 802 unusquisque
2151 729 2283 784 illo-
2393 733 2444 792 ﬁ.
2481 729 2674 784 Oravit
2693 728 2888 783 Jacob.

640 841 773 878 rum
803 839 904 895 per
934 821 1285 876 uniformem
1325 836 1601 875 versuum
1651 836 1890 875 suorum
1942 817 2285 874 modulatio-
2391 823 2442 883 ιῆ.
2479 817 2664 872 Senex
2693 833 2960 888 puerum.
2995 815 3192 872 Gloria
3222 815 3398 872 Patri.

641 929 778 967 nem
811 909 1040 966 facilem
1073 908 1165 964 sui
1190 909 1406 980 praebet
1428 907 2046 980 cognitionem;veluti
2067 924 2134 961 ex
2151 923 2290 978 pau-
2467 904 2612 960 Toni
2641 905 2996 977 pertinentes
3044 905 3114 958 ad
3168 903 3443 959 introitus
3489 909 3546 960 et
3597 905 4036 962 communiones

642 1001 883 1071 cis,quaa
915 1015 1017 1071 pro
1048 997 1312 1069 exemplo
1343 998 1546 1052 subter
1579 995 2288 1064 notavimus,manifestus
2397 1009 2499 1064 per
2541 996 2876 1048 consuetam
2933 992 3388 1048 modulationem
3445 992 3630 1049 Gloria
3681 996 3844 1049 Patri
3894 995 4037 1050 satis

641 1092 806 1162 patet
830 1085 1310 1142 intellectus.Nisi
1344 1087 1486 1140 forte
1514 1084 1899 1156 multiplicata
1940 1099 2288 1138 neumarum
2399 1087 2646 1154 possunt
2674 1081 3084 1146 discerni.Quae
3115 1081 3256 1136 dum
3288 1081 3347 1135 in
3380 1081 3631 1154 singulis
3655 1086 3775 1138 tam
3805 1083 3865 1139 in
3887 1083 4038 1140 anti-

641 1175 758 1247 (45)
784 1174 1073 1230 variarum
1107 1174 1243 1229 velit
1273 1175 1406 1244 quis
1429 1175 1690 1245 ipsorum
1722 1189 1997 1228 versuum
2033 1171 2292 1227 modula-
2400 1170 2764 1242 phonis,quae
2795 1170 3069 1224 dicuntur
3097 1169 3576 1242 introitus,quam
3600 1172 3660 1226 in
3683 1172 4042 1229 communio-

643 1265 862 1320 tionem
891 1263 1192 1319 decentius
1219 1263 1519 1318 adornare.
2402 1258 2575 1314 nibus
2612 1258 2979 1313 uniformiter
3023 1258 3226 1326 vadat;
3260 1275 3366 1314 nos
3413 1263 3610 1315 tamen
3653 1277 3757 1332 pro
3803 1278 4040 1324 conser-

1135 1366 1524 1406 AUTHENTICUS
1564 1366 1804 1405 pno'rus.
2401 1348 2588 1403 vando
2618 1347 2891 1402 cantandi
2923 1345 3124 1402 ordine
3162 1349 3426 1419 quaedam
3474 1347 3752 1421 gradalia,
3785 1349 4037 1420 alleluia,

642 1441 702 1500 ιὲ.
736 1443 904 1496 Beata
933 1454 1017 1505 es,
1046 1438 1250 1494 Maria.
2403 1436 2696 1492 oil‘ertoria
2725 1434 3054 1491 curavimus
3084 1435 3465 1508 interponere.

644 1535 705 1595 ᾖ.
736 1531 868 1595 Ave,
901 1527 1109 1594 Maria,
1138 1527 1327 1599 gratia
1351 1526 1540 1598 plena,
1576 1525 1856 1582 Dominus
1887 1529 2101 1596 tecum.
2888 1541 3277 1580 AUTHENTICUS
3316 1540 3556 1581 PROTUS.

642 1620 701 1679 ἢ.
736 1617 1153 1672 Conﬁrmatum
1181 1619 1290 1671 est.
2475 1613 2667 1670 Primo
2699 1631 2800 1686 pro
2826 1613 3077 1669 culmine
3106 1618 3218 1668 tuae
3247 1630 3504 1686 quaerere
3545 1615 3808 1686 justitize,
3843 1617 4043 1673 Domi-

645 1712 703 1771 ).
739 1706 780 1761 Ο
810 1720 1006 1777 regem
1057 1703 1184 1764 coeli
1235 1704 1348 1759 cui.
1383 1703 1579 1760 Gloria
1627 1704 1778 1759 Patri
1810 1709 1865 1759 et
1894 1702 2057 1768 Filio,
2088 1705 2144 1758 et
2175 1701 2298 1774 Spi-
2406 1720 2497 1770 ne,
2533 1720 2730 1758 verum
2761 1719 3059 1759 summum
3088 1719 3317 1774 quoque
3346 1701 3544 1758 lumen
3589 1704 3678 1761 fac
3727 1721 3866 1775 nos;
3901 1705 4044 1778 peti-

727 1793 858 1850 ritui
892 1798 1112 1850 sancto.
1667 1821 1678 1826 -
2407 1810 2539 1848 mus
2571 1796 2636 1847 ut
2667 1793 2722 1846 in
2757 1791 2899 1847 coelo
2930 1803 3161 1862 semper
3189 1791 3295 1844 tibi
3320 1791 3663 1861 jubilemus.
3695 1795 3902 1850 Amen.

1258 1898 1454 1936 PLAGIS
1508 1899 1694 1936 PROTI.

2591 1879 2926 1936 seculorum.
2956 1881 3160 1934 Amen.

1258 1898 1454 1936 PLAGIS
1508 1899 1694 1936 paen.
2549 1882 2587 1937 S

639 1974 704 2032 ii.
741 1971 956 2026 Sancta
985 1974 1043 2025 et
1071 1969 1372 2025 immacul.
2329 1921 2376 1986 Β
2478 1972 2587 2026 Ant

2478 1972 2613 2026 Ant.
2647 1969 2904 2025 Gaudete
2929 1967 2986 2023 in
3019 1967 3282 2023 Domino.

641 2063 702 2122 ﬁ.
734 2059 1044 2116 Benedicta
1074 2064 1135 2113 tu
1168 2059 1226 2113 in
1259 2058 1624 2123 mulieribus,
1653 2062 1710 2113 et
1757 2058 2097 2112 benedictus
2146 2056 2297 2111 fruc-
2478 2061 2612 2114 Ant.
2647 2059 2903 2129 Exsurge
2936 2073 3156 2128 quareu

729 2154 822 2204 tus
854 2147 1072 2204 ventris
1097 2147 1201 2202 tui.
2479 2151 2609 2202 Ant.
2647 2145 2884 2213 Exaudi,
2916 2145 3179 2214 Domine,
3211 2162 3429 2202 vocem.

639 2239 702 2299 Ii.
737 2238 938 2310 Agnus
969 2236 1070 2292 Dei
1103 2236 1388 2292 Christus.
2478 2237 2612 2290 Ant.
2645 2235 2920 2302 Laudato,
2951 2235 3136 2307 pueri.

639 2331 703 2392 ιῆ.
741 2326 1034 2381 Lzetentur
1063 2324 1210 2380 coeli.
2480 2327 2610 2378 Ant.
2643 2324 2846 2379 Justus
2877 2326 2941 2378 ut
2971 2321 3185 2394 palma.

647 2417 709 2476 ιῆ.
744 2414 913 2483 Audi,
949 2412 1144 2469 Israel.
1174 2413 1368 2470 Gloria
1401 2413 1571 2469 Patri.
2480 2416 2610 2468 Ant.
2642 2413 2848 2468 Justus
2879 2429 2992 2467 non
3020 2409 3482 2482 conturbabitur,

1109 2519 1504 2558 AUTHENTICUS
1545 2517 1855 2558 nnn'rnaus.
2485 2501 2620 2568 Ant.
2646 2499 2796 2553 Dicit
2827 2497 3112 2553 Dominus
3145 2515 3158 2553 :
3191 2502 3517 2554 Sermones.

649 2595 709 2656 Ii.
747 2589 1269 2664 Congratulamini.
2482 2590 2616 2642 Ant.
2651 2587 2734 2642 Da
2760 2603 2980 2659 pacem,
3014 2586 3278 2642 Domine.

652 2686 710 2744 ﬂ.
749 2679 1032 2735 Tulerunt
1061 2679 1376 2734 Dominum
1411 2695 1628 2746 meum,
1662 2683 1719 2734 et
1750 2676 1944 2734 nesci-0
1975 2677 2072 2732 ubi
2107 2694 2308 2750 posne-
2486 2681 2620 2732 Ant.
2656 2676 2870 2731 Statuit
2899 2675 2950 2732 ei
2981 2674 3283 2732 Dominus.

731 2771 872 2822 runt
899 2782 1070 2834 eum;
1104 2767 1150 2822 si
1186 2771 1246 2821 tu
1279 2766 1571 2821 sustulisti
1603 2783 1760 2832 eum,
1793 2766 1967 2821 dicito
1999 2766 2162 2821 mihi.
2484 2767 2618 2820 Ant.
2649 2765 2857 2820 Factus
2887 2768 2976 2819 est
3006 2764 3310 2820 Dominus.

645 2863 705 2922 ii.
745 2857 1060 2927 Postquam
1092 2855 1320 2926 impleti
1356 2860 1514 2910 sunt.
2485 2857 2618 2910 Ant.
2650 2853 2856 2910 Justus
2886 2869 2968 2922 es,
3002 2853 3264 2910 Domine.

647 2952 706 3011 ﬂ.
745 2943 1102 3001 Salvatorem
1131 2947 1382 3015 exspect.
1415 2943 1616 3000 Gloria
1639 2944 1812 2999 Patri.
2487 2946 2618 2998 Ant.
2654 2942 2878 2997 Etenim
2910 2942 3205 2998 sederunt.

1236 3050 1431 3088 PLAGIS
1479 3049 1744 3089 usuram.
2487 3033 2619 3086 Ant.
2652 3030 2942 3087 Misereris
2973 3031 3260 3086 omnium.

646 3128 708 3187 ιῆ.
752 3123 872 3178 Rex
902 3125 1100 3178 noster
1128 3122 1415 3176 adveniet.
2489 3121 2618 3175 Ant.
2652 3119 2769 3192 Ego
2799 3123 2992 3175 autem
3027 3119 3083 3174 in
3109 3117 3374 3174 Domino.

649 3218 704 3277 ᾖ.
753 3212 895 3266 Ecce
925 3213 1126 3283 Agnus
1157 3210 1414 3276 Dei,ecce
1444 3209 1542 3281 qui
1577 3209 1726 3265 tollit
1753 3212 1982 3282 peccata
2012 3209 2237 3264 mundi.
2358 3280 2374 3283 Α
2489 3209 2621 3265 Ant.
2655 3207 3151 3278 Exclamaverunt.

645 3305 708 3364 ii.
751 3298 918 3354 Sicut
938 3280 1166 3354 cedrus.
1471 3280 1476 3281 γ
1754 3280 1768 3282 _
2343 3280 2386 3346 Ο
2492 3301 2625 3353 Ant.
2657 3297 2940 3354 Dominus
2971 3313 3138 3352 secus
3170 3312 3349 3351 mare.

644 3393 706 3452 ii.
748 3387 902 3443 Dum
935 3387 1263 3442 transisset.
2562 3385 2938 3444 Saeculorum.
2968 3388 3172 3442 Amen.

643 3481 706 3541 ii.
750 3475 1088 3532 Ascendens
1119 3475 1176 3530 in
1205 3474 1412 3530 altum.
1440 3474 1634 3531 Gloria
1659 3474 1814 3530 Patri
1843 3479 1900 3531 et
1934 3475 2096 3530 Filio.
2489 3477 2623 3532 Ant.
2655 3476 2886 3546 Rorate,
2920 3473 3066 3530 coeli.

1157 3580 1550 3619 AUTHENTICUS
1599 3581 1825 3620 TRITUS.
2491 3567 2625 3620 Ant.
2660 3564 3034 3621 Gaudeamus
3057 3580 3280 3620 omnes.

639 3657 701 3716 ἡ.
745 3652 1106 3708 Benedictus
1136 3653 1258 3723 qui.
2491 3657 2607 3709 Ant
2634 3653 3032 3726 Suscepimus,
3064 3653 3238 3709 Deus.

641 3747 701 3806 ﬂ.
749 3740 1058 3812 Lapidem,
1091 3757 1265 3812 quem
1315 3741 1771 3812 reprobaverunt
1817 3740 2188 3808 aediﬁcantes,
2219 3734 2315 3795 hic
2495 3745 2623 3798 Ant.
2660 3742 2899 3811 lnclina,
2933 3742 3195 3809 Domine,
3230 3758 3451 3797 aurem.

729 3830 932 3884 factus
961 3832 1050 3884 est
1079 3828 1139 3884 in
1171 3834 1346 3901 caput
1367 3828 1600 3901 anguli;
1636 3847 1670 3884 a
1699 3830 1940 3885 Domino
1982 3831 2200 3884 factum
2230 3834 2318 3883 est
2566 3830 2946 3887 Saeculorum.
2978 3832 3181 3887 Amen.

729 3918 923 3984 istud,
957 3921 1012 3972 et
1043 3921 1132 3972 est
1162 3917 1428 3973 mirabile
1459 3917 1518 3972 in
1550 3917 1732 3972 oculis
1761 3919 1997 3973 nostris.
2496 3923 2630 3975 Ant.
2667 3920 2777 3974 Lex
2807 3919 3036 3975 Domini
3070 3921 3240 3991 irrep.

639 4013 704 4072 ﬂ.
739 4004 1008 4078 Angelus
1039 4004 1270 4060 Domini
1304 4004 1551 4060 locutus.
2496 4011 2630 4064 Ant.
2665 4007 2959 4064 Meditatio
2990 4007 3199 4063 cordis.

641 4103 704 4162 ii.
750 4093 938 4150 Hodie
969 4095 1138 4148 nobis
1169 4093 1468 4149 ccelorum.
1503 4094 1697 4150 Gloria
1726 4095 1879 4151 Patri
1911 4099 1966 4150 et
1995 4093 2160 4150 Filio.
2496 4099 2629 4151 Ant.
2662 4096 3019 4168 Sapientiam
3051 4099 3406 4152 sanctorum.

1298 4199 1497 4238 PLAGIS
1528 4199 1698 4238 rem.
2499 4187 2631 4240 Ant.
2664 4183 2835 4240 Salus
2866 4187 3083 4240 autem.

640 4275 705 4334 li.
747 4271 1126 4343 Aspiciebam
1153 4271 1213 4325 in
1245 4271 1393 4327 visu.
2499 4277 2632 4330 Ant.
2665 4273 2791 4328 Scio
2823 4276 3012 4328 autem
3046 4273 3139 4328 cui
3172 4272 3410 4330 credidi.

640 4367 706 4425 ᾖ.
751 4362 903 4415 Ecce
935 4360 1269 4416 dominator
1297 4359 1578 4416 Dominus
1609 4376 1742 4415 cum
1768 4359 1984 4416 virtute
2002 4359 2211 4416 veniet.
2501 4362 2697 4419 Gloria
2727 4362 2902 4426 Patri,
2954 4365 3010 4416 et
3060 4360 3224 4427 Filio,
3274 4366 3330 4416 et
3376 4359 3615 4435 Spiritui
3663 4363 3890 4428 sancto,
3921 4357 4073 4426 sicut

644 4457 711 4518 ιῆ.
755 4448 943 4504 Beata
971 4465 1054 4514 ea,
1087 4449 1249 4521 virgo
1280 4447 1482 4503 Maria.
2431 4457 2556 4509 erat
2601 4452 2658 4506 in
2708 4450 2990 4523 principio
3035 4455 3090 4506 et
3136 4467 3292 4506 nunc
3333 4454 3390 4506 et
3413 4464 3662 4521 semper,
3694 4453 3756 4504 et
3776 4447 3835 4504 in
3862 4446 4074 4504 saeula

640 4545 708 4606 si.
753 4537 1122 4594 Decantabat
1147 4535 1417 4608 populus.
2432 4539 2799 4598 saeculorum.
2827 4541 3030 4595 Amen.

639 4633 707 4692 ιῆ.
751 4625 931 4682 Modo
959 4625 1170 4681 veniet.
1200 4624 1395 4681 Gloria
1426 4624 1602 4680 Patri.
2356 4643 2403 4707 Ι)
3111 4626 3387 4685 Gradalia.

1141 4729 1536 4770 AUTHENTICUS
1564 4729 1861 4770 TETRARDI.
2503 4719 2678 4776 Grad.
2713 4717 2984 4774 Miserere
3009 4716 3144 4783 mei,
3179 4722 3346 4774 Deus.

638 4809 704 4868 ιῇ.
748 4804 938 4859 Beata
964 4801 1191 4859 viscera
1220 4801 1434 4858 Mariae.
2502 4808 2676 4864 Grad.
2709 4807 2886 4863 Beata
2914 4823 3055 4880 gens
3086 4807 3278 4878 cujus.

639 4901 704 4961 ᾖ.
751 4892 893 4948 Dies
942 4890 1340 4947 sanetiﬁcatus
1386 4889 1579 4946 illuxit
1628 4890 2063 4959 nobis;venite,
2098 4893 2320 4963 gentes,
2504 4896 2678 4952 Grad.
2714 4895 2985 4964 Posuisti,
3020 4894 3282 4951 Domine.

733 4985 807 5038 et
835 4980 1074 5037 adorate
1104 4979 1441 5035 Dominum.
2507 4984 2678 5041 Grad.
2712 4984 3048 5040 Sacerdotes
3077 4983 3225 5054 ejus.

643 5073 710 5134 ιῆ.
754 5068 1064 5125 Elisaheth
1093 5067 1402 5124 Zachariw.
3125 5072 3382 5128 Alleluia.

643 5165 708 5224 ἢ·
754 5158 917 5214 Puer
943 5173 1134 5225 mens,
1163 5155 1304 5211 noli.
2509 5161 2593 5217 ΑΙ.
2626 5161 2731 5226 Qui
2763 5161 2970 5218 timent
2999 5162 3334 5218 Dominum.

643 5251 710 5311 ἡ.
750 5245 1068 5319 Aspiciens
1093 5261 1129 5301 a
1156 5243 1347 5316 longe.
1381 5243 1577 5300 Gloria
1607 5243 1783 5310 Patri,
1813 5248 1872 5300 et
1895 5243 2058 5302 Filio.
2506 5250 2596 5307 Al.
2625 5251 2830 5307 Justus
2861 5255 2926 5306 ut
2954 5249 3167 5324 palma.

705 5350 710 5352 ·
1244 5348 1438 5390 PLAGIS
1474 5349 1776 5388 TE'I‘RABDL
2507 5338 2598 5393 Al.
2633 5337 2919 5395 Mirabilis
2951 5339 3255 5396 Dominus.

641 5430 710 5489 ii.
752 5422 894 5480 Dies
925 5419 1351 5478 sanctiﬁcatus.
3113 5427 3420 5498 θηενιθνίαὁ

640 5519 710 5580 y.
749 5511 992 5580 Venite,
1023 5510 1338 5566 adoremus
1371 5525 1527 5573 eum,
1561 5508 1698 5580 quia
1740 5508 1878 5581 ipse-
1913 5513 2002 5565 est
2047 5509 2329 5566 Dominus
2508 5515 2598 5580 Of,
2635 5515 2856 5588 Repleti
2891 5532 3118 5573 sumus.

733 5601 1269 5761 1281)];n08tefotam
2507 5603 2597 5662 0f.
2629 5603 2882 5662 Jubilate
2911 5605 3026 5662 Deo
3056 5603 3217 5662 univ.

733 5694 756 5760 (
800 5691 838 5747 5
917 5730 956 5757 .,
988 5699 1149 5743 varie
1277 5725 1288 5742 .
2725 5711 2728 5715 ’

730 5691 857 5760 (45)
887 5691 956 5760 f.,
988 5691 1288 5743 varietate.
2725 5711 2728 5715 ~
