4868 6456
3793 107 3848 117 _

1423 503 1575 570 H23
2501 507 2885 568 BERNONIS
2929 506 3258 568 ABBATIS
3305 507 3738 572 AUGIENSIS.
4659 517 4779 577 Hii

1417 661 1424 715 ς
1491 645 1576 698 Us‘.
1614 641 1959 697 Denedicam
1995 640 2257 696 Domino.
3087 647 3143 713 Α
3172 647 3292 695 erat
3325 640 3380 695 in
3417 641 3700 715 principio
3732 647 3789 698 et
3819 659 3972 698 nunc
4003 647 4061 698 et
4108 659 4360 719 semper,
4391 649 4450 702 et
4502 646 4563 702 in
4610 650 4778 705 saecula

2028 730 2458 785 Communioncs.
3173 729 3537 786 sa‘culorum.
3573 733 3771 788 Amen.

1490 824 1651 879 Com.
1683 822 1826 876 Ecce
1855 818 2030 891 Virgo
2061 834 2219 874 conc.
3859 822 4137 878 Gradalia.

1491 912 1652 968 Com.
1687 911 1802 966 Vos
1827 909 1927 982 qui
1960 907 2168 964 secuti.
3239 907 3413 964 Grad.
3443 909 3521 965 De
3555 910 4020 967 necessitatibus.

1489 1005 1649 1058 Com.
1679 999 1788 1065 Qui
1819 997 1943 1054 vult
1971 995 2183 1053 venire.
3238 997 3410 1053 Grad.
3447 998 3708 1054 Universi
3739 1000 3838 1072 qui
3871 1006 3945 1056 te.

1487 1095 1647 1147 Com.
1678 1089 1852 1145 Panis
1875 1103 2046 1160 quem
2079 1101 2204 1157 ego.
3236 1086 3411 1142 Grad.
3444 1087 3524 1142 Ne
3550 1095 3776 1144 avertas
3810 1090 4036 1145 faciem.

1488 1179 1649 1236 Com.
1681 1177 1977 1249 Principes
2007 1171 2297 1247 persecuti
2335 1176 2493 1228 sunt.
3235 1174 3407 1231 Grad.
3441 1177 3674 1250 Angelis
3705 1179 3850 1233 suis.

1487 1269 1649 1326 Com.
1681 1266 2197 1323 Manducaverunt.
3855 1270 3888 1322 Α
3901 1269 4112 1322 (maia,

1483 1358 1644 1414 Com.
1673 1357 1814 1412 Cum
1847 1353 2174 1408 invocarem
2202 1353 2278 1405 te.
3234 1353 3319 1408 Al.
3355 1353 3485 1410 Dies
3518 1356 3933 1412 sanctificatus.

1479 1446 1641 1503 Com.
1674 1443 1938 1510 Domine,
1967 1441 2253 1497 Dominus
2285 1444 2498 1494 noster.
3233 1444 3320 1498 ΑΙ,
3354 1443 3400 1495 ν

1835 1445 1938 1510 ine,
1967 1441 2253 1497 Dominus
2285 1444 2498 1494 noster.
3233 1444 3320 1498 Al.
3354 1443 3532 1499 Video
3563 1445 3757 1501 caelos.

1476 1539 1634 1592 Com.
1666 1534 1909 1590 Cantate
1940 1530 2206 1587 Domino.
3231 1531 3316 1586 AI.
3353 1531 3636 1588 Dominus
3670 1535 3949 1606 regnavit.

1477 1629 1636 1681 Com.
1671 1622 1952 1686 Gaudete,
1983 1618 2160 1675 Justi.
3829 1624 4137 1696 olfﬂloria.

1476 1714 1636 1769 Com.
1670 1710 1903 1767 Psallite
1934 1707 2199 1763 Domino.
3230 1710 3317 1764 ΟΥ.
3351 1710 3605 1767 Laudate
3636 1711 3970 1767 Dominum.

1479 1803 1641 1858 Com.
1673 1799 1852 1856 Petite
1882 1804 1937 1853 et
1967 1797 2149 1868 accip.
3228 1799 3315 1852 Of.
3354 1799 3612 1872 Protege,
3640 1800 3902 1856 Domine.

1478 1897 1637 1946 Com.
1670 1887 2112 1945 Confundantur
2142 1881 2398 1956 superbi.
3227 1887 3314 1942 0f.
3348 1888 3447 1942 Vir
3475 1895 3597 1944 erat
3625 1889 3680 1944 in
3715 1896 3888 1946 terra.

1477 1982 1637 2036 Com.
1673 1978 2001 2034 Posuerunt
2032 1976 2203 2028 mort.
3076 2017 3120 2046 η
3229 1977 3314 2030 ()f.
3350 1979 3430 2032 Ad
3467 1983 3538 2045 te,
3574 1979 3838 2046 Domine,
3871 1979 4068 2036 levavi.

1477 2072 1638 2125 Com.
1667 2067 1846 2122 Notas
1877 2063 2022 2119 mihi
2054 2063 2159 2116 fec.
3074 2017 3121 2080 Β
3224 2067 3312 2120 ()f.
3350 2067 3427 2121 De
3461 2022 3784 2140 priifundis.

1478 2158 1637 2213 Com.
1673 2158 1854 2209 Amen
1885 2152 2015 2207 dlCO
2045 2150 2228 2205 VOblS.
3754 2158 4186 2213 ςοηῃηιιηίοηρε,

1476 2250 1634 2302 Com.
1667 2243 1784 2298 Etsi
1816 2257 2008 2299 coram
2043 2239 2201 2295 hom.
3293 2243 3671 2299 Smculorum.
3705 2248 3908 2301 Amen.

1474 2335 1635 2391 Com.
1669 2330 1952 2389 Dominus
1975 2329 2138 2384 dabit
2167 2327 2604 2399 benignitatem.
3217 2335 3377 2388 Com.
3415 2333 3727 2388 Multitudo
3759 2335 3913 2406 lang.

1469 2425 1630 2480 Com.
1665 2420 2035 2478 Revelabitur
2063 2417 2266 2491 gloria.
3217 2423 3376 2474 Com.
3412 2421 3616 2476 Potum
3652 2440 3869 2478 meum.

1465 2517 1622 2570 Com.
1656 2511 1941 2566 Viderunt
1971 2525 2195 2564 omnes.
3217 2510 3378 2563 Com.
3416 2510 3800 2578 Hierusalem,
3830 2530 4023 2585 surge.

1465 2603 1625 2657 Com.
1659 2599 1788 2665 Fili,
1819 2598 1958 2671 quid
1993 2595 2222 2652 fecisti?
3215 2598 3375 2653 Com.
3409 2599 3764 2654 Lzetabimur
3793 2601 3848 2654 iu
3885 2618 4014 2656 sane.

1467 2690 1702 2748 Rectius
1728 2687 1835 2743 bas
1860 2689 2082 2758 regeret
2110 2683 2489 2740 authenticus
2518 2681 2828 2748 tetrardus,
2860 2680 2907 2735 si
2944 2681 3034 2735 in-
3213 2692 3370 2741 Com.
3405 2689 3582 2742 Aufer
3613 2706 3645 2741 a
3677 2705 3788 2744 me.

1394 2784 1688 2838 veteratus
1719 2776 2073 2849 permitteret
2104 2789 2270 2827 usus.
3213 2776 3371 2830 Com.
3404 2776 3613 2831 Vovete
3644 2783 3698 2832 et
3730 2779 3968 2833 reddite.

1467 2871 1627 2926 Com.
1659 2863 1934 2922 lllumina
1964 2861 2191 2917 faciem.
3214 2866 3372 2920 Com.
3407 2866 3664 2921 Narrabo
3694 2868 3910 2922 omnia.

1464 2958 1628 3014 Com.
1659 2954 2000 3025 Quicunque
2024 2949 2242 3006 fecerit.
3213 2954 3374 3009 Corn.
3408 2955 3516 3023 Tu,
3551 2972 3714 3028 puer,
3748 2956 4050 3029 propheta.

1463 3047 1625 3102 Com.
1662 3047 1836 3100 Amen
1866 3042 1992 3098 dico
2021 3039 2204 3096 vobis.
3211 3046 3366 3099 Com,
3399 3045 3655 3099 Cantabo
3687 3045 3950 3100 Domino,

1463 3136 1623 3192 Com.
1653 3134 1796 3190 Data
1826 3136 1914 3187 est
1945 3130 2108 3185 mihi.
3209 3133 3370 3188 Com.
3407 3134 3666 3203 Domine,
3701 3138 3852 3191 Deus
3883 3150 4049 3190 meus
4081 3135 4136 3189 in
4171 3139 4246 3192 te.

1463 3223 1659 3283 Gloria
1712 3221 1887 3292 Patri,
1918 3224 1975 3276 et
2019 3218 2183 3286 Filio,
2215 3221 2272 3276 et
2318 3214 2559 3289 Spiritui
2616 3219 2838 3283 sancto,
2879 3216 3033 3270 sicut
3210 3225 3368 3276 Com.
3403 3223 3552 3278 Exiit
3583 3240 3794 3279 sermo.

1392 3319 1516 3372 erat
1541 3313 1600 3369 in
1631 3309 1938 3386 principio,
1971 3312 2029 3364 et
2058 3323 2213 3362 nunc
2240 3311 2297 3361 et
2335 3321 2585 3378 semper,
2611 3309 2667 3360 et
2708 3304 2767 3359 in
2819 3303 3031 3359 saecula
3070 3380 3102 3386 _
3211 3312 3368 3366 Cum.
3403 3311 3686 3367 Dominus
3715 3312 3906 3377 Jesus,
3943 3317 4271 3385 postquam.

1388 3402 1756 3463 seculorum.
1787 3403 1993 3456 Amen.
3059 3380 3103 3446 C
3210 3405 3368 3454 Cum.
3403 3399 3686 3456 Dominus
3718 3402 3864 3473 regit
3894 3380 4008 3457 me.

1787 3543 1806 3560 ,
1998 3503 2193 3543 ruens
2231 3502 2418 3541 Ρειοτι.
3207 3488 3364 3546 Com.
3393 3490 3677 3545 Dominus

2241 3502 2418 3541 Pao'ri.
3207 3488 3364 3546 Com.
3393 3490 3677 3545 Dominus
3710 3490 4163 3546 firmamentum.

1452 3570 1786 3638 Secundum
1818 3594 1948 3650 quae
1977 3575 2122 3647 legis
2153 3574 2420 3641 verbum,
2450 3575 2658 3628 mutua
2706 3589 2822 3644 quo
2859 3572 3028 3628 dilec-
3278 3576 3472 3632 Gloria
3504 3577 3675 3644 Patri,
3709 3582 3764 3632 et
3796 3577 3960 3646 Filio,
3995 3583 4082 3634 etc

1381 3671 1540 3726 tione
1571 3669 1670 3723 Dei
1697 3671 1756 3721 et
1781 3663 2052 3737 proximi,
2080 3661 2328 3727 Christe,
2362 3661 2654 3717 mandasti
2680 3661 2887 3728 colere,
2911 3676 3027 3733 quo
3586 3683 3976 3724 AUTllI-JNTICUS
4016 3685 4334 3725 usursaus.

1383 3775 1489 3831 per
1515 3757 1638 3812 haec
1667 3753 1912 3827 geminas
1944 3749 2321 3807 observantia:
2361 3755 2645 3822 praecepta
2692 3750 3022 3805 reddamus.
3206 3755 3401 3810 Tertia
3428 3755 3540 3822 die,
3573 3755 3816 3820 Christe,
3852 3761 3905 3811 te
3935 3773 4236 3830 resurgere
4267 3763 4329 3814 et
4375 3763 4617 3818 mundo
4660 3761 4782 3816 ferre

1381 3849 1590 3903 Amen.
3135 3843 3332 3899 lumen
3363 3845 3678 3899 credimus.
3712 3844 3756 3900 Ο
3786 3844 3958 3914 alme,
3993 3845 4081 3901 fac
4113 3863 4217 3902 nos
4249 3851 4304 3902 et
4335 3852 4524 3906 tuum
4579 3866 4784 3922 semper

1527 3930 1904 3989 Smculorum.
1937 3931 2139 3986 Amen.
3136 3932 3373 3988 laudare
3405 3951 3637 3998 nomen,
3665 3938 3722 3988 et
3754 3933 3810 3989 in
3845 3935 4042 4007 patriaa
4075 3940 4130 3991 te
4161 3941 4398 3991 internae
4427 3941 4670 4013 regione
4690 3956 4785 3994 cer-

1449 4025 1583 4079 Ant.
1613 4021 1893 4077 Dominus
1923 4018 2070 4074 dixit
2098 4019 2168 4074 ad
2203 4035 2311 4072 me.
3137 4027 3340 4076 nentes
3371 4023 3591 4078 sedere.
3623 4023 3828 4078 Amen.

1449 4115 1582 4168 Ant.
1618 4109 1855 4167 Redime
1877 4124 1992 4176 me,
2023 4107 2286 4163 Domine.
3277 4109 3656 4166 Sreculorum.
3687 4113 3891 4167 Amen.
4473 4175 4486 4182 ρ

1450 4203 1584 4256 Ant.
1620 4200 1698 4255 Ex
1727 4215 1824 4254 ore
1857 4195 2192 4253 infantium.
3202 4201 3334 4255 Ant.
3370 4200 3641 4255 Miserere
3672 4201 3838 4270 mihi,
3874 4201 4136 4269 Domine,
4170 4204 4493 4275 quoniam.

1447 4292 1582 4346 Ant.
1612 4289 1694 4345 De
1723 4291 1920 4344 ventre
1953 4286 2182 4342 matris.
3201 4291 3332 4346 Ant.
3369 4291 3484 4360 Ego
3517 4295 3709 4346 autem
3741 4291 3893 4346 sicut
3923 4289 4093 4347 oliva.

1448 4381 1583 4435 Ant.
1613 4376 1856 4434 Vultum
1882 4381 2071 4431 tuum.
3201 4379 3333 4432 Ant.
3369 4382 3516 4432 Dum
3550 4377 3884 4433 clamarem.

1452 4471 1584 4525 Ant.
1612 4468 1722 4524 Fac
1751 4482 2006 4536 mecum,
2039 4462 2296 4518 Domine.
3201 4469 3333 4522 Ant.
3361 4465 3662 4522 Confessio
3693 4471 3749 4522 et
3779 4466 3976 4539 pulch.

1449 4559 1586 4614 Ant.
1612 4555 2037 4612 Clamaverunt.
3201 4557 3334 4610 Ant.
3368 4554 3639 4627 Cognovi,
3665 4555 3927 4612 Domine.

1445 4648 1582 4702 Ant.
1613 4643 1913 4702 Terribilis
1942 4648 2050 4698 est.
2453 4674 2461 4682 -
3089 4649 3110 4674 '
3199 4644 3330 4698 Ant.
3365 4645 3484 4716 Ego
3513 4643 3757 4699 clamavi
3790 4644 4087 4717 quoniam.

1443 4737 1582 4792 Ant.
1612 4734 1803 4790 Multae
1834 4731 2033 4788 tribui.
3048 4748 3097 4813 ῃ
3199 4734 3332 4788 Ant.
3369 4737 3513 4787 Dum
3545 4734 3966 4788 sanctificatus.

1443 4825 1578 4880 Ant.
1608 4823 1949 4880 Sacerdotes
1979 4821 2128 4892 ejus.
3198 4824 3344 4878 Antr
3375 4823 3440 4877 In
3470 4821 3704 4878 nomine
3733 4823 3984 4878 Domini.

1445 4915 1578 4969 Ant.
1611 4913 1904 4979 Sitientes,
1937 4910 2147 4966 venite.
3199 4913 3332 4966 Ant.
3365 4909 3577 4966 Vocem
3600 4910 4014 4982 jucunditatis.

1441 5004 1575 5058 Ant.
1607 5001 1746 5057 Mihi
1776 5005 1968 5057 autem
2003 4999 2200 5054 nimis.
3197 5001 3329 5054 Ant.
3364 4999 3677 5072 Repleatur
3704 5017 3770 5056 os
3801 5017 4018 5056 meum.

1444 5094 1582 5146 Ant.
1609 5089 1754 5146 Veni
1785 5093 1842 5146 et
1865 5088 2107 5146 ostende
2135 5085 2325 5144 nobis.
3198 5089 3330 5144 Ant.
3365 5088 3423 5143 Si
3457 5088 3821 5160 iniquitates.

1440 5181 1574 5236 Ant.
1607 5179 1750 5236 Ecce
1780 5177 2036 5234 advenit.
3270 5177 3648 5234 Saeculorum.
3679 5180 3884 5236 Amen.

1440 5273 1579 5324 Hnt.
1612 5267 1862 5322 Laetetur
1890 5282 2007 5322 cor.
2040 5281 2219 5338 quaer.
3196 5267 3330 5322 Ant.
3360 5267 3535 5334 Deus,
3565 5267 3708 5323 dum
3739 5268 4119 5340 egredereris.

1440 5360 1576 5414 Ant.
1610 5353 1834 5410 Cibavit
1870 5369 1990 5410 eos.
3195 5356 3328 5412 Ant.
3361 5355 3541 5411 Intret
3572 5357 3778 5412 oratio.

1438 5449 1575 5502 Ant.
1606 5441 1893 5500 Dominus
1921 5441 2298 5500 illuminatio.
3193 5444 3329 5500 Ant.
3363 5443 3738 5500 Sarcerdotes
3767 5443 3878 5512 tui,
3909 5443 4180 5501 Domine.

1437 5537 1574 5592 Ant.
1605 5530 1891 5589 Dominus
1917 5532 2220 5590 fortitudo.
3195 5534 3330 5589 Aut.
3362 5532 3493 5588 Tibi
3523 5533 3669 5589 dixit
3698 5551 3814 5590 cor.

1436 5625 1568 5680 Ant.
1601 5624 1688 5678 Me
1718 5625 2213 5695 exspectaverunt.
3193 5623 3330 5678 Ant.
3364 5621 3427 5678 In
3463 5621 3577 5679 Deo
3607 5621 3880 5679 laudabo.

1435 5715 1566 5770 Ant.
1593 5711 1818 5779 Venite,
1853 5711 2186 5770 adoremus.
3197 5714 3332 5766 Ant.
3367 5710 3668 5768 Liberator
3691 5728 3880 5768 meus.

1439 5801 1633 5862 Gloria
1684 5799 1864 5878 Patri,
1907 5804 1967 5860 et
2022 5797 2189 5866 Filio,
2222 5797 2285 5852 et
2317 5787 2560 5866 Spiritui
2618 5797 2836 5866 sancto,
2869 5797 3020 5857 sicut
3195 5800 3328 5856 Ant.
3357 5799 3567 5856 Omnia
3595 5815 3722 5878 qua:
3754 5799 3962 5860 fecisti.
