4868 6418
639 416 784 479 μρδ
2115 424 2531 488 TONARIUS.
3865 449 4019 512 1326

704 553 831 605 Ant.
866 547 1128 603 Charitas
1161 548 1278 604 Dei.
2304 563 2353 626 Α
2455 563 2586 614 Ant.
2622 562 2914 618 Protector
2942 569 3154 621 noster.

703 641 832 692 Ant.
869 637 1163 708 Loquetur
1195 637 1497 694 Dominus.
2452 650 2587 704 Ant.
2620 650 2860 718 Exaudi,
2893 653 3152 711 Domine.

704 728 833 780 Ant.
867 724 1092 779 Timete
1124 725 1463 782 Dominum.
2453 739 2585 792 Ant.
2620 737 2769 794 Dicit
2795 739 3078 797 Dominus
3101 743 3287 803 Petro.

702 817 833 868 Ant.
865 813 1153 884 Dispersit
1183 814 1358 869 dedit.
2452 825 2587 879 Ant.
2620 826 2784 882 Sicut
2815 830 2988 884 oculi.

703 905 832 958 Ant.
866 901 1196 957 Benedicite
1225 903 1492 958 Domino.
2250 966 2254 970 ,
2454 916 2590 968 Ant.
2624 914 2829 971 Judica
2859 935 2971 984 me,
2998 919 3170 977 Deus.

704 990 895 1046 Gloria
942 991 1118 1056 Patri,
1152 997 1209 1047 et
1263 992 1426 1059 Filio,
1458 997 1517 1048 et
1564 994 1804 1066 Spiritui
1864 1002 2083 1064 sancto,
2122 1000 2276 1055 sicut
2452 1004 2585 1056 Ant.
2621 1003 2793 1069 Deus,
2825 1005 2882 1060 in
2917 1009 3170 1064 nomine.

639 1085 756 1136 erat
785 1079 844 1134 in
877 1078 1161 1150 principio
1192 1083 1249 1135 et
1297 1098 1453 1136 nunc
1501 1087 1559 1137 et
1590 1099 1838 1155 semper,
1871 1091 1928 1140 et
1972 1086 2031 1141 in
2064 1087 2275 1142 saecula
2453 1093 2584 1145 Ant.
2617 1093 2868 1165 Accipite
2891 1097 3340 1167 jucunditatem.

639 1167 997 1223 saeculorum.
1029 1169 1234 1223 Amen.
2452 1181 2586 1234 Ant.
2620 1181 2829 1237 Eduxit
2858 1200 2954 1239 eos
2985 1185 3286 1245 Dominus.

1323 1258 1598 1315 Gradalia.
2526 1267 2718 1323 Gloria
2749 1270 2923 1340 Patri,
2958 1277 3014 1328 et
3045 1273 3208 1343 Filio,
3229 1282 3285 1333 et
3315 1279 3553 1352 Spiritui
3586 1290 3807 1355 sancto,
3841 1295 3949 1347 etc.

703 1344 870 1399 Grad.
905 1344 1073 1416 Eripe
1105 1362 1219 1413 me,
1249 1347 1508 1404 Domine.

3074 1382 3346 1440 Cruda-lia.

704 1433 872 1488 Grad.
905 1433 1129 1489 Juravit
1162 1435 1463 1491 Dominus.

2456 1461 2630 1516 Grad.
2663 1463 2745 1518 Tu
2777 1481 2838 1520 es
2869 1465 3021 1522 Deus
3053 1469 3172 1539 qui.

2454 1550 2626 1604 Grad.
2662 1551 2934 1625 Fxsurge,
2969 1555 3232 1613 Domine.

2458 1637 2632 1693 Grad.
2668 1639 2785 1712 Ego
2817 1646 3033 1709 autem,

2456 1724 2628 1780 Grad.
2663 1727 2810 1795 Tibi,
2847 1731 3105 1799 Domine,
3134 1734 3463 1794 derelictus.

3077 1839 3336 1897 Alleluia.

2308 1925 2354 1988 Β
2455 1919 2542 1973 ΑΙ.
2578 1921 2804 1988 Excita,’
2826 1923 3089 1980 Domine.

2451 2007 2540 2062 Al.
2575 2010 2850 2078 Laudate,
2880 2015 3066 2084 pueri.

2451 2096 2538 2151 Al.
2573 2098 2820 2154 Dextera
2849 2101 3103 2158 Domini.

707 1521 874 1576 Grad.
909 1523 1157 1593 Adjutor
1189 1523 1245 1578 in
1278 1541 1371 1596 op.

706 1609 874 1665 Grad.
911 1611 1224 1682 Speciosus
1259 1613 1464 1668 forma.

705 1698 874 1754 Grad.
910 1698 1186 1772 Exsurge,
1222 1701 1478 1758 Domine.

1326 1791 1591 1848 Alleluia.

703 1875 787 1930 ΑΙ.
820 1877 1217 1933 Adducentur.

703 1965 788 2018 Al.
825 1966 1076 2022 Laetatus
1107 1984 1260 2022 sum.

701 2052 784 2108 ΑΙ.
819 2055 1073 2126 Spiritus
1104 2056 1334 2111 Domini
1366 2057 1623 2130 replevit.

702 2142 786 2196 Al.
817 2147 879 2198 In
911 2147 988 2210 te,
1021 2145 1282 2213 Domine,
1317 2149 1559 2218 speravi.

1360 2210 1602 2282 ihrtnrin,
3051 2210 3357 2282 ertoria'

1295 2237 1605 2306 ΟῘΪένίθνία·
2453 2291 2540 2345 0f.
2576 2293 2681 2348 Tui
2717 2300 2856 2350 sunt
2881 2297 3026 2352 coeli.

2451 2381 2537 2434 Ot'.
2574 2383 2750 2438 Terra
2775 2386 3031 2442 tremuit.

2452 2469 2540 2523 0f.
2574 2470 2861 2528 Laztentur
2890 2475 3034 2530 coeli.

703 2320 786 2374 0f.
822 2320 1170 2378 Benedictus
1193 2339 1274 2378 es.

705 2408 786 2464 0f.
820 2410 1066 2482 Sperent
1096 2411 1155 2466 in
1187 2417 1260 2466 te.

705 2497 786 2553 Of.
821 2499 1060 2554 Exsulta
1093 2501 1254 2555 satis.

704 2585 786 2640 Οἵ.
816 2586 1030 2642 Perﬁce
1062 2605 1319 2660 gressus.
2452 2558 2539 2613 0K
2574 2559 2790 2628 [πόδ’
2825 2563 3038 2670 animi}:
3263 2660 3271 2670 .

1233 2679 1412 2732 Comm
1421 2696 1491 2734 un
1501 2683 1586 2736 ίοη
1595 2701 1668 2738 es.
2532 2736 2544 2738 4
2695 2737 2705 2738 ί
2985 2655 3416 2715 σονηθηιιηιοηεε.

2522 2736 2904 2794 Smculorum.
2939 2743 3142 2799 Amen.

2451 2827 2610 2879 Com.
2644 2826 2912 2884 Vidimus
2941 2830 3191 2888 stellam.

2450 2914 2607 2967 Com.
2642 2915 2897 2983 Exsulta,
2931 2919 3070 2975 illia.

2449 3005 2607 3056 Com.
2641 3004 2801 3068 Quod
2832 3006 2961 3062 dico
2992 3009 3173 3065 vobis.

2449 3089 2608 3145 Com.
2645 3091 3005 3150 Erubescant
3027 3101 3083 3152 et
3113 3101 3263 3154 conf.

769 2764 1148 2820 Saeculorum.
1181 2768 1383 2822 Amen.

699 2851 852 2907 Com.
887 2854 1096 2908 Beatus
1129 2872 1348 2911 servus.

699 2941 851 2996 Com.
885 2942 994 3006 Qui
1027 2943 1425 2999 meditabitur.

698 3028 852 3085 Com.
888 3031 1158 3103 Scapulis
1188 3032 1330 3088 suis.

696 3118 849 3172 Com.
883 3119 1094 3174 Passer
1122 3119 1361 3175 invenit.

697 3196 852 3252 Com.
883 3198 1190 3253 Justorum
1216 3200 1444 3256 animae.
2317 3285 2324 3286 γ

1216 3200 1444 3256 anim-
2317 3285 2324 3286 ε
2447 3178 2607 3286 933'?-
2643 3181 3129 3286 Ξὲηιίξξεῖπξρεξιῖεῖς

700 3281 858 3339 Com.
890 3289 1133 3342 Gustate
1163 3292 1218 3343 et
1248 3289 1450 3345 videte.
2299 3285 2340 3350 C
2452 3265 2610 3374 Eom'
2645 3267 3246 3374 leexmi‘iustiﬁf-m-

699 3371 855 3428 Com.
886 3376 996 3443 Tu,
1031 3375 1296 3448 Domine,
1328 3379 1606 3437 servabis.
2451 3353 2610 3459 Eom'
2642 3356 2727 3459 ‘i‘b
2757 3358 2996 3459 00?“.193
3027 3378 3191 3418 ωδε·

699 3459 858 3516 Com.
890 3463 1177 3520 Dominus
1206 3445 1507 3522 virtutum.
2452 3445 2609 3499 Com-
2642 3446 3004 3518 Acceptabis-

699 3548 889 3606 Gloria
917 3553 1096 3620 Patri,
1129 3558 1186 3608 et
1217 3554 1380 3626 Filio,
1412 3561 1468 3612 et
1499 3558 1720 3629 Spirit.,
1754 3566 1864 3617 etc.
2453 3530 2612 3635 Ξοω·
2645 3533 2832 3635 ξαίετν
2867 3553 3000 3593 cum
3033 3557 3242 3597 essem-

1199 3620 1392 3700 Pmmvs
1432 3620 1718 3704 Dwﬁm.’
2452 3620 2611 3676 Com.
2648 3623 2866 3681 Inclina
2895 3643 3115 3684 aurem.

699 3727 908 3791 Quarta
943 3734 999 3785 te
1030 3731 1236 3801 noctis,
1271 3731 1516 3801 Christe,
1549 3735 1745 3808 vigilia
1785 3740 2092 3813 discipulis
2138 3744 2272 3801 dare
2644 3710 2971 3818 ﬂammam"?
3003 3733 3140 3818 ‘1.“‘3.
3161 3722 3267 3775 ὧδ’

633 3811 855 3871 cmleste
885 3817 1149 3874 solamen
1182 3800 1287 3875 nos
1311 3820 1565 3877 humiles
1599 3800 2267 3897 ﬁtentesﬁe‘cantantes,
2451 3801 2607 3902 Eom'
2644 3800 2852 3902 angui
2881 3809 2968 3902 εἶξε
2996 3805 3199 3878 gloria"

632 3897 959 3974 laudantes,
991 3911 1219 3980 tua:un
1253 3926 1462 3965 nomen
1511 3913 1777 3983 potentiae
1828 3933 1933 3971 nos
1981 3924 2272 3990 quaternae
2451 3886 2610 3994 Eom'
2644 3889 2990 3994 f’,e"ed'°,“°'
3019 3911 3244 3994 OPM-

627 3991 733 4044 tuze
761 3995 1104 4070 evangelicae
1134 3999 1288 4054 vocis
1319 3999 1393 4054 da
1419 4016 1765 4072 cognoscere
1795 4006 2114 4062 munimen.
2452 3975 2611 4080 90m“
2644 3977 2930 4080 idem???)
2959 3984 3137 4080 veil)"

766 4066 1148 4141 Saeculorum.
1181 4089 1385 4143 Amen.
1491 4066 1516 4072 ﬁ
1893 4143 1895 4146 ,
2453 4066 2610 4169 Eom-
2645 4066 2835 4169 ΞθῐξξξῘ
2859 4069 3074 4169 iuranti.

695 4170 825 4225 Ant.
862 4172 1045 4246 Prope
1076 4178 1220 4243 esto,
1254 4175 1514 4232 Domine.
2647 4153 2854 4261 Ξφξξίξθ
2880 4155 3124 4261 ξρεξῐίᾶεο

698 4258 830 4312 Ant.
864 4242 993 4317 Nos~
1013 4242 1213 4318 autem,
1235 4263 1492 4336 gloriari.
2453 4243 2620 4349 00,12:
2648 4242 3150 4349 Feci‘lilcimilﬂ'“

698 4347 827 4402 Ant.
861 4349 1090 4418 Judica,
1125 4329 1390 4421 Domine,
1423 4360 1718 4412 nocentes.
2525 4329 2718 4386 Gloria
2751 4332 2926 4401 Patri,
2959 4339 3015 4390 et
3050 4337 3208 4406 Filio:
3243 4345 3354 4396 etc-

698 4436 828 4489 Ant.
866 4437 944 4493 De
970 4441 1437 4498 necessitatibus.
2877 4456 3266 4500 AUTHENTICUS
3303 4464 3528 4504 anrus.

696 4523 828 4579 Ant.
863 4525 1172 4622 Exaudivit
1203 4531 1272 4585 de
1302 4531 1540 4604 templo.
2455 4541 2720 4614 Quinque
2752 4549 2834 4613 tu,
2860 4545 3122 4617 Domine,
3157 4550 3216 4605 in
3249 4552 3458 4609 ccelum
3490 4555 3742 4628 virgines
3783 4563 3838 4614 te
3883 4562 4028 4616 reci-

1423 4597 1442 4604 _
2464 4597 2493 4607 τ
2761 4597 3122 4617 ,,-,_-__----,
3251 4597 3458 4609 ww..."
3620 4597 3742 4614 mw
3787 4597 3838 4614 ,υ
3883 4597 4028 4616 ιο...-

699 4609 760 4665 Ιῑι
792 4613 924 4670 aliis
954 4597 1190 4674 vero’ab
1215 4619 1414 4674 eadem
1439 4620 1655 4676 chorda
1687 4621 2100 4695 insipientibus
2122 4629 2178 4680 et
2201 4628 2269 4682 ad
2309 4647 2353 4712 Β
2386 4644 2520 4700 pere
2550 4631 2824 4703 dignatus
2855 4650 2936 4702 es,
2971 4636 3123 4707 plebi
3156 4642 3266 4692 tuae
3306 4641 3496 4698 verbis
3545 4597 3799 4700 rgvelare
3843 4646 4028 4720 signis

629 4702 889 4760 eamdem
928 4708 1127 4764 statim
1156 4707 1572 4778 relabentibus,
1606 4711 1686 4767 ita
1717 4712 1945 4766 canitur
1976 4729 1987 4766 :
2309 4702 2348 4712 ”
2385 4724 2441 4773 et
2469 4702 2790 4790 ostendere,
2826 4740 3034 4781 sensus
3064 4743 3193 4783 ecce
3225 4732 3474 4798 nostros,
3509 4736 3573 4785 ut
3603 4736 3656 4786 te
3698 4749 4025 4804 precamur,

769 4791 1148 4851 Saeculorum.
1184 4800 1388 4853 Amen.
2386 4806 2650 4878 Domine,
2684 4813 2738 4865 te
2769 4810 3094 4882 disponere.

693 4879 824 4934 Ant.
859 4881 1170 4940 Resurrexi
1201 4889 1260 4941 et
1288 4887 1498 4942 adhuc.
2529 4879 2902 4955 Saeculorum.
2934 4903 3138 4959 Arnen.

696 4967 829 5024 Ant.
865 4971 1286 5030 Reminiscere.
2454 4986 2589 5041 Ant.
2624 4987 2925 5058 Loquebar
2953 4990 3044 5046 de.

696 5057 827 5112 Ant.
864 5059 1265 5119 Misericordia
1296 5063 1546 5120 Domini.
2451 5073 2586 5130 Ant.
2619 5057 2886 5133 Miserere
2915 5078 3050 5148 mei,
3081 5081 3344 5150 Domine,
3379 5083 3652 5156 quoniam
3684 5085 3821 5140 trib.

695 5146 826 5203 Ant.
862 5147 926 5204 In
958 5151 1275 5208 voluntate.
2452 5163 2589 5218 Ant.
2625 5164 2888 5233 Domine,
2922 5146 3240 5240 refugium.

909 5237 1065 5307 Item,
1100 5243 1165 5295 ut
1191 5257 1389 5313 supra.
2457 5251 2592 5307 Ant.
2625 5253 2814 5309 Verba
2844 5271 2974 5311 mea
3003 5237 3264 5314 auribus.

700 5321 830 5377 Ant.
866 5324 1055 5384 Intret
1085 5328 1290 5384 oratio.
2456 5340 2593 5396 Ant.
2629 5341 2868 5409 Exaudi,
2893 5343 3068 5414 Deus,
3100 5347 3439 5404 orationem.

697 5409 828 5466 Ant.
865 5412 1075 5471 Omnis
1105 5419 1278 5473 terra.
2458 5428 2591 5485 Ant.
2625 5430 2778 5486 Deus
2810 5430 2869 5485 in
2901 5431 3025 5489 loco
3054 5409 3279 5492 sancto.

696 5497 830 5554 Ant.
864 5503 1062 5559 Sancti
1094 5504 1199 5572 tui,
1232 5504 1494 5561 Domine.
2529 5517 2911 5576 Saeculorum.
2943 5523 3147 5577 Amen.

697 5584 829 5642 Ant.
863 5589 1068 5647 Scelus
1099 5593 1318 5665 populi.
2453 5605 2590 5662 Ant.
2623 5607 3165 5666 Circumdederunt.

696 5674 826 5734 Ant.
861 5677 1030 5737 Nunc
1061 5679 1202 5739 scio.
2450 5693 2587 5752 Ant.
2620 5696 2854 5768 Laetare,
2884 5696 3231 5759 Jerusalem.
