4868 6420
1407 473 1561 537 “27
2485 447 2872 515 BERNONIS
2913 441 3245 506 ABBATIS
3290 431 3727 502 AUGIENSIS.
4673 405 4804 470 me

1477 611 1607 664 Ant.
1644 602 1910 671 Domine,
1943 599 2002 653 in
2033 602 2136 651 tua
2167 587 2584 648 misericordia.
3079 577 3131 643 Α

1551 692 1748 750 Gloria
1781 688 1956 755 Patri,
1990 691 2045 742 et
2075 683 2236 748 Filio,
2267 684 2374 735 etc.

2105 770 2363 829 Gradalia

1483 853 1660 912 Grad.
1694 853 1880 907 Locus
1910 848 2036 902 iste.

1487 943 1659 1001 Grad.
1692 941 1774 996 Ex
1805 937 1941 994 Sion
1975 931 2214 1006 species.

1486 1031 1659 1089 Grad.
1691 1029 1976 1084 Viderunt
2003 1037 2226 1078 omnes.

1487 1121 1662 1178 Grad.
1697 1115 1985 1189 Propitius
2015 1115 2158 1167 esto.

1488 1209 1661 1267 Grad.
1694 1206 1965 1262 Discerne
1995 1213 2258 1255 causam.

2104 1286 2362 1342 Alleluia.

1484 1367 1572 1427 Al.
1605 1366 1854 1440 Diligam
1884 1368 1960 1419 te.

1483 1457 1572 1516 Al.
1605 1457 1918 1520 Memento,
1949 1448 2214 1506 Domine.

2079 1533 2389 1608 Oﬂ‘erloria.

1487 1619 1577 1676 Of.
1613 1615 1853 1674 Intende
1884 1609 2026 1667 voci.

1489 1709 1579 1764 Of.
1612 1703 1901 1778 Populum
1933 1695 2241 1754 humilem.

1492 1797 1582 1853 Of.
1616 1792 1879 1856 Benedic,
1911 1788 2130 1844 anima.

1494 1886 1582 1942 Of.
1616 1877 2010 1940 Sanctiticavit
2036 1875 2286 1945 Moyses.

2024 1959 2464 2019 Communiones.
3094 1945 3142 2011 Β

1495 2066 1658 2121 Com.
1691 2055 1954 2127 lntellige
1985 2052 2325 2108 clamorem.

1497 2154 1661 2208 Com.
1692 2148 1844 2203 Voce
1876 2160 2004 2200 mea
2033 2141 2106 2198 ad
2138 2136 2475 2194 Dominum.

1497 2243 1657 2298 Com.
1693 2233 2008 2294 Laetabitur
2027 2233 2251 2304 justus.

1497 2332 1659 2388 Com.
1691 2325 1798 2394 Qui
1832 2322 1971 2380 mihi
2006 2317 2321 2376 ministrat.

1495 2419 1657 2476 Com.
1687 2415 1813 2472 Non
1845 2429 1944 2468 vos
1973 2409 2327 2478 relinquam.

1495 2510 1657 2565 Com.
1691 2505 1840 2562 Dicit
1869 2497 2152 2558 Dominus
2188 2513 2200 2549 :
2235 2490 2500 2563 Implete.

1497 2599 1659 2654 Com.
1690 2595 2012 2651 Adversum
2044 2601 2157 2642 me.

1499 2687 1664 2743 Com.
1694 2681 1914 2738 Servitc
1943 2675 2212 2733 Domino.

1505 2775 1667 2830 Com.
1700 2769 1916 2826 Ultimo
1939 2760 2290 2820 festivitatis.

1507 2862 1670 2918 Com.
1699 2859 1908 2914 Justus
1938 2850 2244 2910 Dominus.

1506 2950 1669 3006 Com.
1703 2945 1845 3010 Quis
1875 2942 2039 2998 dabit
2065 2937 2364 2996 Dominus.

1506 3039 1669 3094 Com.
1702 3035 1791 3090 Tu
1822 3027 2139 3088 mandasti.

1505 3128 1668 3183 Com.
1703 3123 1905 3180 Pacem
1938 3134 2129 3176 meam
2160 3116 2254 3171 do.

1507 3217 1670 3272 Com.
1699 3213 1912 3269 Panem
1943 3209 2015 3264 de
2040 3205 2200 3262 cazlo.

3852 553 4112 613 Alleluia.

3235 644 3322 699 Al.
3355 642 3527 697 Dulce
3560 638 3808 708 lignum.

3234 732 3323 789 Al.
3358 729 3598 784 Domine
3632 725 3691 779 in
3723 721 3953 776 virtute.

3234 824 3300 877 A.
3334 820 3457 875 Vox
3486 808 3882 874 exultationis,

3237 1087 3326 1143 Of.
3361 1082 3623 1147 Domine,
3657 1077 4008 1134 convertere.

3237 1176 3325 1230 Of.
3365 1172 3626 1236 Domine,
3649 1168 3709 1222 in
3741 1161 4048 1220 auxilium.

3238 1267 3327 1321 Of.
3360 1260 3612 1319 Justitia:
3648 1252 3904 1310 Domini.

3769 1335 4226 1398 Communium“.

3239 1445 3402 1498 Com.
3436 1435 3658 1494 Pascha
3689 1435 3975 1486 nostrum.

3241 1533 3402 1586 Com.
3435 1528 3525 1582 'I‘u
3557 1541 3618 1579 es
3649 1522 3877 1577 Petrus.

3240 1623 3400 1676 Com.
3431 1615 3577 1670 Dicit
3607 1610 3888 1667 Andreas.

3243 1710 3402 1765 Com.
3438 1705 3599 1760 Mitte
3632 1711 3892 1755 manum.

3245 1798 3412 1852 Com.
3441 1793 3706 1861 Quinque
3738 1783 4074 1859 prudentes.

3243 1887 3405 1940 Com.
3439 1880 3698 1941 Domine,
3732 1874 3864 1946 quis
3896 1865 4232 1927 habitabit?

3245 1977 3407 2029 Com.
3443 1971 3655 2026 Lutum
3690 1964 3840 2019 fecit.

3245 2065 3404 2118 Com.
3441 2060 3580 2114 Ecce
3613 2052 3892 2109 Dominus
3922 2046 4132 2102 veniet.

3251 2153 3411 2205 Com.
3445 2147 3651 2202 Anima
3684 2146 3904 2195 nostra.

3249 2241 3410 2293 Com.
3441 2233 3644 2289 Venite
3677 2233 3809 2303 post
3841 2241 3950 2281 me.

3250 2329 3411 2382 Com.
3447 2324 3508 2378 In
3539 2315 3970 2394 splendoribus.

3251 2420 3387 2473 Com
3425 2413 3643 2468 Dilfusa
3674 2411 3784 2463 est.

3252 2507 3416 2562 Cum.
3449 2501 3554 2566 Qui
3589 2514 3682 2554 me
3713 2495 4006 2566 dignatus.

3253 2596 3412 2650 Com.
3445 2591 3677 2646 Honora
3708 2582 4038 2638 Dominum.

3254 2685 3412 2738 Cum.
3441 2674 3704 2734 Surrexit
3735 2670 4038 2726 Dominus.

3255 2773 3416 2826 Com.
3448 2767 3553 2832 Qui
3583 2761 3916 2820 manducat.

3258 2861 3428 2915 Com.
3463 2852 3737 2916 Posuisti,
3771 2846 4034 2904 Domine.

3399 2944 3593 3001 Gloria
3624 2938 3801 3005 Patri,
3829 2940 3888 2991 et
3916 2931 4078 3000 Filio,
4108 2932 4220 2984 etc.

3627 3037 4002 3086 AUTRBNTICL’S
4035 3029 4402 3076 manuus.

3259 3138 3704 3216 Septemplicem
3729 3139 3783 3189 te
3812 3146 3964 3187 nunc
3985 3138 4221 3200 quoque
4246 3121 4434 3178 nobis
4457 3111 4803 3182 adcendepo-

3188 3203 3432 3294 scimus,
3495 3203 3644 3283 alme
3703 3218 4017 3284 Paraclete,
4073 3217 4286 3268 nostra
4345 3209 4581 3265 mentes
4637 3205 4694 3256 ut
4721 3203 4802 3252 tua

1503 3307 1666 3362 Com.
1697 3301 1835 3358 Dico
1866 3297 2047 3354 vobis.
3107 3311 3150 3362 η
3190 3323 3333 3362 nm“

3107 3311 3150 3378 C
3188 3323 3386 3396 gratiae
3416 3332 3643 3388 semper
3677 3310 3995 3368 exuberent
4018 3302 4269 3376 perfecto
4305 3307 4576 3362 numero,
4609 3299 4805 3364 quoque

1505 3396 1664 3452 Com.
1699 3391 1877 3463 Signa
1907 3403 2029 3444 eos.

1508 3484 1670 3538 Com.
1705 3478 1984 3536 Dominus
2014 3490 2162 3529 mea.

1579 3569 1796 3636 Gloria,
1829 3570 1941 3621 etc.

2069 3646 2264 3686 PLAGIS
2298 3643 2472 3684 TRITI.

1516 3731 1693 3786 Sexta
1720 3731 1858 3794 tuae,
1891 3719 2143 3790 Christe,
2175 3715 2443 3790 potentiae
2483 3707 2798 3783 corporalis
2827 3706 2970 3761 hora
3001 3720 3085 3758 re-

1446 3817 1716 3892 splendet
1744 3815 1962 3878 formze,
1994 3807 2260 3865 Ecclesiae
2311 3805 2484 3860 vitam
2535 3801 2723 3856 tribue
2781 3795 3084 3852 salientem

1449 3885 1614 3982 aqua:
1641 3905 1798 3971 vivae,
1835 3903 2056 3959 fervore
2075 3911 2305 3971 quoque
2332 3893 2511 3968 plena:
2545 3889 2741 3963 gratia:
2763 3885 2912 3941 hanc
2940 3898 3090 3938 sem-

1448 4014 1552 4072 per
1579 3993 1847 4050 accende.

1589 4081 1965 4140 Saeculorum.
1998 4080 2202 4134 Amen.

1519 4177 1655 4230 Ant.
1686 4172 1762 4227 Os
1784 4169 1935 4243 justi
1963 4164 2364 4224 meditabitur.

1517 4265 1654 4319 Ant.
1689 4260 1824 4317 Esto
1865 4257 2011 4314 mihi
2043 4256 2102 4310 in
2129 4254 2336 4310 Deum.

1517 4353 1662 4408 Ant.
1687 4349 1903 4405 Omnes
1934 4349 2158 4420 gentes.

1521 4443 1656 4497 Ant.
1685 4437 1718 4494 J
1725 4436 1842 4494 usti
1874 4433 2207 4508 epulentur.

1522 4531 1657 4586 Ant.
1690 4526 1934 4599 Respice
1965 4524 2026 4580 in
2052 4537 2167 4578 me.

1517 4621 1653 4675 Ant.
1685 4611 2026 4673 Sacerdotes
2049 4609 2174 4682 Dei,
2205 4605 2412 4664 bened.

1521 4709 1658 4766 Ant.
1689 4704 1842 4761 Dicit
1868 4699 2176 4760 Dominus.

1523 4799 1659 4854 Ant;
1685 4793 1952 4851 suum
1984 4790 2118 4848 Deo.

1529 4885 1664 4940 Ant.
1696 4879 1878 4938 Hodie
1908 4877 2128 4935 scietis.

1527 4973 1664 5029 Ant.
1697 4970 1760 5026 In
1791 4967 1986 5025 medio
2015 4963 2308 5021 Ecclesiae.

1527 5063 1663 5117 Ant.
1693 5059 1932 5116 Cantate
1960 5053 2230 5114 Domino.

1533 5152 1664 5206 Ant.
1690 5144 2075 5214 Quasimodo.

1602 5236 1800 5296 Gloria
1827 5233 2003 5302 Patri,
2034 5236 2146 5290 etc.

2155 5311 2446 5376 Gradalia.

1539 5399 1715 5459 Grad.
1751 5397 1884 5456 Fuit
1912 5396 2090 5452 homo
2120 5388 2262 5447 mis;

1534 5490 1710 5549 Grad.
1735 5487 1891 5545 Exiit
1917 5497 2144 5540 sermo-

1534 5579 1712 5640 Grad.
1741 5575 1862 5648 Ego
1892 5571 2012 5628 dixi
2042 5587 2056 5626 :
2089 5559 2374 5626 Domine.

1440 5699 1453 5708 ε
1537 5666 1717 5727 Grad.
1751 5659 1978 5731 Venite,
2011 5657 2140 5716 ﬁlii.

1541 5753 1719 5817 Grad.
1758 5749 2092 5811 Constitues
2122 5760 2252 5807 eos.

3191 3415 3400 3468 nocent
3427 3406 3749 3475 exstingue,
3781 3404 3838 3454 et
3858 3399 4085 3458 cuncta,
4114 3405 4246 3463 quae
4268 3385 4615 3460 proﬁciunt,
4639 3389 4800 3434 accen-

3190 3502 3262 3557 de
3293 3513 3522 3569 semper
3553 3491 3768 3548 amoris
3795 3489 3946 3560 igne.

3369 3583 3747 3641 Sacculorum.
3780 3579 3982 3633 Amen.

3264 3681 3396 3734 Ant.
3431 3669 3687 3744 Pepulus
3717 3668 3880 3722 Sion.

3265 3770 3397 3822 Ant.
3433 3761 3575 3820 Puer
3607 3762 3780 3812 natus
3801 3758 3908 3810 est.

3266 3859 3399 3912 Ant.
3433 3849 3592 3908 Oculi
3627 3846 3737 3902 mei
3771 3856 4021 3914 semper.

3269 3947 3405 4000 Ant.
3433 3944 3597 4012 Aqua
3631 3932 3950 4008 sapientiae.

3271 4037 3402 4090 Ant.
3437 4030 3686 4086 Adorate
3718 4021 4054 4078 Dominum.

3272 4124 3404 4177 Ant.
3439 4116 3636 4174 Gloria
3665 4117 3721 4170 et
3750 4110 3990 4166 honore.

3275 4214 3406 4266 Ant.
3441 4207 3522 4262 Ne
3555 4205 3786 4267 timeas,
3818 4193 4113 4253 Zacharia.

3276 4302 3407 4354 Ant.
3441 4293 3718 4352 Judicant
3748 4285 3933 4344 sancti
3965 4285 4192 4354 gentes.

3279 4390 3410 4444 Ant.
3435 4381 3698 4454 Respice,
3734 4375 3993 4432 Domine.

3278 4478 3412 4531 Ant.
3445 4469 3680 4528 Audivit
3710 4463 4010 4522 Dominus.

3279 4566 3410 4620 Ant.
3435 4560 3518 4616 Ne
3547 4555 3938 4625 derelinquas.

3133 4677 3184 4743 Β
3281 4655 3414 4709 Ant.
3445 4648 3731 4720 Exspecta
3757 4639 4092 4698 Dominum.

3283 4743 3417 4798 Ant.
3447 4735 3570 4792 Viri
3597 4729 3838 4791 Galilaai.

3285 4831 3418 4886 Ant.
3451 4820 3761 4881 Protexisti
3792 4833 3907 4875 me.

3286 4920 3425 4974 Ant.
3454 4912 3682 4978 Venite,
3718 4905 4032 4965 benedicti.

3291 5007 3424 5062 Ant.
3458 5000 3671 5058 Eduxit
3703 4994 4005 5054 Dominus.

3398 5089 3618 5159 Gloria,
3643 5091 3754 5144 etc.

3880 5168 4188 5230 Gradalia.

3292 5270 3470 5330 Grad.
3504 5267 3673 5325 Jacta
3701 5264 4048 5338 cogitatum.

3290 5360 3466 5419 Grad.
3499 5357 3796 5428 Dirigatur
3823 5351 4030 5410 oratio.

3291 5451 3442 5507 Grad
3455 5490 3468 5504 .
3501 5445 3666 5503 Oculi
3697 5441 3983 5500 omnium.

3293 5537 3470 5597 Grad.
3505 5531 3790 5592 Liberasti
3823 5545 3951 5586 nos.

3912 5611 4170 5674 Alleluia

3293 5716 3382 5777 Al.
3413 5712 3638 5774 Pascha
3668 5713 3954 5768 nostrum.
