4868 6426
638 465 818 528 1129

718 596 816 653 ΑΙ.
850 597 1145 656 Exsultate
1176 600 1312 658 Deo.

717 685 813 742 Al.
842 686 1046 742 Venite
1077 689 1458 746 exsultemus.

712 774 811 828 ΑΙ.
845 775 1130 838 Quoniam
1164 783 1314 834 Deus
1345 795 1616 852 magnus.

713 862 808 917 Al.
841 863 1106 933 Domine,
1143 866 1457 939 refugium.

1318 953 1628 1026 Oﬂ'ertoria.

710 1038 808 1094 Of.
843 1039 1115 1096 Precatus
1141 1047 1248 1097 est.

712 1127 809 1183 Of.
843 1128 1310 1186 Conﬁtebuntur.

711 1215 810 1272 Of.
844 1217 1015 1289 Eripe
1048 1235 1142 1274 me
1173 1219 1242 1274 de
1274 1219 1548 1276 inimicis.

1258 1308 1611 1365 Communion
1620 1326 1692 1365 es.

709 1396 879 1449 Com.
912 1395 1094 1450 Dicite
1124 1395 1398 1468 pusillan.

709 1483 879 1538 Com.
915 1483 1076 1540 Tolle
1112 1501 1379 1556 puerum.

706 1570 879 1627 Com.
913 1571 1131 1629 Fidelis
1162 1589 1385 1629 servus.

704 1660 878 1716 Com.
911 1660 1064 1715 Dum
1095 1661 1322 1718 venerit
1346 1662 1698 1719 Paracletus.

705 1753 874 1805 Com.
908 1749 965 1805 Si
999 1751 1534 1807 conresurrexistis.

703 1842 873 1893 Com.
909 1837 1166 1910 Populus
1197 1839 1623 1911 acquisitionis.

701 1927 874 1982 Com.
911 1927 1123 1983 Factus
1154 1933 1242 1983 est
1272 1934 1524 2000 repente.

701 2016 874 2071 Com.
908 2016 990 2071 Ne
1021 2016 1351 2072 tradideris.

699 2108 870 2159 Com.
907 2104 1262 2160 Erubescant
1293 2109 1348 2160 et
1379 2122 1557 2161 rever.

699 2193 872 2248 Com.
906 2193 1023 2264 Ego
1055 2210 1187 2248 sum
1218 2194 1374 2249 vitis.

698 2282 870 2337 Com.
903 2281 1098 2352 Pater,
1122 2281 1170 2337 si
1202 2296 1318 2338 non
1349 2285 1556 2354 potest.

691 2371 866 2442 Gom.
902 2370 1142 2426 Redime
1173 2388 1285 2438 me,
1317 2372 1490 2427 Deus.

695 2459 870 2516 Com.
905 2458 1171 2526 Domine,
1205 2459 1488 2532 quinque.

691 2551 864 2602 Com.
897 2546 1016 2602 Vox
1048 2547 1108 2602 in
1142 2547 1343 2604 Rama.

689 2642 864 2692 Com.
898 2635 1004 2701 Qui
1037 2635 1250 2692 biberit
1279 2652 1512 2709 aquam.

847 2723 1062 2790 Gloria,
1095 2728 1205 2780 etc.

1196 2829 1394 2869 PLAGIS
1431 2829 1732 2869 'I'ETBARDI.

687 2902 862 2968 Octo,
893 2901 985 2974 pie
1019 2918 1136 2967 rex,
1169 2901 1394 2958 Christe
1428 2903 1638 2970 lucide,
1671 2901 2059 2958 beatitudines
2105 2919 2276 2958 evan-

599 2991 824 3065 gelicae
856 2990 1236 3063 gratiaeplebi
1271 2994 1380 3046 tua:
1413 2992 1600 3063 praabe
1633 2992 1920 3064 benignus
1939 2996 1996 3046 et
2021 2990 2275 3047 clemens

600 3079 1052 3152 sempiternam
1085 3079 1440 3150 requiem,et
1473 3081 1659 3135 refove
1681 3079 1804 3134 sine
1837 3080 1946 3134 ﬁde
1978 3080 2275 3135 credentes

597 3171 667 3226 in
701 3175 784 3224 te.

878 3255 1256 3312 Saeculorum.
1290 3259 1493 3312 Amen.

680 3349 831 3403 Ant.
867 3344 928 3399 In
961 3343 1187 3400 excelso
1219 3345 1446 3422 tbrono.

681 3437 832 3489 Ant.
868 3432 1162 3488 Invocavit
1191 3445 1302 3488 me.

681 3526 832 3578 Ant.
867 3521 929 3575 In
960 3521 1173 3576 virtute
1205 3525 1324 3575 tua.

681 3614 832 3667 Ant.
865 3609 1117 3666 Jubilate
1145 3614 1276 3665 Deo.

678 3703 830 3756 Ant.
866 3698 1181 3753 Laetabitur
1197 3699 1420 3769 justus.

677 3791 827 3845 Ant.
863 3786 1148 3842 Dilexisti.

677 3879 828 3933 Ant.
864 3874 1148 3943 Probasti,
1183 3874 1446 3931 Domine.

677 3967 828 4021 Ant.
855 3962 1166 4017 Victricem
1199 3979 1460 4020 manum.

677 4056 825 4110 Ant.
860 4052 1130 4107 Miserere
1162 4052 1297 4118 mei,
1324 4052 1588 4119 Domine,
1617 4051 1755 4124 quia
1781 4052 1849 4108 ad
1883 4056 1938 4106 te

838 4138 1218 4195 Saeculorum.
1248 4141 1453 4196 Amen.

678 4233 826 4286 Ant.
857 4228 943 4283 Ad
970 4230 1027 4283 te
1057 4227 1260 4284 levavi.

683 4321 832 4375 Ant.
870 4317 994 4372 Lux
1026 4316 1292 4388 fulgebit.

680 4409 826 4462 Ant.
862 4405 1193 4460 Introduxit
1221 4420 1343 4460 vos.

682 4499 834 4550 Ant.
870 4493 1145 4565 Spiritus,
1180 4493 1411 4548 Domini
1446 4493 1702 4566 replevit.

681 4587 825 4638 Ant.
861 4581 1127 4649 Domine,
1162 4597 1233 4637 ne
1265 4580 1453 4653 longe.

681 4675 826 4728 Ant.
863 4670 1013 4725 Dum
1047 4670 1325 4727 medium.

874 4758 1092 4828 Gloria,
1125 4763 1232 4815 etc.

1321 4847 1599 4905 Gradalia.

683 4936 869 4995 Grad.
903 4936 1249 4993 Benedictus
1279 4936 1581 4992 Dominus.

686 5026 872 5082 Grad.
908 5023 1146 5097 Propter
1174 5024 1497 5080 veritatem.

687 5114 873 5170 Grad.
908 5112 1252 5168 Beuedicam
1285 5111 1550 5168 Domino.

1316 5201 1575 5257 Alleluia.

685 5290 784 5348 Al.
815 5290 1082 5346 Adorabo
1115 5289 1182 5346 ad
1219 5288 1526 5362 templum.

685 5379 784 5437 Al.
817 5384 972 5437 Deus
992 5380 1178 5452 judex
1199 5379 1422 5450 justus.

685 5469 782 5526 Al.
815 5468 1070 5524 Ostende
1096 5466 1286 5524 nobis.

686 5556 783 5614 Al.
816 5557 1020 5630 Specie
1050 5561 1173 5613 tua.

689 5737 806 5812 (46)
837 5736 990 5806 mel.,
1023 5731 1393 5810 paenitentiae.

954 5860 1218 5919 PATROL.
1266 5857 1497 5921 CXLII.

2152 477 2542 542 TONARIUS
2554 526 2567 539 .

2330 611 2385 678 Α
3089 620 3400 693 Offertoria.

3899 493 3924 554 l
3937 485 4052 555 £30

2485 702 2570 758 0f.
2611 704 2880 763 Miserere
2913 708 3046 763 mei.

2485 793 2572 848 Of.
2605 794 2859 866 Angelus
2889 796 3139 852 Domini.

2483 880 2570 935 0f.
2602 881 2872 952 Posuisti,
2905 884 3166 941 Domine.

2481 968 2568 1023 Of.
2609 971 2866 1040 Domine,
2889 973 3043 1028 Deus
3074 972 3303 1030 salutis.

2480 1056 2567 1112 Of.
2601 1059 2841 1128 Exaudi,
2875 1060 3046 1128 Deus,
3080 1062 3421 1119 orationem.

3008 1168 3441 1226 Communiones.

2550 1270 2924 1327 Smculorum.
2956 1275 3160 1330 Amen.

2475 1358 2637 1412 Com.
2671 1359 2924 1431 Spiritus
2945 1365 3184 1418 sanctus
3213 1363 3460 1419 docebit.

2474 1447 2635 1502 Com.
2664 1447 2927 1506 Christus
2952 1467 3281 1524 resurgens.

2473 1535 2634 1591 Com.
2668 1537 2805 1593 Dico
2837 1542 3033 1594 autem
3063 1540 3247 1596 vobis.

2473 1628 2628 1681 Com.
2659 1625 2925 1682 Circuibo
2947 1631 3005 1683 et
3027 1628 3362 1686 immdlabo.

2472 1716 2630 1768 Com.
2665 1713 2866 1770 Simile
2895 1720 2983 1772 est
3009 1732 3252 1788 regnum
3283 1717 3407 1773 coal.

2471 1801 2631 1857 Com.
2664 1802 2926 1858 Primum
2959 1805 3217 1875 quaerite.

2471 1890 2630 1946 Com.
2667 1891 2922 1947 Introibo
2951 1893 3024 1948 ad
3050 1893 3252 1950 altare.

2317 1972 2364 2036 B
2467 1978 2626 2034 Com.
2661 1979 2896 2051 Oportet
2923 1984 3000 2036 te.

2469 2067 2631 2129 Com.
2665 2067 2844 2123 Nemo
2877 2072 2930 2124 te
2961 2071 3385 2126 condemnavit.

2467 2156 2628 2211 Corn.
2662 2157 2778 2211 Hoc
2807 2174 3037 2230 corpus.

2466 2247 2624 2300 Com.
2656 2245 2836 2300 Video
2866 2246 3058 2303 cmlos.

2464 2336 2622 2388 Corn.
2657 2333 2916 2401 Domine,
2951 2335 3271 2393 memorab.

2463 2421 2624 2476 Com.
2658 2422 2909 2494 Spiritus
2941 2422 3060 2478 ubi.

2463 2509 2622 2565 Com.
2655 2511 2770 2583 Ego
2801 2510 2946 2566 clam
2955 2512 3064 2566 avi.

2460 2598 2620 2654 Com.
2656 2600 3021 2673 Responsum
3048 2601 3284 2672 accepit.

2459 2687 2620 2743 Com.
2656 2688 2881 2745 Lavabo
2909 2688 3061 2744 inter
3091 2689 3459 2752 innocentes._

2458 2776 2617 2832 Com.
2650 2777 2942 2832 Comedite
2968 2777 3226 2850 pinguia.

2431 2864 2616 2934 ,Com.
2649 2865 2766 2937 Ego
2792 2881 2923 2920 sum
2958 2869 3172 2937 pastor.

2527 2952 2740 3020 Gloria,
2774 2957 2883 3009 etc.

2456 3073 2583 3132 Haec
2615 3093 2860 3132 munera
2901 3077 3198 3148 quondam
3249 3078 3387 3134 Sion
3416 3077 3636 3135 animo
3675 3077 4022 3146 exsultante,

2385 3170 2558 3237 prout
2588 3165 2908 3237 potuimus,
2943 3166 3300 3221 concinendo
3332 3167 3806 3239 deprompsimus
3829 3185 3842 3223 :
3869 3182 4024 3222 nunc

2385 3258 2578 3308 autem
2602 3253 2757 3309 velut
2779 3270 2953 3325 super
2969 3253 3212 3309 ﬂumina
3227 3253 3536 3326 Babylonis
3557 3253 4024 3321 sedentes,malis

2303 3334 2347 3398 C
2386 3341 2707 3412 amaricati,
2733 3343 2857 3414 jam
2889 3359 3106 3415 organa
3143 3347 3346 3399 nostra
3381 3342 3818 3416 suspendimus,
3843 3341 4024 3416 laory-

2385 3430 2677 3486 mabiliter
2706 3431 3025 3487 clamantes
3055 3448 3119 3486 ac
3148 3431 3406 3488 dicentes
3439 3449 3452 3486 :
3487 3430 3755 3500 Quomodo
3782 3431 4026 3487 cantabi-

2381 3537 2502 3575 mus
2530 3521 2803 3575 canticum
2833 3521 3058 3576 Domini
3088 3521 3144 3574 in
3178 3524 3326 3577 terra
3353 3522 3572 3577 aliena?
3601 3521 3778 3577 Terra
3805 3519 4023 3592 quippe

2384 3609 2555 3665 nobis
2578 3609 2728 3664 facta
2765 3614 2853 3666 est
2876 3608 3084 3675 aliena,
3117 3610 3592 3682 quandoquidem
3627 3625 3699 3666 ne
3718 3607 3924 3679 vivere,
3950 3624 4024 3665 ne

2383 3697 2574 3753 dicam
2607 3696 3002 3763 cantare,licet
3029 3696 3087 3753 in
3115 3714 3200 3754 ea.
3218 3696 3463 3770 Impleta
3490 3697 3551 3753 in
3581 3697 3752 3754 nobis
3774 3697 4022 3770 prophe-

2381 3785 2484 3856 tia,
2508 3803 2635 3857 quaa
2668 3785 2806 3842 olim
2835 3786 3057 3842 miserae
3088 3802 3154 3842 ac
3183 3785 3397 3842 infelici
3437 3787 3649 3843 Judaei
3695 3785 3891 3842 taliter
3932 3788 4024 3843 est

2380 3875 2782 3930 comminata:
2821 3877 2981 3930 Terra
3035 3883 3212 3931 vestra
3269 3875 3497 3940 deserta,
3529 3877 3775 3932 civitate:
3831 3882 4024 3932 vestra

2379 3964 2507 4033 igne
2533 3977 2824 4030 succensae,
2857 3965 3133 4030 regionem
3160 3971 3391 4018 vestram
3419 3965 3479 4018 in
3523 3971 3805 4034 conspectu
3849 3972 4022 4019 vestro

2379 4052 2556 4106 alieni
2583 4051 2856 4114 devorant,
2879 4055 2932 4106 et
2960 4050 3294 4106 desolabitur
3311 4053 3452 4106 sicut
3479 4053 3539 4106 in
3561 4048 3813 4107 vastitate
3831 4051 4024 4107 hostili

2379 4141 2505 4208 (Isa.
2537 4156 2577 4204 ι,
2608 4140 2684 4207 7).
2717 4141 3005 4210 Propterea
3052 4138 3249 4209 defecit
3293 4139 3557 4208 gaudium
3601 4139 3778 4195 cordis
3823 4140 4019 4207 nostri,

2380 4244 2564 4283 versus
2591 4236 2667 4283 est
2692 4229 2750 4291 in
2780 4227 2984 4282 luctum
3013 4226 3207 4283 chorus
3227 4234 3426 4292 noster,
3441 4227 3632 4283 cecidit
3657 4243 3857 4284 corona
3875 4228 4023 4298 capi-

2382 4319 2453 4372 tis
2482 4317 2658 4372 nostri
2689 4316 2975 4387 (Thren.v,
3002 4315 3111 4386 15),
3139 4315 3222 4371 ita
3241 4319 3305 4370 ut
3333 4315 3759 4388 compellamur
3785 4315 3979 4372 dicere
4003 4332 4017 4372 ε

2389 4410 2488 4462 Vae
2510 4405 2684 4471 nobis,
2717 4406 2848 4476 quia
2876 4403 3564 4475 peccavimus(lbid.,i6);
3597 4407 3656 4460 et
3686 4407 3752 4459 ut
3780 4403 4022 4476 quidam

2383 4494 2622 4566 sapiens
2649 4493 2790 4549 dicit
2813 4510 2826 4548 :
2846 4493 3024 4548 Vacat
3051 4492 3159 4548 hoc
3185 4496 3444 4564 tempore
3475 4491 3811 4564 potentibus
3828 4491 4022 4566 oppri-

2384 4599 2564 4654 mere,
2599 4581 2839 4655 privatis
2870 4581 3127 4654 perdere,
3161 4579 3394 4636 miseris
3423 4580 3578 4636 ﬂere.

2304 4693 2350 4758 Ι)
2458 4673 2568 4727 Sed
2594 4672 2734 4743 quid
2769 4670 2916 4726 inter
2945 4669 3067 4725 haec
3097 4673 3276 4726 restat
3305 4667 4022 4758 agendum,ni'si_utin.illo

2387 4760 2726 4832 prophetico
2755 4758 3068 4824 volumine,
3104 4759 3162 4813 in
3193 4774 3308 4830 quo
3330 4758 3548 4831 scripta
3574 4761 3713 4814 sunt
3741 4756 4023 4814 lamenta-

2383 4846 2593 4914 tiones,
2618 4865 2851 4904 carmen
2884 4849 2941 4902 et
2962 4864 3064 4914 ves,
3098 4847 3191 4902 die
3229 4851 3520 4918 noctuque
3558 4845 3928 4915 meditemur,
3959 4849 4026 4902 ut

2385 4935 2529 4991 dum
2562 4936 2682 4992 ﬁlia
2713 4935 3019 5008 Babylonis
3042 4934 3256 4991 misera
3285 4936 3460 5007 (Psal.
3491 4937 3735 5004 cxxxvx),
3765 4933 3876 4990 hoc
3911 4939 4022 5003 est,

2384 5023 2588 5095 iniqua
2623 5040 2729 5079 nos
2776 5024 3251 5095 persequentium
3305 5023 3618 5079 multitudo
3673 5022 4028 5080 retribuente

2386 5111 2636 5167 Domino
2666 5113 2901 5183 recipiet
2932 5112 3392 5180 retributionem,
3416 5128 3594 5184 quam
3628 5111 3895 5168 retribuit
3923 5128 4026 5168 no-

2384 5197 2478 5254 bis
2510 5200 2716 5271 (lbid.),
2749 5199 2970 5255 scilicet
2997 5217 3077 5253 vm
3109 5216 3382 5271 perenne,
3407 5217 3514 5256 nos
3537 5215 3640 5272 per
3667 5200 4030 5256 lamentatio-

2383 5303 2489 5342 nes
2522 5289 2729 5360 dignas
2761 5287 3032 5359 potentiae
3064 5288 3179 5358 (46)
3207 5304 3407 5344 verum
3435 5305 3767 5344 mereamur
3795 5292 4028 5344 cantare

2381 5391 2617 5431 carmen
2650 5376 2880 5442 laetitiae,
2915 5375 3374 5447 suffragantibus
3406 5376 3690 5449 Principis
3738 5374 4024 5449 apostolo-

2381 5477 2514 5519 rum
2538 5464 2782 5532 meritis,
2814 5463 2983 5535 cujus
3011 5477 3207 5519 amore
3236 5462 3724 5531 tuis,beatissime
3755 5465 3938 5528 Pater,
3962 5462 4024 5518 in

2381 5547 2490 5608 hoc
2521 5568 2691 5626 opere
2721 5551 3056 5609 studuimus
3089 5551 3392 5626 praeceptis
3423 5550 3677 5609 obedire.

3627 5847 3712 5908 36
