4868 6444
680 498 836 562 1133

1645 504 1748 565 DE
1789 504 2031 570 VARIA
2077 501 2364 566 PSALM.
2410 504 2511 564 ET
2553 503 2785 566 CANT.
2827 504 3122 569 MODUL.

3920 508 4077 572 1134

680 638 845 691 sexta
872 634 1074 705 editio,
1103 636 1174 692 de
1205 653 1320 709 qua
1340 637 1546 692 beatus
1568 635 1954 708 Hieronymus
1979 652 1992 691 :
2020 657 2047 685 «
2068 633 2325 701 Illud,in-
2354 635 2406 702 Α
2436 640 2568 709 post
2597 637 2787 708 prima
2814 637 3099 694 elementa
3117 637 3308 694 solent
3327 637 3548 696 discere
3568 640 3927 712 psalmorum
3954 658 4073 698 car-

679 725 1091 798 quit,breviter
1118 725 1496 792 admoneo,ut
1526 723 1725 780 sciatis
1757 724 1930 779 aliam
1969 740 2095 780 esse
2123 723 2323 779 editio—

675 831 1021 887 nem,quam
1053 813 1331 887 Origenes
1362 818 1419 869 et
1447 813 1765 871 Casariens
1786 812 2074 868 Eusebius
2100 830 2326 867 omnes-

676 919 798 976 que
864 902 1093 959 Gracia
1160 906 1440 959 tractores
1489 916 1656 970 Κοινη,
1689 902 1748 957 id
1805 906 1894 957 est
1946 904 2324 974 Communem

675 990 977 1065 appellant
997 995 1174 1063 atque
1192 990 1504 1064 Vulgatam
1524 1008 1537 1058 ;
1559 990 1733 1046 aliam
1754 990 1892 1044 LXX
1913 990 2322 1060 lnterpretum,

672 1098 809 1153 qua
841 1080 900 1134 in
934 1087 1157 1147 ἑξαπλοις
1201 1079 1499 1135 codicibus
1547 1079 1850 1151 reperitur,
1898 1082 1956 1133 et
1984 1095 2018 1132 a
2048 1076 2215 1132 nobis
2264 1077 2323 1131 in

670 1169 951 1225 Latinum
985 1184 1315 1223 sermonem
1347 1166 1596 1222 ﬁdeliter
1618 1184 1784 1222 versa
1812 1170 1919 1233 est,
1952 1169 2008 1220 et
2035 1165 2093 1220 in
2126 1165 2322 1221 Hiero-

671 1256 919 1329 solyma
950 1260 1124 1327 atque
1155 1255 1213 1310 in
1243 1255 1491 1311 Orientis
1519 1254 1792 1310 Ecclesiis
1823 1255 2179 1309 decantatur.
2198 1276 2224 1302 »
2259 1254 2325 1308 Et

666 1345 856 1419 paulo
886 1349 1017 1417 post
1045 1344 1257 1400 iterum
1306 1344 1480 1400 infert
1514 1361 1526 1399 :
1558 1367 1587 1394 «
1620 1343 1772 1399 sicut
1819 1348 2009 1399 autem
2058 1342 2119 1397 in
2166 1343 2322 1398 Novo

667 1433 1129 1504 Testamento,si
1160 1434 1392 1505 quando
1421 1433 1577 1505 apud
1608 1433 1844 1487 Latinos
1875 1430 2116 1503 quaestio
2139 1431 2322 1486 exori-

664 1526 858 1591 tur,et
888 1526 976 1579 est
1006 1522 1159 1578 inter
1182 1521 1535 1594 exemplaria
1553 1519 2229 1593 varietas,concurrimus
2252 1521 2322 1574 ad

664 1612 903 1667 fontem
933 1610 1113 1666 Graci
1144 1609 1452 1675 sermonis,
1487 1627 1599 1682 quo
1651 1626 1864 1664 novum
1910 1608 2192 1679 scriptum
2236 1612 2325 1663 est

661 1699 1135 1754 instrumentum
1160 1716 1173 1766 ;
1199 1697 1278 1753 ita
1299 1698 1356 1752 in
1388 1697 1577 1752 Veteri
1610 1695 2056 1759 'l‘estamento,si
2089 1696 2321 1767 quando

659 1789 829 1843 inter
844 1787 1070 1843 Gracos
1088 1786 1440 1857 Latinosque
1458 1785 1761 1840 diversitas
1778 1785 1959 1851 est,ad
1980 1783 2321 1839 Hebraicam

659 1875 1052 1948 confugimus
1081 1874 1478 1938 veritatem,ut
1498 1872 1783 1945 quidquid
1811 1872 1879 1927 de
1913 1872 2068 1927 fonte
2101 1872 2323 1943 profici-

658 1966 882 2029 scitur,
914 1964 1021 2019 boc
1053 1979 1383 2035 quaramus
1413 1962 1471 2017 in
1516 1960 1737 2017 rivulis.
1773 1974 1919 2028 Κοινη
1951 1964 2145 2015 autem
2188 1960 2318 2028 ista,

656 2054 786 2109 hoc
817 2057 908 2108 est
936 2050 1276 2108 Communis
1309 2050 1506 2114 editio,
1526 2050 1656 2123 ipsa
1683 2055 1772 2105 est
1802 2066 1929 2121 qua
1961 2054 2016 2104 et
2048 2049 2318 2119 LXX,sed

657 2142 786 2197 hoc
817 2140 1060 2196 interest
1107 2140 1258 2195 inter
1306 2144 1635 2211 utramque,
1669 2140 1822 2210 quod
1855 2163 1994 2205 κοινη
2026 2154 2128 2209 pro
2178 2137 2320 2193 locis

654 2235 727 2287 et
759 2229 1149 2302 temporibus,
1179 2233 1236 2284 et
1266 2245 1368 2300 pro
1404 2227 1698 2282 voluntate
1745 2226 2095 2299 scriptorum
2142 2226 2320 2281 Vetus

656 2323 956 2392 corrupta
1007 2318 1183 2373 editio
1241 2321 1361 2385 est;
1394 2333 1462 2372 ea
1520 2320 1735 2381 autem,
1787 2332 1914 2387 qua
1963 2315 2210 2369 habetur
2259 2313 2318 2368 in

653 2415 920 2477 ἑξαπλοις,
947 2411 1003 2462 et
1033 2422 1208 2478 quam
1269 2422 1376 2460 nos
1430 2404 1732 2471 vertimus,
1758 2403 1886 2475 ipsa
1941 2408 2028 2458 est
2083 2419 2210 2473 qua
2260 2403 2319 2457 in

648 2497 1037 2554 eruditorum
1070 2494 1235 2550 libris
1276 2493 1611 2566 incorrupta
1658 2496 1714 2546 et
1761 2490 2134 2547 immaculata
2182 2491 2321 2545 LXX

2422 725 2914 799 .mina,imprimis
2945 727 3157 799 incipio
3187 728 3488 783 exordium
3510 745 3749 785 sumens
3770 747 3805 785 a
3822 734 4066 789 timore:
4122 770 4131 777 κ

2437 813 2575 883 quia
2603 815 2831 869 initium
2866 816 3160 886 sapientiae
3201 816 3366 872 timor
3408 818 3637 873 Domini
3678 825 3758 874 est
3783 818 3947 891 (Psal.
3978 838 4068 890 cx,

2435 901 2545 971 10),
2581 905 2647 956 ut
2677 919 2778 972 per
2808 903 3078 958 timorem
3127 903 3536 975 perveniamus
3583 906 3655 962 ad
3704 905 4068 976 charitatem,

2433 1004 2558 1060 quae
2581 991 2821 1060 per/ecta
2848 993 2999 1063 foras
3025 993 3199 1048 mittit
3226 994 3476 1049 timorem
3507 994 3559 1067 (Ι
3580 995 3737 1050 Joan.
3764 1013 3839 1064 Iv,
3873 996 3985 1065 18).
4003 997 4074 1052 Et

2434 1093 2549 1131 non
2583 1077 2771 1133 solum
2802 1079 2859 1135 in
2894 1084 3295 1147 cantu,verum
3325 1081 3499 1137 etiam
3532 1082 3591 1137 in
3642 1081 3775 1139 aliis
3823 1083 4071 1156 quibus-

2434 1166 2568 1221 dam
2593 1166 2753 1235 locis,
2787 1168 2884 1223 ubi
2934 1172 3133 1223 nostra
3173 1173 3229 1224 et
3273 1170 3536 1227 Romana
3581 1170 3847 1227 editioin
3878 1173 4071 1230 verbis

2431 1253 2759 1326 discrepare
2787 1256 3074 1323 videntur,
3106 1260 3305 1313 notare
3335 1259 3597 1315 nitimur.

2504 1343 2702 1414 Itaque
2728 1344 3083 1416 ‘antiphonas
3114 1345 3202 1401 vel
3231 1347 3691 1415 communiones,
3724 1365 3873 1421 qua,
3897 1349 4071 1421 juxta

2433 1428 2761 1485 Romanum
2794 1431 3138 1488 Psalterium
3169 1438 3494 1491 canuntur:
3518 1435 3725 1492 Servite
3744 1437 3977 1494 Domino
4008 1439 4069 1493 in

2432 1519 2643 1586 timore,
2674 1527 2725 1574 et
2745 1522 3012 1576 exsultate
3040 1522 3093 1577 ei
3122 1539 3244 1578 cum
3271 1532 3519 1592 tremore,
3544 1541 3650 1580 nos
3671 1525 3840 1596 juxta
3868 1542 4067 1582 emen-

2433 1606 2727 1662 dationem
2759 1608 2911 1663 beati
2941 1609 3272 1684 Hieronymi
3302 1612 3568 1669 canimus
3593 1631 3606 1668 :
3627 1616 3703 1668 Et
3720 1615 3988 1677 pexsultate
4015 1616 4071 1670 ei
4082 1682 4085 1689 ,

2431 1695 2493 1748 in
2522 1702 2770 1751 tremore.
2809 1700 2873 1751 In
2904 1699 3074 1753 tertio
3106 1699 3350 1770 psalmo,
3384 1700 3483 1756 ubi
3531 1699 3617 1755 illi
3661 1705 3881 1757 canunt
3914 1718 3927 1756 :
3956 1706 4069 1772 Ego

2431 1782 2667 1837 dormivi
2692 1792 2743 1839 et
2768 1800 3035 1840 sommum
3063 1788 3208 1858 cepi;
3242 1804 3348 1843 nos
3381 1806 3394 1843 :
3427 1789 3533 1859 Ego
3562 1788 3798 1846 dormivi
3824 1797 3877 1846 et
3910 1806 4068 1863 sopo-

2380 1892 2386 1901 -
2429 1879 2584 1925 ratus
2614 1888 2750 1927 sum.
2784 1872 2847 1928 In
2875 1879 3080 1945 quarto
3112 1874 3358 1946 psalmo,
3392 1876 3491 1932 ubi
3524 1876 3609 1931 illi
3639 1881 3897 1935 canunt:
3933 1879 4068 1935 Cum

2430 1960 2735 2015 invocarem
2766 1968 2834 2027 te,
2867 1968 2919 2016 et
2952 1963 3228 2018 exaudisti
3268 1980 3354 2019 me
3401 1968 3582 2032 Deus;
3612 1982 3718 2022 nos
3767 1965 4017 2023 dicimus
4050 1984 4065 2024 :

2432 2048 2565 2102 Cum
2614 2049 2939 2115 invocarem,
2973 2051 3254 2107 exaudivit
3302 2069 3390 2107 me
3445 2052 3583 2108 Deus
3621 2054 3863 2125 justitiae
3905 2070 4063 2113 meae.

2429 2136 2589 2200 Quod
2620 2153 2752 2192 vero
2784 2155 2816 2193 a
2848 2138 3039 2209 prima
3081 2156 3331 2211 persona
3379 2140 3574 2197 subito
3616 2143 3829 2199 transit
3869 2144 3941 2200 ad
3975 2160 4069 2200 se-

2427 2225 2678 2279 cundam
2710 2225 2789 2280 ita
2814 2226 3013 2281 dicens
3045 2244 3058 2281 :
3092 2228 3154 2282 In
3203 2228 3559 2285 tribulatione
3603 2228 3860 2288 dilatasti
3900 2232 4062 2300 mihi,

2429 2329 2587 2367 more
2618 2313 2880 2368 omnium
2912 2313 3325 2386 prophetarum
3351 2317 3450 2384 ait,
3469 2318 3568 2388 qui
3595 2317 3784 2375 solent
3801 2324 4067 2393 tempora

2428 2405 2483 2455 et
2514 2417 2792 2472 personas
2823 2402 3145 2474 saepissime
3176 2408 3506 2475 permutare
3535 2410 3592 2462 et
3621 2406 3862 2463 rationis
3908 2410 4065 2465 ordi-

2429 2504 2559 2543 nem
2592 2488 2690 2543 tali
2727 2491 2897 2545 modo
2928 2490 3252 2548 observare.

2501 2577 2562 2631 In
2589 2578 2793 2649 quinto
2825 2578 3051 2650 psalmo
3085 2596 3098 2635 :
3134 2582 3327 2650 Dirige
3358 2584 3417 2637 in
3454 2587 3735 2655 conspectu
3781 2592 3873 2641 tuo
3920 2587 4067 2642 viam

2428 2681 2635 2733 meam;
2670 2667 2844 2738 quod,
2878 2671 2943 2722 ut
2970 2668 3034 2722 A.
3069 2667 3452 2742 Hieronymus
3486 2670 3646 2739 dicit,
3677 2689 3782 2728 nec
3810 2672 3933 2729 LXX
3960 2674 4064 2731 ha-

2427 2754 2585 2819 bent,
2616 2771 2720 2809 nec
2748 2755 3091 2827 Aquila,nec
3119 2758 3524 2830 Symmachus,
3547 2776 3651 2815 nec
3681 2760 4063 2833 Theodotion,

2428 2842 2527 2896 sed
2560 2842 2681 2897 sola
2711 2852 2862 2911 Κοινη
2893 2844 3068 2899 editio
3089 2844 3729 2919 habet.Denique,sicut
3748 2848 3807 2904 in
3829 2849 4064 2908 Hebrao

2428 2927 2711 3000 scriptum
2741 2935 2849 2998 est,
2882 2948 3084 2988 omnes
3113 2950 3251 2990 voce
3283 2934 3460 2991 simili
3492 2937 3953 2996 transtulerunt:
3975 2941 4067 2996 Di-

2425 3019 2543 3086 rige
2573 3020 2630 3072 in
2669 3028 2948 3091 conspectu
2992 3038 3110 3077 meo
3154 3024 3303 3078 viam
3343 3031 3513 3092 tuam,
3544 3027 3869 3083 secundum
3918 3027 4064 3085 illud

2427 3106 2581 3176 quod
2628 3106 2688 3161 in
2736 3108 2957 3163 ratione
3006 3109 3309 3167 Dominica
3360 3112 3576 3168 dicitur
3608 3131 3621 3169 :
3653 3116 3819 3172 Pater
3862 3125 4062 3186 noster,

744 3206 800 3259 4.
840 3204 994 3260 Inter
1038 3206 1245 3258 catera
1287 3218 1355 3257 ex
1401 3201 1710 3257 emendata
1756 3200 1890 3255 LXX
1934 3200 2317 3270 lnterpretum
2426 3195 2523 3265 qui
2549 3211 2603 3250 es
2628 3197 2685 3250 in
2715 3198 2879 3262 caelis,
2910 3199 3275 3270 sanctiﬁcetur
3319 3215 3515 3257 nomen
3563 3209 3750 3271 tuum;
3784 3220 3899 3260 non
3946 3221 4062 3277 quo

642 3292 1064 3353 translatione
1096 3290 1439 3347 Psalterium
1470 3306 1539 3345 ex
1560 3290 1753 3345 Graco
1776 3290 1835 3343 in
1858 3289 2127 3344 Latinum
2152 3285 2320 3342 vertit
2366 3362 2383 3365 _
2429 3282 2596 3339 nobis
2626 3279 2927 3341 orantibus
2949 3287 3346 3344 sanetificetur
3366 3289 3424 3344 in
3446 3289 3615 3345 nobis
3637 3308 3654 3344 :
3676 3307 3813 3365 ergo
3833 3296 3889 3348 et
3907 3309 4064 3349 nunc

638 3382 944 3453 illudque
973 3380 1329 3436 cantandum
1361 3378 1634 3434 omnibus
1656 3375 1854 3447 Gallia
1878 3393 1943 3432 ac
1967 3375 2317 3448 quibusdam
2352 3362 2394 3425 C
2434 3371 2720 3444 PrOpheta
2748 3374 3022 3445 postulat,
3055 3378 3119 3430 ut
3146 3375 3239 3432 via
3266 3376 3521 3445 Domini,
3542 3394 3668 3449 qua
3688 3362 3792 3451 per
3819 3396 3881 3436 se
3910 3385 4067 3437 recta

642 3468 1006 3528 Germania
1038 3466 1309 3523 Ecclesiis
1342 3465 1610 3532 tradidit;
1634 3470 1689 3521 et
1717 3466 1789 3521 ob
1822 3465 1930 3519 hoc
1961 3463 2323 3521 Gallicanum
2431 3464 2539 3525 est,
2574 3461 2748 3517 etiam
2780 3462 2889 3518 sibi
2917 3468 3072 3519 recta
3100 3464 3219 3521 fiat.

645 3556 1032 3618 Psalterium
1068 3553 1381 3628 appellant,
1416 3553 1695 3610 Romanis
1742 3553 1932 3609 adhuc
1958 3571 2024 3608 ex
2053 3554 2326 3623 corrupta
2502 3551 2567 3603 In
2601 3554 2758 3606 sexto
2789 3550 3142 3622 psalmo,ubi
3174 3551 3257 3629 illi
3285 3558 3537 3612 canunt:
3564 3558 3885 3626 Domine,ne
3905 3560 3966 3615 in
3986 3560 4072 3615 ira

640 3647 934 3719 Vulgata
962 3645 1213 3701 editione
1244 3644 1586 3699 Psalterium
1618 3642 2059 3712 canentibus,ex
2080 3658 2197 3712 qua
2220 3641 2327 3694 Ro-
2433 3644 2528 3692 tua
2552 3654 2751 3709 arguas
2777 3655 2882 3706 me,
2910 3656 3081 3712 neque
3109 3643 3174 3697 in
3201 3644 3390 3713 furore
3417 3651 3507 3701 tuo
3534 3648 3799 3721 corripias
3821 3663 3936 3717 me;
3968 3665 4073 3703 nos

640 3735 844 3797 mani
876 3737 1111 3790 cantum
1139 3735 1596 3805 composuerunt
1637 3731 1921 3801 nobisque
1969 3744 2142 3786 usum
2191 3744 2324 3783 can-
2435 3726 2702 3781 canimus
2736 3744 2748 3782 :
2782 3729 3024 3798 Domine,
3056 3746 3125 3784 ne
3157 3732 3215 3785 in
3243 3732 3429 3801 furore
3451 3736 3543 3788 tuo
3568 3751 3771 3803 arguas
3793 3751 4076 3807 me,neque

640 3824 850 3886 tandi
882 3820 1547 3879 contradiderunt.Unde
1577 3819 1786 3875 accidit
1815 3820 1967 3891 quod
1998 3818 2325 3889 verba,qua
2435 3815 2495 3868 in
2528 3815 2614 3869 ira
2646 3818 2738 3870 tua
2768 3817 3035 3887 corripias
3067 3834 3168 3873 me.
3195 3822 3336 3874 Item
3364 3836 3377 3874 :
3402 3820 3737 3888 Convertere,
3770 3826 4075 3892 Domine,et

643 3918 733 3973 in
764 3911 999 3968 diurnis
1018 3909 1107 3966 vel
1130 3910 1187 3965 in
1211 3908 1510 3964 nocturnis
1529 3906 1737 3964 officiis
1757 3906 2000 3963 canendi
2023 3922 2184 3961 more
2204 3922 2326 3960 mo-
2434 3902 2585 3973 eripe
2612 3905 2857 3958 animam
2881 3921 3096 3972 meam;
3128 3923 3234 3961 nos
3263 3907 3516 3963 dicimus
3550 3927 3563 3964 :
3596 3909 3933 3979 Convertere,
3962 3914 4074 3968 Do-

642 3998 1505 4067 dulantur,intermisceantur
1518 4000 1575 4052 et
1589 3998 1826 4051 confuse
1849 3994 2064 4050 nostris
2086 3991 2329 4065 psalmis
2436 3991 2605 4057 mine,
2640 3993 2787 4062 eripe
2815 3993 3061 4047 animam
3090 4011 3284 4050 meam.
3318 3995 3381 4050 In
3412 3996 3682 4068 septimo,
3713 3997 3814 4053 ubi
3857 3998 3939 4053 illi
3972 4016 4072 4056 ca-

642 4090 1113 4154 inserantur,ut
1143 4103 1177 4141 a
1205 4084 1402 4141 minus
1432 4083 1634 4157 peritis
1662 4083 1817 4139 haud
1851 4082 2016 4138 facile
2046 4081 2231 4154 possit
2250 4079 2331 4135 di-
2436 4080 2585 4132 nunt
2612 4095 2625 4133 :
2657 4080 2926 4150 Exsurge,
2953 4081 3179 4137 Domine
3210 4087 3356 4137 Deus
3383 4081 3625 4150 nieus,in
3638 4090 3946 4157 praecepto;
3965 4103 4073 4143 nos

648 4176 880 4239 scemi
914 4175 1053 4248 quid
1087 4177 1298 4230 nostra
1328 4172 1418 4232 vel
1451 4173 1722 4228 Romana
1753 4170 2052 4227 conveniat
2067 4168 2325 4225 editioni.
2436 4164 2687 4222 dicimus
2721 4183 2734 4220 :
2765 4175 2818 4222 et
2843 4184 3088 4239 exsurge,
3122 4172 3370 4227 Domine.

648 4265 855 4337 Quod
883 4264 1015 4337 pius
1042 4266 1205 4335 pater
1234 4278 1299 4317 ac
1328 4260 1551 4334 peritus
1593 4260 1890 4333 magister,
1924 4259 2331 4331 Hieronymus,
2507 4255 2573 4308 In
2604 4257 2802 4309 octavo
2829 4254 3054 4327 psalmo
3088 4274 3101 4311 :
3142 4257 3296 4313 Video
3325 4258 3482 4314 calas
3506 4267 3646 4328 tuos,
3673 4278 3789 4317 non
3827 4261 4077 4318 habetur

649 4356 1075 4421 intuens,tres
1104 4351 1388 4407 editiones
1410 4348 1470 4405 in
1502 4366 1618 4405 uno
1642 4348 1942 4404 volumine
1969 4346 2330 4420 composuit:
2438 4342 2498 4397 in
2530 4342 2744 4408 Graeco,
2797 4344 2897 4398 sed
2946 4344 3006 4399 in
3053 4344 3289 4401 Hebrao
3338 4345 3552 4419 tegitur
3589 4357 3761 4435 Tum
3787 4349 4072 4421 Samecha,

646 4443 1060 4505 Gallicanum
1090 4438 1456 4509 Psalterium,
1490 4438 1643 4510 quod
1675 4454 1782 4493 nos
1810 4435 2333 4504 canimus,ordina-
2440 4430 2595 4502 quod
2626 4429 3044 4503 interpretatur
3071 4434 3233 4489 caelos
3261 4442 3399 4499 tuos,
3432 4439 3489 4490 et
3517 4437 3587 4492 de
3615 4429 3872 4495 editione
3898 4439 4081 4495 Theo-

647 4536 772 4594 vit
800 4532 863 4587 in
898 4547 1016 4586 una
1045 4528 1339 4596 columna,
1373 4528 1433 4582 in
1466 4526 1649 4583 altera
1692 4526 2040 4593 Romanum,
2076 4523 2135 4579 in
2164 4524 2336 4580 tertia
2443 4518 2694 4574 dotionis
2741 4518 2800 4574 in
2846 4520 2985 4575 LXX
3032 4522 3450 4594 lnterpretibus
3497 4525 3761 4581 additum
3821 4532 3912 4583 est
3966 4527 4078 4583 sub

652 4619 1097 4683 Hebraum.Et
1127 4617 1459 4688 ubicunque
1489 4614 1706 4687 aliquid
1736 4615 1795 4669 in
1818 4617 2013 4669 nostro
2036 4612 2339 4685 interposi-
2442 4607 2716 4663 asterisco
2859 4608 2963 4663 Ubi
2990 4609 3231 4665 Romani
3260 4615 3479 4667 canunt
3510 4629 3524 4667 :
3560 4613 3677 4668 Tibi
3702 4616 3851 4670 enim
3877 4615 4080 4672 dereli-

653 4721 822 4771 tum
857 4713 947 4765 est
970 4708 1128 4780 quod
1158 4706 1218 4762 in
1247 4705 1486 4761 Hebrao
1515 4721 1629 4760 non
1662 4702 1926 4770 habetur,
1943 4701 2128 4768 obelo,
2159 4700 2218 4755 id
2250 4705 2338 4756 est
2367 4723 2412 4786 D
2441 4704 2558 4751 ctus

2159 4700 2218 4755 id
2250 4705 2338 4756 est
2367 4723 2412 4786 Ι)
2441 4704 2558 4751 ctus
2587 4700 2666 4786 est
2682 4713 2899 4786 pauper
2930 4714 2942 4752 :
2966 4698 3180 4769 pupillo
3209 4703 3267 4753 tu
3294 4701 3404 4755 eris
3442 4700 3692 4771 adjutor;
3725 4718 3833 4760 nos
3881 4703 4079 4759 relicto

652 4816 856 4865 veru,
888 4796 1086 4852 taliter
1115 4811 1248 4851 cum
1280 4793 1389 4849 hoc
1415 4793 1582 4866 signo
1614 4791 1833 4847 notavit
1858 4797 1912 4855 ἐκ
1949 4808 1963 4857 ;
1996 4790 2095 4844 ubi
2115 4806 2246 4845 vero
2269 4806 2337 4845 ex
2369 4785 2382 4786 ί
2444 4786 2592 4839 enim
2634 4785 2888 4841 dicimus
2921 4803 2934 4841 :
2969 4787 3086 4841 Tibi
3130 4786 3415 4844 derelictus
3455 4797 3533 4844 est
3576 4806 3808 4862 pauper,
3839 4792 4082 4864 orphano

657 4888 937 4950 Hebrao
968 4883 1187 4956 aliquid
1221 4882 1463 4948 addidit,
1497 4898 1629 4936 cum
1661 4879 1928 4947 asterico,
1958 4878 2015 4933 id
2048 4882 2136 4934 est
2173 4877 2341 4933 stella
2448 4881 2504 4928 tu
2537 4874 2645 4927 eris
2676 4873 2909 4945 adjutor.
2944 4874 3007 4929 In
3037 4874 3134 4930 illo
3164 4875 3389 4947 psalmo
3415 4894 3427 4932 :
3449 4878 3604 4933 Dixit
3623 4880 4083 4952 insipiensﬁnito

661 4989 739 5044 ἒξ
767 5020 784 5044 ,
811 4976 923 5030 hoc
948 4973 1120 5029 modo
1150 4971 1483 5027 illucescere
1514 4968 1668 5024 fecit.
2238 5009 2243 5013 .
2446 4977 2616 5016 versu
2651 4977 2665 5017 :
2697 4962 2888 5016 Omnes
2926 4962 3353 5032 declinaverunt,
3398 4969 3516 5022 tres
3563 4966 3663 5039 qui
3707 4973 4037 5040 sequuntur
4067 4984 4082 5024 :

656 5025 725 5058 ﬁ
1307 5025 1546 5115 summi
1603 5055 1876 5126 doctoris,
1913 5054 2045 5110 licet
2102 5054 2344 5110 scientia
2450 5051 2771 5121 Sepulcrum
2798 5060 2985 5122 patens
3013 5059 3121 5116 est;
3149 5025 3403 5109 contritio
3448 5062 3499 5109 et
3544 5025 3866 5127 infelicitas,
3899 5073 4087 5130 usque

665 5152 957 5216 multum
989 5148 1248 5215 inferior,
1281 5152 1478 5220 utpote
1507 5146 1606 5218 qui
1638 5145 1697 5200 in
1734 5146 1863 5215 ejus
1912 5142 2342 5215 comparatione
2450 5155 2558 5194 non
2589 5142 2665 5195 est
2695 5141 2859 5195 timor
2886 5141 2981 5194 Dei
3007 5149 3134 5196 ante
3161 5142 3339 5197 oculos
3366 5144 3646 5211 eorum,in
3679 5144 3949 5201 hebraico
3972 5161 4086 5201 non

662 5260 806 5307 nec
834 5241 1098 5313 linguam
1135 5254 1228 5293 me
1255 5236 1468 5293 habere
1498 5238 1717 5307 putem,
1745 5233 1965 5311 alonge
1992 5230 2234 5305 vestigia
2261 5248 2347 5287 se-
2452 5225 2759 5293 habentur,
2791 5226 2892 5281 sed
2922 5243 2956 5281 a
2987 5227 3155 5282 beato
3187 5227 3519 5285 Hieronimo
3547 5230 3619 5285 de
3649 5231 3842 5287 Graco
3874 5231 3932 5287 in
3954 5247 4092 5287 nos-

663 5347 892 5410 quens
921 5308 1124 5385 vestra
1155 5324 1479 5381 dilectionis
1509 5340 1687 5379 causa
1706 5308 1877 5393 cupio
1897 5319 2115 5392 aliquid
2139 5320 2350 5375 discer—
2457 5318 2607 5410 tram
2637 5313 3078 5370 translationem
3107 5314 3433 5388 interpositi
3464 5322 3622 5374 sunt.

664 5400 839 5484 ﬁere
872 5418 1014 5490 quid
1058 5416 1120 5470 in
1169 5411 1524 5486 antiphonis,
1556 5409 1940 5482 responsoriis
1986 5407 2349 5480 gradalibus,
2480 5488 2489 5490 ξ
2529 5400 2617 5455 llli
2646 5418 2667 5490 7:
2701 5402 2921 5457 Custodi
2945 5419 3053 5469 me,
3083 5403 3324 5472 Domine,
3356 5413 3415 5461 ut
3438 5407 3714 5477 pupillam
3741 5406 3910 5471 oculi,
3943 5422 4088 5462 nos:

665 5488 1036 5575 afferendis,
1059 5500 1594 5567 communionibus,
1619 5497 1974 5555 modulando
2003 5494 2350 5567 psallamus,
2460 5488 2684 5545 Custodi
2708 5506 2795 5544 me
2818 5498 2878 5545 ut
2900 5491 3174 5562 pupillam
3204 5493 3367 5548 oculi.
3390 5494 3498 5548 Sed
3531 5494 3630 5547 ubi
3659 5494 3844 5566 ipsius
3879 5491 4092 5564 psalmi

669 5597 845 5676 quid
881 5594 940 5649 in
971 5589 1248 5648 Ecclesiis
1279 5588 1549 5676 distincte
1581 5586 1932 5676 proferendo
1963 5584 2247 5676 dicamus.
2282 5584 2354 5640 Et
2457 5577 2634 5676 verba
2660 5594 2774 5676 non
2806 5579 3265 5676 praecedit-uanae
3296 5581 3754 5676 subsequuntur,
3784 5595 3895 5676 non
3927 5578 4093 5676 obest

664 5662 844 5766 cinia
875 5698 1053 5738 sensu
1087 5694 1220 5734 sum
1243 5674 1779 5751 parvulus,ingenio
1810 5673 2095 5739 tardus,et
2114 5670 2161 5726 si
2184 5676 2353 5730 atate
2462 5666 2511 5722 si
2542 5667 2602 5723 in
2634 5666 2754 5723 solo
2804 5683 2971 5721 versu
3020 5665 3272 5722 dicimus
3308 5685 3320 5724 :
3350 5671 3614 5737 Exsurge,
3658 5666 3910 5766 Domini;
3942 5662 4091 5757 sicut

662 5747 1210 5869 ﬁrovectusmenio
1234 5747 1355 5837 jam
1390 5747 1668 5836 defectus,
1701 5778 1859 5819 more
1889 5775 2220 5837 puerorum,
2255 5760 2354 5839 qui
2464 5757 2522 5814 in
2554 5755 2652 5814 illo
2691 5772 2861 5815 versu
2896 5773 2908 5813 :
2940 5754 3165 5813 Salvum
3209 5758 3301 5829 [ac
3339 5755 3599 5830 populum
3644 5758 3817 5816 tuum,
3844 5747 4086 5820 Domine,

648 2589 1070 2656 Interpretum
1102 2582 1482 2638 translatione
1526 2585 1808 2637 servatur.
1842 2580 2133 2651 Quidquid
2184 2595 2319 2652 ergo

647 2675 743 2731 ab
775 2673 890 2729 hac
921 2672 1234 2743 discrepat,
1269 2670 1411 2725 nulli
1446 2669 1690 2727 dubium
1724 2672 1811 2724 est
1840 2668 1980 2740 quin
2034 2669 2115 2723 ita
2162 2672 2217 2723 et
2247 2668 2318 2722 ab

645 2763 1049 2820 Hebraeorum
1082 2759 1421 2816 auctoritate
1452 2758 1762 2813 discordet.
1792 2780 1817 2804 η
1850 2757 2159 2827 Hucusque
2188 2754 2317 2810 Hie-

645 2866 978 2923 ronymus.
1009 2848 1113 2904 Hic
1144 2847 1277 2903 talis
1307 2864 1372 2902 ac
1398 2851 1599 2902 tantus
1629 2845 1938 2917 aliquando
1970 2845 2040 2899 ad
2064 2842 2317 2898 tribunal

644 2939 877 2997 aeterni
908 2937 1135 2994 Judicis
1178 2939 1404 3009 raptus,
1439 2935 1539 2990 ubi
1570 2934 1765 2989 divina
1812 2933 2203 3005 increpatione
2232 2936 2321 2987 est

642 3026 1039 3095 admonitus,
1072 3029 1138 3081 ut
1167 3025 1381 3081 studiis
1431 3023 1642 3079 divinis
1692 3023 1987 3079 insisteret
2023 3026 2074 3076 et
2108 3025 2317 3075 sancta

644 3115 945 3175 Ecclesia
972 3114 1206 3170 utilitati
1233 3112 1564 3169 deserviret.
