3886 6400
250 465 404 533 uss
1329 439 1721 528 unum)le
1765 460 2092 526 sensus
2135 457 2569 522 AUGIENSIS.

248 609 299 654 et
317 598 537 654 bene/lic
551 595 866 653 haereditati
881 601 996 653 tusc
1013 617 1032 664 ;
1051 603 1314 654 nostrum
1337 597 1682 653 Psalterium
1703 595 1895 652 habet:
1929 596 1984 665 Α
2013 593 2072 649 in
2101 592 2355 650 secundo
2387 589 2667 658 autem,id
2699 593 2788 644 est
2819 589 2876 644 in
2909 588 3026 647 ﬁne
3055 585 3246 659 ipsius
3275 583 3493 658 psalmi
3522 599 3540 640 :
3575 581 3676 646 Sa-

249 686 474 741 Salvum
495 688 586 756 fac
608 686 876 758 populum
902 690 956 742 et
995 685 1220 742 benedic
1265 685 1584 744 lurredilati
1629 694 1759 742 litae.
1793 682 1900 739 Ubi
2011 681 2190 737 tutare
2213 681 2398 735 vultus
2426 678 2536 732 mei
2559 685 2612 734 et
2655 678 2795 732 Deus
2841 691 3017 743 meus,
3051 675 3134 731 ita
3180 675 3488 740 duntaxat,
3523 676 3593 730 ut
3620 674 3684 735 et;

254 773 337 829 illi
365 776 585 832 canunt
619 791 632 829 :
663 777 776 846 Ego
827 782 1012 830 autem
1069 791 1194 830 cum
1237 776 1461 848 justitia
1521 761 1790 846 apparebo
1843 775 1904 829 in
2011 767 2341 841 conjunctio
2371 767 2443 822 de
2473 766 2708 822 Hebraeo
2737 769 2795 822 et
2822 762 3226 822 Theodotione
3274 763 3387 818 sub
3419 760 3696 818 astet-ica

253 868 539 934 conspectu
583 870 714 928 tuo;
735 865 996 931 satiabor,
1044 863 1176 919 dum
1224 865 1675 936 mani/estabitur
1721 863 1906 932 gloria
2030 851 2116 930 ἥ
2139 857 2402 914 additum
2433 856 2530 910 sit.
2557 855 2618 910 In
2651 854 2890 910 eodem:
2924 853 3377 926 Exprobaverunt
3407 851 3558 906 mihi
3582 848 3689 922 qui

257 955 389 1018 tua;
420 963 526 1006 nos
559 948 810 1010 dicimus
843 970 856 1008 :
887 954 996 1024 Ego
1043 961 1224 1008 autem
1271 954 1330 1008 in.
1367 953 1593 1024 justitia
1639 950 1906 1022 apparebo
2015 946 2289 1003 tribulant
2313 962 2398 1000 me
2427 945 2645 999 inimici
2672 944 2806 1009 mei,
2838 941 2996 1014 quod
3046 941 3206 1014 apud
3227 941 3528 996 Romanos
3561 953 3684 994 non

255 1039 566 1111 conspectui
594 1043 724 1106 tuo;
748 1042 1014 1112 satiabor,
1045 1058 1169 1096 cum
1197 1043 1518 1112 apparuerit
1561 1040 1744 1110 gloria
1788 1047 1901 1096 tua.
2017 1035 2288 1102 habetur,
2319 1033 2418 1090 sed
2451 1032 2508 1087 in
2544 1032 2782 1088 Hebrmo
2821 1031 3081 1103 positum
3127 1033 3217 1086 est
3250 1029 3694 1102 :‘Exprobrave‘4

331 1131 396 1184 In
427 1125 655 1200 psalmo
692 1145 807 1185 xvu
842 1145 855 1184 :
889 1130 1018 1186 Prae
1069 1130 1287 1202 fulgore
1343 1131 1402 1184 in
1458 1137 1738 1200 conspectu
1793 1129 1910 1199 ejus
2017 1132 2150 1182 runt
2167 1123 2310 1180 mihi
2335 1122 2510 1178 hostes
2541 1123 2672 1177 mei.
3619 1157 3624 1162 -

259 1217 429 1272 nubes
453 1216 815 1284 transierunt,
849 1217 990 1272 dicit
1019 1218 1082 1273 B.
1108 1217 1490 1274 Cassiodorus
1515 1235 1528 1273 :
1553 1234 1666 1272 non
1692 1222 1782 1272 est
1803 1216 1913 1272 ista
2093 1214 2157 1268 ln
2191 1210 2418 1284 psalmo
2448 1226 2584 1266 mu
2629 1209 2954 1266 secundum
3004 1207 3336 1267 Romanum
3389 1203 3696 1286 scripturi

259 1321 464 1361 versus
509 1304 678 1361 facile
723 1306 1142 1362 transeundus.
1174 1307 1304 1362 Prae
1346 1306 1560 1378 fulgore
1609 1323 1726 1364 una
1777 1322 1912 1378 pars
2021 1305 2112 1358 est
2143 1317 2156 1354 :
2191 1302 2255 1355 Et
2282 1315 2393 1354 non
2438 1297 2754 1369 egredieris,
2785 1299 2946 1364 Deus,
2986 1297 3044 1354 in
3091 1297 3392 1353 virtutibus
3439 1296 3697 1366 nostris;

263 1393 544 1456 orationis
573 1398 684 1462 est,
716 1394 774 1450 id
815 1398 904 1451 est
951 1393 1348 1450 nominativus
1391 1393 1656 1468 pluralis,
1689 1398 1746 1449 et
1792 1410 1912 1450 res-
2024 1390 2126 1447 sed
2156 1390 2296 1445 Deus
2323 1387 2402 1444 ibi
2435 1385 2800 1458 superﬂuum
2831 1384 3089 1442 est.ltem
3113 1383 3173 1442 in
3199 1385 3404 1442 eodem
3428 1381 3700 1457 psalmo,

264 1484 483 1556 pondet
511 1483 583 1540 ad
612 1485 822 1555 nubes,-
854 1483 1042 1539 nubes
1073 1487 1292 1548 autem,
1317 1484 1468 1539 sicut
1497 1482 1768 1555 superius
1800 1481 1917 1540 dic-
2026 1495 2162 1534 cum
2190 1477 2248 1532 in
2281 1479 2457 1534 cantu
2490 1481 2546 1531 et
2577 1474 2636 1529 in
2667 1491 2835 1530 versu
2869 1472 3196 1546 psallamus
3230 1490 3244 1530 :
3277 1473 3552 1542 Exsurge,
3584 1474 3702 1530 Da-

264 1577 392 1628 tum
420 1570 946 1646 est,praedicatores
969 1571 1146 1628 divini
1171 1570 1328 1627 verbi
1361 1571 1722 1644 intelligendi
1757 1575 1915 1626 sunt.
2024 1568 2196 1633 mine,
2229 1565 2433 1647 adjuva
2461 1580 2580 1630 nos,
2612 1570 2663 1620 et
2692 1563 2867 1620 libera
2894 1578 2992 1619 nos
3020 1571 3241 1636 propter
3267 1577 3465 1618 nomen
3488 1569 3663 1618 tuum
3681 1579 3708 1632 ς,

264 1661 330 1716 In
360 1660 590 1744 psalmo
620 1678 758 1718 xvui
792 1677 806 1716 :
839 1662 1150 1718 Exsultavit
1179 1665 1240 1716 ut
1275 1663 1428 1733 gigas
1476 1659 1546 1716 ad
1591 1659 1920 1717 currendum
2029 1655 2353 1712 secundum
2376 1653 2690 1709 editionem
2713 1655 2974 1709 nostram
2999 1650 3370 1708 solummodo
3390 1650 3700 1712 dicimus:

266 1740 638 1819 viam'suam;
673 1767 777 1806 nec
807 1749 867 1806 in
899 1749 1117 1821 Grzsco,
1151 1765 1255 1805 nec
1288 1749 1343 1803 in
1386 1749 1625 1804 Hebrzeo
1675 1749 1923 1805 habetur
2030 1746 2296 1815 Exsurge,
2348 1743 2547 1816 adjuva
2593 1758 2690 1798 nos
2734 1749 2787 1799 et
2831 1740 3036 1801 redime
3072 1756 3171 1796 nos
3215 1748 3438 1814 propter
3487 1755 3704 1798 nomen

267 1854 444 1908 suam,
479 1839 578 1896 sed
611 1855 645 1894 a
673 1839 844 1896 beato
871 1838 1222 1912 Hieronymo
1253 1837 1364 1895 sub
1394 1855 1554 1905 veru,
1588 1838 1644 1893 id
1695 1843 1782 1893 est
1821 1837 1922 1894 tali
2033 1843 2209 1890 tuum.
2263 1831 2369 1888 Uhi
2426 1830 2672 1887 Romani
2729 1833 2968 1886 cantant
2999 1846 3013 1885 :
3046 1828 3336 1902 Adjuvabit
3388 1843 3516 1884 eam
3546 1834 3710 1888 Dan

271 1926 440 2001 signo
468 1934 524 1996 ξ·
571 1927 834 1983 additum
869 1932 976 1984 est.
1005 1927 1068 1982 In
1113 1927 1339 1993 eodem,
1374 1926 1471 1982 ubi
1523 1925 1602 1982 illi
1653 1931 1873 1982 canunt
1905 1944 1919 1982 :
1957 1961 2004 2026 Β
2032 1923 2190 1979 vultu
2218 1937 2336 1986 suo,
2366 1922 2504 1976 Deus
2531 1921 2592 1976 in
2619 1918 2796 1976 medio
2825 1919 2944 1992 ejus
2972 1934 3084 1974 non
3107 1918 3574 2026 commovebitur;
3589 1934 3710 1976 nos

272 2017 384 2070 Lex
411 2017 633 2076 Domini
663 2016 1178 2089 irreprehensibilis,
1215 2017 1458 2084 nos,Le.c
1485 2015 1706 2071 Domini
1735 2016 1926 2073 immae
1958 2005 2004 2026 ”
2035 2010 2286 2066 dicimus
2319 2028 2332 2066 :
2368 2007 2659 2080 Adjuvabil
2689 2024 2808 2062 eam
2853 2009 2993 2064 Deus
3037 2023 3200 2069 mane
3245 2005 3516 2062 diluculo.
3554 2005 3656 2066 Illi
3689 2025 3708 2064 :

273 2103 477 2160 calata.
2033 2099 2283 2156 Ascendit
2319 2103 2464 2154 Deus
2505 2099 2565 2152 iu
2592 2096 2967 2169 jubilatione;
2991 2111 3099 2150 nos
3133 2112 3146 2150 :
3181 2093 3434 2152 Ascendit
3459 2095 3610 2151 Deus
3644 2097 3712 2152 in

348 2192 410 2248 In
445 2191 545 2248 illa
591 2192 885 2250 offerenda
917 2209 931 2248 :
963 2194 1204 2250 Justilizc
1250 2194 1472 2249 Domini
1521 2201 1686 2250 rectze
1729 2192 1925 2264 la’tiﬁ-
2025 2189 2226 2264 jubilo.
2257 2186 2346 2243 llli
2381 2204 2394 2244 :
2425 2187 2583 2243 Sicut
2627 2184 2963 2254 audivimus,
3011 2185 3091 2241 ita
3137 2187 3190 2240 et
3232 2183 3510 2253 vidimus;
3540 2199 3705 2242 nos:

275 2289 456 2336 cantes
483 2282 666 2351 corda,
700 2282 839 2355 quia
867 2282 1082 2338 desunt
1115 2281 1211 2338 illa
1241 2283 1434 2350 verba,
1464 2300 1592 2356 qua:
1623 2282 1682 2337 in
1717 2282 1928 2339 Psalte-
2036 2280 2191 2335 Sicut
2218 2275 2554 2340 audivimus,
2585 2276 2668 2330 sic
2695 2273 2950 2330 vidimus.

277 2369 363 2425 rio
395 2369 584 2444 posita
613 2375 771 2440 sunt,
805 2388 993 2446 usque
1018 2371 1076 2427 in
1108 2371 1274 2427 illum
1315 2371 1507 2428 locum
1542 2388 1554 2428 :
1589 2373 1652 2428 Et
1679 2371 1928 2428 dulciora
2106 2366 2166 2422 1n
2213 2363 2440 2438 psalmo
2487 2380 2656 2420 XLVIII
2704 2361 2800 2419 ille
2855 2361 3179 2418 versiculus
3213 2378 3226 2418 :
3258 2363 3426 2419 Homo
3478 2377 3616 2422 eum
3643 2361 3712 2424 ει

276 2473 441 2531 super
479 2460 587 2516 mel
635 2467 688 2516 et
732 2463 962 2533 favum;
993 2460 1207 2517 rectius
1265 2477 1610 2516 cancrcmus
1644 2479 1656 2516 :
1688 2462 1931 2518 Iustitiae
2038 2457 2240 2512 honore
2261 2463 2396 2512 esset
2419 2453 2510 2510 bis
2559 2453 2788 2526 positus
2835 2455 2943 2518 est,
2977 2455 3035 2507 et
3075 2450 3136 2506 in
3187 2450 3380 2524 priore
3429 2449 3708 2514 additam

279 2545 512 2603 Domini
539 2555 706 2602 recte:
741 2545 1093 2620 lwtiﬁcantes
1120 2547 1294 2606 corda
1320 2557 1376 2603 et
1399 2539 1714 2609 dulciores
1758 2565 1934 2618 super
2041 2546 2214 2602 habet
2243 2552 2294 2599 et
2323 2541 2814 2614 conjunctionem,
2850 2544 2918 2596 ut
2949 2555 2962 2595 :
2988 2541 3054 2597 Et
3078 2539 3235 2598 homo
3261 2555 3388 2596 cum
3413 2542 3475 2595 in
3496 2541 3711 2601 lic-nare

283 2637 394 2690 mel
422 2639 478 2690 et
505 2635 724 2706 favum.
761 2635 824 2692 In
854 2633 955 2692 illo
989 2640 1198 2703 tractu,
1233 2636 1330 2690 ubi
1382 2635 1625 2692 Romani
1663 2641 1880 2692 canunt
1914 2654 1928 2694 :
2040 2641 2208 2700 esset;
2244 2632 2301 2686 in
2333 2630 2448 2686 fine
2495 2628 2964 2702 conjunctionem
3019 2644 3135 2684 non
3185 2627 3384 2695 habet,
3416 2629 3524 2687 scd
3575 2630 3670 2692 ita
3693 2645 3714 2688 :

285 2725 712 2782 Annuntiabant
736 2725 860 2780 cadi
875 2723 1167 2796 jusliliam
1197 2728 1342 2796 eius,
1371 2742 1476 2780 nos
1501 2726 1628 2780 caeli
1649 2743 1763 2782 non
1797 2726 1934 2782 diri-
2041 2723 2208 2779 Homo
2258 2737 2384 2776 cum
2433 2720 2494 2774 in
2546 2719 2748 2774 honore
2797 2723 2954 2774 esset.
2988 2715 3076 2772 Illi
3109 2733 3122 2772 :
3157 2716 3353 2774 Invoea
3399 2733 3486 2775 me
3524 2719 3583 2774 in
3617 2717 3718 2782 die

288 2813 550 2882 mus,scd
581 2813 848 2868 canimus
875 2831 887 2870 :
915 2815 1342 2870 Annuntiabunt
1357 2814 1649 2885 justitiam
1674 2815 1933 2886 ejus.Ubi
2043 2809 2420 2868 tribulationis
2449 2816 2581 2874 tuae,
2612 2807 2850 2878 eripiam
2878 2814 3004 2874 te,et
3028 2806 3412 2877 magniﬁcabis
3439 2823 3564 2876 me;
3595 2824 3714 2868 nos

287 2901 532 2957 Romani
566 2906 784 2958 canunt
815 2919 827 2958 :
864 2907 933 2960 Et
957 2905 1223 2974 poculum
1255 2913 1418 2960 tuum
1451 2905 1744 2961 inebrians
1763 2921 1936 2977 quam
2043 2906 2240 2957 autem
2277 2915 2290 2954 :
2318 2900 2384 2954 Et
2409 2899 2600 2954 invoca
2631 2912 2716 2952 me
2757 2897 2817 2952 in
2863 2895 2953 2952 die
2997 2895 3396 2964 tribulationis,
3428 2903 3481 2954 et
3509 2912 3713 2955 auum

287 2991 639 3060 praclarum
669 2999 752 3048 est
769 2999 788 3049 !
818 2996 1019 3048 nostra
1049 2992 1225 3050 editio
1256 2993 1469 3050 habet:
1497 2997 1563 3052 Et
1592 2993 1757 3052 calix
1776 3010 1937 3052 meus
2045 2995 2114 3058 te,
2147 2992 2200 3044 et
2229 2986 2612 3059 honoriﬁcabis
2640 3001 2743 3042 me.

286 3077 582 3136 inebrians
627 3097 796 3154 quam
842 3084 1162 3152 pra‘clarus
1217 3090 1318 3138 est.
1371 3079 1616 3138 Romani
1671 3087 1934 3141 canunt:
2117 3079 2179 3134 In
2215 3075 2710 3150 quinquagesimo
2742 3074 2970 3146 psalmo
2999 3072 3234 3130 illorum
3264 3073 3444 3131 editio
3473 3073 3664 3134 habet
3693 3090 3718 3132 ξ

290 3159 430 3224 Via:
449 3175 598 3238 tuas,
622 3171 876 3242 Domine,
909 3181 1074 3228 nam;
1097 3173 1196 3247 [αιτ
1247 3172 1410 3239 mini,
1444 3181 1497 3228 et
1527 3173 1762 3228 semitas
1808 3180 1938 3230 tuas
2045 3167 2298 3239 Amplius
2328 3166 2452 3226 lava
2479 3180 2566 3220 me
2593 3165 2662 3220 ab
2700 3163 2975 3234 injustitia
3023 3179 3166 3231 mea,
3197 3171 3252 3218 et
3279 3180 3313 3218 a
3337 3161 3540 3220 delicto
3584 3179 3714 3220 meo

287 3258 426 3315 doce
451 3272 579 3326 me;
609 3276 716 3316 nos
745 3278 877 3317 vcro
911 3277 924 3316 :
965 3261 1100 3318 Vias
1143 3269 1274 3318 tuas
1315 3262 1646 3318 demonstra
1692 3261 1856 3330 mihi,
1883 3269 1940 3318 et
1989 3328 2013 3330 A7
2046 3255 2253 3314 munda
2282 3271 2403 3323 me;
2433 3257 2634 3310 nostra
2664 3269 2796 3309 vero
2831 3252 3125 3324 :Amplius
3168 3252 3292 3310 lava
3335 3269 3424 3308 me
3470 3253 3546 3308 ub
3590 3254 3716 3310 ini-

283 3348 524 3405 semitas
553 3357 684 3406 tuas
709 3350 847 3407 doce
877 3367 984 3406 me.
1021 3351 1083 3412 In
1126 3347 1227 3405 illo
1271 3349 1519 3422 psalmo,
1553 3350 1654 3408 ubi
1699 3349 1795 3406 isti
1842 3328 1937 3406 ca-
1973 3328 2016 3394 C
2046 3347 2254 3418 quitate
2285 3359 2424 3409 mea,
2457 3349 2508 3398 et
2535 3359 2569 3397 a
2594 3349 2814 3414 peccato
2841 3357 2958 3396 meo
2985 3339 3194 3402 munda
3219 3357 3327 3400 me.
3364 3338 3470 3403 llla
3499 3357 3515 3397 :
3551 3345 3712 3416 Quo-

288 3439 436 3491 nunt
465 3453 478 3492 :
511 3438 744 3494 Exaudi
770 3439 1027 3506 Doniine,
1059 3455 1250 3496 vocem
1278 3455 1488 3504 meam,
1519 3447 1633 3512 qua"
1681 3437 1941 3496 clamavi
2045 3436 2201 3490 niam
2239 3433 2591 3505 iniquitatem
2635 3446 2816 3488 meam
2861 3445 3112 3500 agnosco,
3139 3437 3190 3486 et
3213 3429 3474 3486 delictum
3519 3447 3714 3488 meum

287 3524 375 3580 ad
403 3534 458 3580 te
477 3543 494 3602 ξ
515 3526 622 3582 tibi
650 3526 805 3586 dixit
835 3543 938 3582 eor
962 3525 1191 3582 meum':
1225 3515 1471 3596 Quasivi
1500 3527 1720 3584 vultum
1748 3533 1936 3596 tuum,
2045 3540 2229 3580 coram
2256 3537 2342 3578 me
2371 3528 2448 3577 est
2473 3535 2714 3592 semper;
2748 3522 2948 3576 nostra
2976 3535 3111 3574 vero
3144 3535 3158 3576 :
3191 3517 3466 3590 Quoniam
3492 3519 3712 3592 iniqui.-

288 3613 506 3670 vuttum
537 3622 721 3694 tuum,
745 3613 998 3682 Domine,
1030 3614 1468 3686 reqtllram.N09
1497 3619 1692 3670 autem
1715 3631 1726 3670 :
1747 3617 1938 3673 Exau-
2048 3618 2214 3670 tatem
2240 3628 2420 3670 meam
2447 3627 2544 3680 ego
2574 3625 2852 3678 cognosco,
2882 3616 2936 3666 et
2957 3616 3236 3680 peccatum
3280 3624 3467 3664 meum
3512 3617 3721 3668 contra

291 3701 830 3770 di,Domine,vocem
859 3718 1071 3770 meam,
1091 3705 1208 3776 qua
1235 3702 1504 3770 clamavi,
1527 3703 1631 3760 tibi
1659 3704 1812 3760 dixit
1841 3721 1941 3761 cor
2045 3719 2134 3760 me
2160 3711 2236 3760 est
2262 3717 2488 3774 semper.
2519 3699 2624 3756 Illa
2654 3717 2668 3755 :
2704 3699 2833 3754 Ecce
2861 3699 3011 3754 enim
3041 3699 3102 3753 in
3150 3697 3543 3770 iniquitatibus
3572 3714 3708 3758 con-

291 3788 482 3846 mrum
508 3805 520 3846 :
553 3789 867 3862 Exquisivit
892 3790 1077 3863 facies
1107 3807 1236 3848 mea
1247 3791 1472 3862 ,faeiem
1493 3793 1938 3864 tuam,Domine,
2045 3795 2229 3866 ceptus
2254 3808 2395 3858 sum,
2427 3797 2478 3846 et
2502 3791 2560 3854 in
2589 3787 2804 3844 delictis
2827 3788 3043 3860 peperit
3070 3802 3157 3843 me
3182 3791 3360 3844 mater
3387 3802 3545 3856 mea;
3574 3803 3712 3846 nos-

292 3878 683 3954 reqttiramJn
713 3877 813 3935 illa
843 3879 1137 3936 offerenda
1167 3897 1180 3935 :
1213 3885 1282 3938 In
1311 3887 1369 3936 te
1395 3881 1650 3950 speravi,
1679 3882 1934 3952 Domine,
2046 3886 2138 3938 tra
2170 3898 2183 3938 :
2213 3882 2346 3937 Ecce
2373 3881 2522 3935 enim
2550 3879 2611 3933 in
2639 3876 3026 3949 iniquitatibus
3070 3879 3358 3950 conceptus
3381 3892 3526 3942 sum,
3559 3883 3612 3932 et
3644 3878 3717 3934 ἰη-

285 3967 456 4026 dixi:
489 3971 574 4026 Tu
621 3985 680 4025 es
724 3969 871 4028 Deus
915 3985 1096 4041 meus,
1125 3971 1184 4026 in
1235 3970 1502 4026 manibus
1529 3971 1644 4028 luis
1671 3976 1938 4042 tempora
2040 3971 2277 4044 peccatis
2306 3969 2548 4041 concepit
2575 3983 2661 4024 me
2705 3969 2884 4024 mater
2929 3980 3070 4022 mea.
3106 3965 3248 4022 Item
3293 3963 3430 4020 illa:
3465 3965 3710 4025 Doceam

285 4075 457 4136 mea;
485 4073 590 4114 nos
621 4073 726 4132 pro
773 4075 840 4115 eo
888 4059 1042 4132 quod
1093 4064 1230 4118 sunt
1279 4069 1563 4134 tempora,
1594 4059 1882 4117 habemus
1917 4078 1931 4117 :
2044 4061 2260 4132 iniquos
2281 4061 2399 4118 vias
2428 4066 2582 4116 tuas:
2617 4059 2820 4112 nostra
2853 4071 2988 4112 vero
3022 4071 3035 4110 :
3067 4053 3270 4112 Docebo
3316 4054 3536 4126 iniquas
3584 4055 3714 4114 vias

285 4148 476 4205 Sortes
503 4148 735 4204 meaeln
766 4143 866 4204 illo
900 4147 1400 4221 psalmo:Conver.
1422 4166 1488 4206 us
1503 4167 1627 4208 sum
1645 4150 1934 4208 inserum-
2044 4157 2183 4206 tuas.
2217 4147 2308 4204 Illi
2343 4148 2512 4220 juxta
2559 4145 2738 4202 ﬁnem
2782 4143 2997 4217 psalmi
3045 4147 3267 4204 canunt
3299 4159 3314 4200 :
3346 4142 3712 4215 Sacriﬁcium

283 4253 360 4294 na
387 4237 602 4310 mea,in
635 4237 830 4295 Graeco
854 4255 981 4295 mea
1002 4255 1115 4294 non
1143 4237 1517 4306 habetur,sed
1541 4256 1610 4296 ex
1629 4239 1932 4304 Hebraico,
2042 4239 2148 4299 Deo
2170 4238 2402 4310 spiritus
2427 4234 2848 4301 contribulatus,
2880 4249 2974 4290 cor
3020 4235 3319 4290 contritum
3351 4239 3404 4288 et
3430 4232 3706 4291 humilia-

283 4331 340 4383 et
367 4327 439 4385 de
469 4325 852 4384 translatione
882 4327 1300 4384 Theodotionis
1319 4328 1432 4384 sub
1457 4327 1821 4395 asterisco,id
1845 4333 1947 4386 est-
2042 4336 2180 4394 tum,
2208 4327 2365 4392 Deus,
2397 4341 2508 4380 non
2537 4324 2780 4396 spernit;
2815 4339 2922 4378 nos
2951 4325 3145 4380 autem
3173 4337 3187 4376 :
3214 4320 3565 4399 Sacriﬁcium
3591 4322 3706 4378 Deo

283 4415 524 4486 stellam
557 4459 572 4486 ,
607 4416 871 4473 additum
905 4419 1012 4473 est.
2039 4417 2269 4488 spiritus
2299 4411 2718 4477 contribulatus,
2749 4427 2842 4466 cor
2879 4411 3179 4468 contritum
3222 4413 3278 4468 et
3313 4410 3716 4481 humiliatus“,

356 4505 417 4560 In
449 4503 553 4565 illa
571 4504 893 4582 antiphona
908 4505 992 4562 vel
1013 4505 1552 4573 communione,uhi
1573 4503 1654 4561 illi
1674 4507 1889 4562 canunt
1915 4523 1929 4562 :
2040 4505 2198 4572 Deus,
2226 4519 2338 4559 non
2365 4501 2644 4573 despicies.
3595 4579 3600 4584 δ
3637 4551 3642 4554 .

282 4595 806 4670 ϐαηιιιι,1ι’,]ιι.ςτὶ,ἰη
821 4595 1092 4669 Domino;
1117 4614 1224 4656 nos
1254 4596 1521 4651 canimus
1555 4612 1567 4649 :
1601 4592 1816 4651 Exsultl

2213 4589 2439 4664 psalmo
2468 4605 2560 4656 Lu,
2597 4586 2694 4660 qui
2727 4585 3046 4670 ita‘incipit
3077 4603 3090 4642 :
3127 4586 3282 4644 Dixit
3313 4586 3606 4659 insipiens,
3633 4585 3713 4644 in:

271 4677 442 4762 fusti,
474 4684 536 4740 in
561 4666 822 4742 Domino.
857 4685 919 4742 In
951 4683 1050 4742 illo
1080 4666 1452 4753 introitu,u'oi
1481 4683 1540 4740 in
1573 4686 1746 4739 cantu
1779 4681 1932 4756 psal-
1962 4698 2008 4763 Ι)
2040 4679 2296 4736 secundo
2327 4693 2495 4733 vorsu
2529 4675 2798 4732 additum
2823 4666 3007 4732 habet
3038 4675 3202 4757 {Non
3249 4683 3348 4743 est,
3380 4677 3480 4748 qui
3522 4677 3708 4748 faciat

281 4765 460 4830 limus
493 4789 506 4828 :
539 4765 604 4846 Et
633 4791 709 4831 ea:
735 4771 998 4852 omnibus
1027 4775 1500 4832 tribulationibus
1520 4775 1646 4846 ejus
1667 4771 1930 4830 liberavit
2043 4770 2265 4833 bonum,
2294 4783 2403 4821 non
2431 4773 2510 4824 est
2535 4781 2705 4837 usque
2732 4763 2806 4823 ad
2831 4780 3043 4832 unum;
3069 4781 3176 4822 nos
3194 4780 3428 4822 versum
3453 4763 3704 4822 ﬁnimus

281 4877 576 4932 cum;nos
606 4859 1341 4932 Psalteriumdecantando
1364 4861 1616 4918 dicimus
1641 4877 1653 4916 :
1677 4861 1931 4918 Salvabit
2041 4855 2413 4914 solummodo
2447 4872 2460 4910 :
2495 4854 2608 4910 Non
2641 4857 2720 4909 est
2749 4854 2846 4928 qui
2863 4854 3038 4924 faciat
3057 4852 3355 4910 bonum.At
3374 4869 3506 4910 vero
3527 4869 3704 4924 quin-

279 4951 534 5026 eum.~ln
562 4947 1042 5028 cpdempsalmo,
1075 4951 1174 5006 ubi
1207 4950 1286 5006 illi
1313 4953 1530 5005 canunt
1554 4966 1567 5004 :
1593 4949 1812 5007 Timete
1832 4951 1930 5006 Do-
2015 4949 2098 5001 -to
2127 4941 2341 5012 versui,
2377 4942 2478 5015 qui
2510 4941 2593 4996 ita
2623 4939 2828 5013 incipit
2859 4957 2873 4999 :
2908 4939 3104 4998 Omnes
3132 4940 3580 5028 declinaverunt,_
3600 4941 3702 4997 ad-

280 5021 749 5116 ἠιῦᾑιίὴιί
775 5021 966 5098 sancti
992 5039 1138 5116 ejus,
1171 5039 1446 5111 quoniam
1472 5036 1634 5094 nihil
1673 5037 1824 5096 deest
1854 5040 1930 5095 ti-
2034 5031 2346 5106 jungimus
2376 5030 2437 5086 in
2470 5031 2585 5088 ﬁne
2617 5046 2631 5087 :
2664 5035 2786 5088 Non
2815 5037 2897 5086 est
2927 5046 3095 5102 usque
3121 5030 3192 5088 ad
3222 5047 3416 5087 unum.
3447 5029 3536 5085 Illi
3561 5021 3697 5088 ino-

281 5113 570 5199 mentibus
598 5125 724 5196 eum
748 5125 902 5192 ;,n'os
933 5113 1188 5186 dicimus
1213 5141 1226 5182 :
1249 5125 1370 5184 Non
1395 5136 1477 5186 est
1499 5126 1695 5199 impia
1724 5127 1930 5184 limen-
2041 5120 2323 5178 dolantur
2354 5137 2366 5176 :
2400 5121 2590 5176 Nonne
2643 5127 2960 5190 cognoscent
3007 5134 3211 5188 omnes,
3255 5119 3352 5192 qui
3397 5125 3700 5192 operantur

280 5195 728 5290 (ξὺὼείιῂιρυδῑ
751 5207 1008 5290 illizNon
1033 5203 1290 5282 deﬁcient
1315 5239 1328 5281 ;
1358 5232 1462 5270 nos
1487 5232 1500 5270 :
1523 5195 1642 5272 Non
1671 5215 1931 5290 minucn-
2041 5209 2416 5282 iniquitatem,
2449 5209 2544 5281 qui
2571 5206 2827 5264 devoraat
2845 5206 3062 5280 plebem
3099 5223 3281 5266 meam
3322 5209 3467 5266 sicut
3515 5223 3696 5268 escam

281 5287 382 5355 tur
408 5295 570 5351 ουὶηί
596 5297 828 5354 bono.ln
862 5287 1086 5376 psalmo
1116 5298 1336 5370 xx.),ubi
1368 5301 1454 5356 illi
1481 5307 1699 5368 canunt
1727 5320 1740 5359 :
1773 5288 1927 5362 Sicut
2032 5297 2240 5372 panis?
2269 5301 2327 5354 et
2356 5295 2530 5369 paulo
2561 5300 2694 5371 post
2721 5313 2734 5352 :
2773 5295 3199 5370 Trepidaveruut
3229 5297 3445 5363 limare,
3460 5296 3558 5353 ubi
3580 5306 3718 5354 non

280 5401 479 5460 cervus
505 5383 794 5458 desiderat
814 5386 892 5451 ad
909 5387 1352 5462 fon/cs;nostra
1377 5389 1683 5446 translatio
1713 5391 1925 5448 habet:
2037 5391 2156 5444 erat
2213 5389 2410 5455 timor;
2445 5403 2552 5442 nos
2609 5388 2805 5442 autem
2837 5402 2850 5442 :
2879 5385 3067 5442 Nonne
3119 5385 3294 5444 scient
3347 5399 3554 5453 onmes,
3597 5385 3696 5457 qui

333 5471 769 5558 ᾳᾱηὶᾴὤηοιιωη
798 5473 1084 5532 desiderat
1133 5492 1350 5534 cereus,
1386 5480 1442 5531 et
1469 5476 1530 5531 in
1561 5477 1672 5534 alio
1705 5497 1874 5536 versu
1911 5497 1924 5535 :
2038 5485 2336 5549 operantur
2359 5477 2729 5550 iniquitatem,
2761 5476 2862 5548 qui
2881 5466 3144 5532 devorant
3168 5463 3386 5558 plebem
3427 5489 3610 5536 meum
3631 5478 3696 5534 ut

322 5559 472 5648 αἰαῖ(
483 5554 686 5648 anima
703 5559 832 5648 mea
849 5559 929 5628 ad
947 5559 1122 5622 Ilum
1145 5566 1370 5648 rivum;
1391 5581 1497 5620 nos
1514 5563 1800 5624 habemus
1817 5568 1928 5624 sub
2037 5565 2219 5625 cibum
2251 5565 2456 5638 panis?
2484 5568 2543 5623 et
2587 5563 2648 5620 in
2701 5563 2816 5620 nne
2872 5579 3124 5620 versus:
3163 5554 3592 5648 Trepidantem

281 5639 562 5734 asterisco
688 5647 774 5710 ad
791 5651 966 5718 Deum
991 5653 1224 5728 fortem.
1251 5644 1566 5734 Sciendum
1585 5729 1588 5734 _
1610 5657 1701 5710 est
1729 5658 1790 5714 in
1821 5654 1930 5712 hoc
2035 5650 2206 5722 mare,
2257 5653 2357 5710 ubi
2398 5669 2507 5712 non
2553 5647 2667 5727 fuit
2711 5653 2894 5710 timor.
2929 5650 3018 5709 llli
3050 5667 3064 5708 :
3097 5653 3244 5709 Cum
3278 5639 3692 5710 averterit"Do-

275 5733 510 5844 Pssimo
527 5729 878 5801 bisinveniri
902 5735 1204 5804 :Salulare
1232 5729 1422 5802 vultus
1445 5729 1553 5796 mei
1569 5729 1716 5798 Deus
1733 5757 1926 5816 meus;
2037 5744 2222 5801 minus
2283 5743 2654 5820 captivitatem
2715 5741 2889 5817 plebis
2953 5745 3100 5812 tua;
3159 5755 3315 5802 nos:
3356 5738 3494 5800 Cum
3557 5755 3690 5802 con-
