3886 6384
97 441 268 508 HM

1101 447 1202 513 DE
1242 447 1479 514 VARIA
1520 448 1802 515 PSALM.
1847 451 1952 518 ET
1993 452 2220 518 CANT.
2267 453 2560 521 MODUL.

3362 453 3516 523 1119

100 577 220 637 Ubi
258 577 346 636 illi
376 581 602 638 canunt
635 599 649 639 :
682 581 806 638 Nisi
833 581 973 656 quod
1001 583 1302 653 Dominus;
1336 601 1440 640 nos
1465 602 1478 642 :
1501 587 1626 642 Nisi
1645 587 1774 658 quia
1803 589 1855 654 Α
1887 587 2102 644 rectius
2134 589 2396 645 dicatur:
2431 592 2569 659 Quia
2601 592 2770 646 bonus
2794 594 2872 648 est
2895 589 3162 663 psalmus,
3185 589 3243 648 id
3265 594 3350 648 est
3371 593 3524 651 bona

99 669 412 724 Dominus.
448 673 513 725 ln
543 668 644 726 illo
675 687 847 727 versu
881 687 895 726 :
930 675 1126 728 Beatus
1157 674 1244 728 vir
1271 675 1370 746 qui
1398 675 1643 746 implevit
1681 673 1774 730 de-

1885 693 1976 733 res
2006 676 2274 750 psallere,
2309 683 2374 734 ut
2423 679 2484 734 B.
2528 678 2916 750 Hieronymus
2973 679 3244 752 exponit;
3280 678 3525 753 psallere

94 755 389 814 siderium
437 774 603 814 suum
657 775 728 815 ex
781 761 956 832 ipsis;
987 765 1044 816 et
1097 761 1156 816 in
1206 761 1400 818 Graeco
1450 761 1664 818 dicitur
1689 763 1778 818 vir
1885 769 2100 832 autem,
2129 765 2339 838 inquit,
2374 783 2488 823 non
2518 785 2675 835 voce,
2709 768 2810 824 sed
2843 768 3031 824 corde.
3065 768 3276 834 Quanti
3314 769 3523 825 bonam

98 862 228 900 non
257 845 500 912 haberi;
525 847 682 920 quod
711 848 1188 906 manifestissime
1221 855 1277 906 et
1307 850 1365 905 in
1397 851 1684 919 Graeco,et
1713 851 1772 907 in

101 934 507 1008 Septuaginta
537 935 887 994 continetur.

177 1022 246 1078 In
280 1022 518 1094 psalmo
549 1024 868 1080 centesimo
915 1024 1218 1098 trigesimo
1267 1031 1495 1098 quarto,
1529 1026 1628 1083 ubi
1661 1027 1771 1082 Ro-

104 1111 275 1166 mani
339 1115 566 1167 canunt
610 1129 624 1167 :
683 1113 922 1170 Laudate
975 1115 1267 1170 Dominum
1323 1117 1454 1187 quia
1511 1115 1774 1186 benignus

101 1208 219 1267 est;
247 1216 394 1256 nos:
417 1200 658 1256 laudate
686 1201 995 1268 Dominum,
1018 1204 1151 1274 quia
1177 1203 1343 1258 bonus
1371 1207 1452 1258 est
1482 1206 1768 1260 Dominus.
1835 1213 1838 1218 ‘

104 1287 221 1343 Ubi
257 1287 344 1342 illi
379 1294 608 1344 canunt
637 1305 650 1342 :
685 1290 832 1360 Quia
871 1290 1148 1362 judicabit
1200 1292 1461 1346 Dominus
1503 1293 1773 1364 populum

102 1393 274 1431 suam
322 1380 380 1432 et
429 1379 491 1432 in
542 1378 715 1433 servis
769 1380 886 1434 suis
940 1380 1353 1446 eonsolabitur;
1387 1395 1492 1434 nos
1527 1397 1540 1435 :
1572 1381 1769 1452 Depre-

105 1466 349 1522 cabitur.
389 1465 499 1534 Qui
523 1467 660 1536 fecit
698 1467 1006 1522 luminaria
1051 1484 1274 1537 magna,
1307 1467 1447 1522 dicit
1479 1468 1539 1524 Β.
1577 1468 1770 1523 Hiero-

107 1570 331 1626 nymus
363 1556 440 1608 ad
484 1570 586 1610 eos
635 1571 782 1626 quos
840 1571 1020 1626 supra
1068 1554 1284 1621 dicitis,
1318 1555 1456 1626 quia
1486 1555 1545 1610 in
1576 1555 1770 1612 Grmco

105 1642 464 1698 inveneritis
507 1659 714 1714 magna
753 1644 927 1710 solus;
963 1643 1062 1698 sed
1095 1643 1203 1698 hoc
1228 1643 1298 1698 de
1329 1643 1614 1716 superiori
1644 1661 1768 1699 ver—

107 1731 320 1798 siculo,
348 1729 455 1786 ubi
478 1730 732 1804 legimus
755 1747 769 1786 :
796 1732 901 1800 Qui
921 1733 1056 1804 facit
1082 1733 1368 1787 mirabilia
1383 1749 1586 1800 magna
1603 1733 1767 1788 solus.

109 1819 191 1875 lbi
227 1837 374 1893 ergo
416 1819 734 1891 legendum
765 1823 878 1886 est,
899 1823 955 1875 et
979 1819 1073 1875 hic
1103 1819 1271 1892 quasi
1299 1821 1659 1892 superfluum
1683 1823 1772 1876 est

1882 870 2082 910 vocem
2113 854 2348 924 habent,
2383 850 2439 912 et
2469 856 2745 928 quoniam
2799 861 3128 929 peccatores
3180 861 3338 925 sunt,
3373 856 3524 914 male

1882 941 2160 1014 psallunt.
2176 943 2328 1000 Bene
2358 943 2556 1016 psallit
2584 944 2894 1016 quicantat
2923 945 2978 999 in
3003 945 3193 1014 corde,
3211 944 3526 1018 quicantat

1881 1029 2179 1086 Christum
2213 1031 2270 1086 in
2300 1033 2666 1088 conscientia.
2703 1033 2831 1088 Haec
2860 1049 3046 1106 pauca
3078 1033 3147 1089 de
3180 1032 3422 1106 psalmis
3439 1035 3524 1089 ut-

1881 1135 2110 1190 cunque
2141 1119 2433 1176 sufficiant
2463 1121 2633 1175 dicta.

1949 1206 2004 1258 6.
2039 1206 2203 1262 Nunc
2230 1223 2470 1262 manum
2501 1207 2755 1263 conabor
2781 1206 3174 1263 transmittere
3191 1207 3262 1263 ad
3286 1207 3519 1274 Isaiam,

1881 1292 2001 1365 qui,
2029 1298 2092 1348 ut
2111 1294 2173 1348 B.
2198 1294 2338 1350 dicit
2354 1295 2758 1368 Hiercnymus,
2775 1312 2886 1351 non
2908 1299 3028 1351 tam
3049 1295 3328 1368 propheta
3341 1311 3518 1368 quam

1879 1381 2233 1454 evangelista
2260 1387 2318 1438 et
2347 1383 2646 1455 apostolus
2676 1388 2765 1439 est
2793 1383 3244 1455 dicendus;ipse
3267 1383 3422 1438 enim
3446 1384 3516 1438 de

1879 1487 1942 1526 se
1972 1475 2030 1526 et
2059 1471 2129 1526 de
2158 1471 2378 1527 caeteris
2408 1471 2776 1544 evangelistis
2806 1475 3054 1527 testatur
3085 1471 3309 1527 dieens:
3344 1471 3518 1540 Quam

1877 1561 2108 1630 speciosi
2131 1559 2288 1632 pedes
2319 1561 2814 1631 evangelisantium
2839 1562 2995 1628 bona,
3021 1560 3518 1631 euangelizantium

1874 1647 2098 1718 pacem!
2132 1652 2190 1702 et
2227 1647 2437 1703 iterum
2469 1647 2540 1702 de
2571 1647 2762 1719 seipse
2797 1665 2810 1702 :
2843 1647 3083 1719 Spiritus
3112 1648 3334 1702 Domini
3357 1663 3523 1719 super

1879 1752 1984 1804 me,
2012 1743 2232 1807 propter
2257 1735 2398 1807 quod
2439 1737 2601 1791 unxit
2645 1752 2753 1801 me,
2783 1735 3163 1804 wangelimre
3187 1735 3522 1806 pauperibus

1879 1825 2032 1879 misit
2063 1837 2164 1879 me.
2200 1825 2264 1879 Et
2294 1823 2432 1894 quia
2459 1823 2728 1894 apostolus
2759 1823 3170 1895 interpretatur
3194 1823 3414 1890 missus,
3447 1823 3518 1878 ad

108 1913 164 1964 et
197 1926 316 1964 non
350 1907 764 1964 scribendum.
797 1912 862 1963 In
892 1907 993 1963 illo
1026 1907 1278 1981 psalmo:
1311 1913 1490 1981 Super
1513 1911 1768 1978 ﬂumina,
1802 1952 1846 2016 Β
1883 1911 2074 1983 ipsum
2108 1911 2274 1984 quasi
2310 1913 2382 1968 ad
2432 1911 2760 1984 apostolum
2819 1911 3078 1984 loquitur
3124 1910 3276 1966 Deus
3305 1927 3318 1966 :
3353 1912 3522 1980 Quem

108 1998 208 2052 ubi
241 1997 328 2052 illi
363 2000 653 2052 cantant:
703 1997 844 2052 Dum
889 1997 1300 2052 recordaremur
1325 1998 1427 2064 tui,
1461 1997 1630 2064 Sion;
1665 2014 1772 2052 nos

109 2086 366 2142 dicimus
405 2101 419 2140 :
457 2085 595 2142 Cum
623 2085 1036 2141 recordaremar
1073 2085 1224 2140 Sion.
1261 2084 1346 2140 1111
1379 2089 1631 2141 canunt:
1666 2089 1774 2142 Me-

110 2184 312 2242 mento,
364 2175 624 2241 Domine,
682 2175 929 2245 ﬁliorum
980 2174 1176 2242 Edom;
1213 2191 1315 2228 nos
1345 2191 1358 2230 :
1391 2173 1588 2230 Memor
1639 2177 1769 2230 esto.

113 2263 170 2320 ln
205 2263 305 2319 illa
335 2263 642 2319 offerenda
674 2279 687 2318 :
721 2261 783 2317 Si
811 2263 1182 2328 ambularem,
1214 2262 1313 2318 ubi
1367 2261 1450 2317 illi
1505 2265 1723 2318 canunt
1755 2279 1767 2318 :

109 2353 422 2408 intendens
460 2368 711 2418 manum,
737 2367 841 2405 nos
876 2368 889 2406 :
921 2350 1246 2406 Exlcndisti.
1285 2350 1345 2405 In
1403 2350 1500 2406 illo
1532 2354 1720 2406 tractu
1755 2367 1768 2406 :

114 2443 277 2512 Eripe
301 2458 412 2506 me,
448 2441 703 2507 Domine,
737 2439 837 2494 ubi
893 2437 977 2494 illi
1027 2443 1266 2494 cantant
1299 2454 1312 2493 :
1341 2441 1384 2500 et
1421 2441 1536 2494 viro
1581 2440 1772 2511 iniquo

113 2531 282 2585 libera
313 2545 422 2597 me,
460 2545 568 2583 nos
604 2543 617 2582 :
651 2527 812 2599 Eripe
839 2543 942 2583 me.
976 2526 1064 2582 Illi
1100 2545 1112 2583 :
1152 2527 1258 2594 Qui
1279 2529 1769 2596 cogitaveruntma-

115 2619 260 2674 tilias
291 2619 357 2674 in
394 2617 598 2683 corde;
655 2632 803 2670 nos:
839 2616 948 2683 Qui
1000 2615 1373 2686 cogitaverunt
1430 2617 1768 2688 iniquitates.

116 2706 196 2762 llli
230 2724 244 2762 :
276 2707 354 2762 Ab
384 2705 708 2761 hominibus
759 2705 966 2775 iniquis
996 2703 1166 2764 libera
1196 2720 1299 2771 me,
1334 2704 1582 2771 Domine;
1615 2721 1720 2760 nos
1753 2721 1766 2759 :

115 2796 274 2867 Eripe
312 2811 421 2850 me.
465 2791 553 2848 Illi
585 2809 598 2848 :
655 2796 932 2864 Laqueos;
984 2809 1131 2847 nos:
1189 2793 1478 2864 Laqueum.
1530 2791 1614 2847 Illi
1651 2809 1664 2847 :
1698 2795 1772 2848 Iit

113 2885 266 2955 funes
321 2881 700 2939 extenderunt
727 2882 784 2935 in
828 2881 1080 2952 laqueum
1127 2881 1351 2952 pedibus
1409 2882 1580 2947 meis;
1616 2897 1766 2936 nos:

113 2973 172 3027 Et
197 2974 358 3044 funes
388 2970 763 3028 extenderunt
789 2971 851 3024 in
881 2969 1158 3042 laqueum.
1176 2967 1263 3023 1111
1283 2985 1294 3023 :
1311 2970 1589 3027 Obumbra
1609 2973 1772 3040 caput

110 3079 324 3129 meum;
354 3076 469 3116 nos
505 3077 517 3115 :
555 3057 924 3114 Obumbrasti.
957 3057 1018 3112 In
1073 3055 1172 3112 1110
1229 3057 1618 3128 responsorio,
1671 3057 1769 3111 ubi

114 3149 194 3204 illi
227 3153 451 3205 canunt
488 3163 502 3202 :
536 3145 688 3202 Educ
711 3145 776 3202 de
804 3161 1018 3201 carcere
1065 3145 1316 3201 animum
1369 3161 1582 3212 meam;
1619 3161 1724 3199 nos
1753 3162 1767 3200 :

115 3240 260 3296 Educ
286 3237 352 3294 de
379 3235 654 3292 custodia.
687 3233 796 3290 Ubi
846 3233 931 3289 illi
991 3237 1209 3289 canunt
1243 3251 1255 3288 :
1288 3235 1558 3290 Anxietas
1601 3243 1678 3290 est
1709 3237 1770 3290 in

1878 2002 2175 2069 mittam,et
2197 2002 2318 2072 quis
2350 2002 2451 2056 ibit
2477 1999 2548 2056 ad
2575 1999 2834 2072 populum
2864 2001 3132 2055 istum?et
3161 1997 3257 2054 ille
3286 2015 3522 2070 respon-

1879 2087 1965 2142 dit
1997 2105 2010 2144 :
2043 2090 2173 2145 Ecce
2199 2105 2314 2159 ego,
2340 2098 2493 2146 mitte
2517 2105 2622 2144 me.
2656 2088 2726 2143 Et
2772 2087 2913 2159 quia
2957 2086 3127 2142 multi
3176 2103 3290 2142 non
3329 2087 3520 2142 solum

1881 2177 2205 2233 litterarum
2251 2177 2494 2234 scientia
2551 2177 2748 2232 minus
2805 2175 3062 2248 perfecti,
3091 2192 3296 2230 verum
3341 2174 3518 2230 etiam

1880 2265 2220 2322 liberalibus
2253 2266 2480 2322 artibus
2510 2264 2745 2330 eruditi,
2781 2262 2965 2320 solent
2995 2262 3052 2317 in
3098 2262 3207 2318 hoc
3237 2261 3523 2334 propheta

1882 2355 2066 2410 multo
2097 2354 2266 2410 aliter
2295 2370 2472 2424 quam
2506 2352 2702 2408 veritis
2734 2369 2795 2407 se
2829 2350 3039 2406 habeat
3069 2349 3126 2405 in
3159 2349 3402 2404 lectione
3431 2349 3519 2403 di-

1881 2443 2196 2516 stinguere,
2211 2441 2296 2497 vel
2323 2445 2494 2498 cantu
2526 2440 2701 2496 verba
2728 2439 3002 2512 proferre,
3028 2437 3247 2510 placuit
3265 2454 3519 2492 summa-

1879 2532 1986 2587 tim
2017 2531 2143 2586 loca
2172 2535 2388 2596 notare,
2425 2529 2520 2584 ubi
2555 2528 2750 2584 minus
2780 2531 2929 2582 recte
2961 2526 3279 2582 sententias
3307 2525 3520 2581 distin-

1879 2624 2082 2692 guant,
2115 2618 2202 2674 vel
2234 2619 2405 2673 verba
2433 2617 2603 2673 aliter
2631 2633 2809 2688 quam
2835 2633 2896 2671 se
2927 2614 3138 2671 veritas
3167 2613 3378 2670 habeat
3398 2631 3524 2687 pro-

1881 2714 2070 2764 munt.
2983 2695 2994 2707 ³

1951 2797 2114 2852 Nunc
2146 2795 2334 2867 primo
2366 2794 2668 2850 videamus
2699 2794 2769 2848 de
2799 2808 2864 2848 eo
2897 2793 3050 2864 quod
3099 2791 3352 2864 sciptum
3389 2793 3479 2847 est
3505 2806 3549 2846 :.

1883 2885 1994 2954 Quo
2022 2885 2166 2940 mihi
2191 2883 2598 2940 multitudinem
2637 2884 2986 2937 victimarum
3033 2887 3356 2949 vestrarum,
3389 2879 3526 2936 dicit

1882 2975 2158 3030 Domiaus.
2176 2972 2242 3027 Et
2270 2989 2402 3026 cum
2436 2970 2803 3026 inferendum
2835 2972 2893 3024 et
2916 2967 3399 3041 distinguendum
3420 2966 3521 3034 sit,

1874 3061 2070 3132 plenus
2087 3077 2226 3126 sum,
2241 3059 2350 3114 1100
2371 3061 2460 3114 est
2480 3057 2640 3112 nulla
2661 3073 2720 3112 re
2743 3056 2992 3130 indigeo,
3017 3056 3343 3112 secundum
3365 3055 3520 3127 quod

1881 3147 2018 3204 alibi
2036 3147 2318 3219 scriptum
2341 3151 2429 3202 est
2449 3162 2460 3200 :
2484 3146 2708 3202 Domini
2729 3153 2808 3200 est
2831 3153 2974 3200 terra
2993 3151 3044 3200 et
3057 3143 3340 3216 plenitudo
3358 3147 3482 3216 ejus
3506 3159 3520 3211 ;

1881 3236 2120 3308 quidam
2151 3235 2356 3290 vitiose
2386 3234 2524 3289 huic
2555 3231 2932 3300 sententiolae,
2983 3233 3182 3304 plenus
3227 3247 3368 3298 sum,
3421 3247 3524 3302 per

115 3343 196 3383 me
225 3328 456 3400 spiritus
488 3340 644 3380 meus
671 3341 686 3392 ;
711 3339 817 3378 nos
841 3339 854 3378 :
882 3323 1154 3378 Ana'iatus
1175 3329 1250 3380 est
1268 3339 1530 3394 superme
1544 3324 1769 3394 spiritus
1799 3307 1842 3374 C
1881 3307 2194 3380 ablativum
2245 3323 2576 3394 adjungunt
2608 3339 2620 3377 :
2657 3322 2973 3377 llolocausto
3019 3321 3257 3376 arietum
3285 3327 3335 3375 et
3362 3319 3523 3391 adipe

117 3433 262 3472 meus
269 3457 282 3470 .

187 3505 245 3558 In
287 3502 521 3576 psalmo
571 3499 891 3557 centesimo
943 3499 1396 3572 quadragesimo
1447 3499 1636 3567 tertio,
1672 3499 1770 3554 ubi

120 3591 377 3648 Romana
405 3590 590 3646 editio
623 3587 800 3644 habet
833 3605 846 3642 :
879 3588 990 3658 Qui
1019 3586 1115 3642 das
1141 3587 1374 3643 salutem
1417 3589 1648 3658 regibus,
1677 3589 1775 3659 qui

125 3681 372 3736 liberasti
387 3679 566 3735 David
579 3693 799 3732 servum
830 3684 984 3732 tuum
999 3675 1064 3732 de
1079 3676 1262 3744 gladio
1287 3676 1398 3731 mal
1405 3677 1558 3744 igne;
1577 3681 1774 3731 nostra

119 3766 286 3824 habet
319 3786 332 3824 :
371 3768 481 3836 Qui
519 3765 621 3821 das
662 3765 892 3820 salutem
942 3765 1178 3835 regibus,
1210 3765 1309 3835 qui
1335 3763 1562 3819 redemit
1600 3763 1773 3818 David

118 3871 327 3912 servum
353 3872 545 3921 suum,
578 3852 644 3908 de
670 3851 854 3924 gladio
902 3852 1146 3922 maligno
1183 3853 1332 3924 eripe
1359 3868 1462 3907 me.
1497 3851 1624 3906 Nec
1643 3867 1771 3922 per-

126 3943 352 4000 turbare
371 3944 551 4000 debet
570 3940 844 3997 lectorem
864 3939 1061 3996 subita
1081 3939 1498 3996 transmutatio
1516 3955 1771 4012 persona:

122 4030 202 4086 vel
227 4031 510 4105 temporis
537 4056 553 4098 ;
587 4029 728 4102 quia
758 4027 948 4084 solent
977 4026 1290 4100 prophetae,
1323 4027 1542 4100 Spiritu
1573 4032 1773 4082 sancto

124 4119 598 4188 edocti,transire
622 4117 697 4172 de
720 4115 988 4190 personis
1011 4115 1082 4171 ad
1105 4131 1404 4188 personas,
1427 4121 1485 4171 et
1505 4116 1775 4187 tempori-

124 4205 228 4262 bus
257 4208 326 4263 ad
373 4211 666 4280 tempora,
708 4209 767 4260 et
795 4204 880 4260 sic
908 4203 1106 4258 divina
1136 4203 1391 4276 proferre
1423 4203 1674 4275 eloquia.
1711 4204 1773 4259 In

127 4293 219 4350 illo
248 4294 515 4361 introitu,
549 4293 652 4349 ubi
709 4291 792 4348 illi
847 4295 1084 4348 cantant
1117 4307 1130 4346 :
1161 4291 1356 4346 Sancti
1391 4293 1492 4357 tui,
1525 4293 1772 4358 Domine,

131 4382 430 4440 benediccnt
456 4391 510 4439 te
535 4401 549 4450 ;
583 4397 720 4437 nos:
752 4381 942 4436 Sancti
971 4381 1054 4436 tui
1083 4379 1398 4435 benedicant
1427 4380 1548 4436 tibi.
1581 4381 1644 4436 In
1675 4379 1774 4435 illo

129 4471 362 4541 gradale
393 4488 407 4525 :
437 4476 621 4542 Prope
665 4474 746 4526 est
775 4469 1038 4526 Dominus
1093 4469 1345 4524 omnibus
1401 4468 1776 4524 invocantibus

129 4572 265 4626 eum,
325 4559 426 4614 ubi
487 4558 768 4614 canitur:
829 4555 1066 4613 Laudem
1138 4557 1360 4611 Domini
1422 4557 1671 4628 loquetur
1720 4572 1776 4612 os

1877 3415 2204 3486 pinguium;
2237 3415 2293 3467 et
2319 3415 2449 3483 post
2479 3410 2739 3466 inferunt
2767 3408 3162 3465 accusativum
3185 3423 3200 3463 :
3222 3408 3287 3464 Et
3301 3409 3523 3477 sangui-

1876 3518 2003 3558 nem
2030 3501 2326 3556 vitulorum
2357 3507 2405 3555 et
2449 3515 2720 3568 agnorum
2764 3505 2817 3554 et
2855 3499 3134 3554 hircorum
3177 3497 3353 3564 nolui,
3385 3511 3518 3552 cum

1879 3590 2073 3662 priora
2117 3590 2292 3644 verba
2325 3605 2337 3642 :
2373 3589 2758 3644 Holocaustum
2801 3588 3038 3644 arietum
3073 3593 3123 3642 et
3150 3585 3367 3658 adipem
3391 3586 3521 3658 pin-

1879 3680 2074 3748 guium
2104 3693 2204 3748 per
2232 3676 2626 3732 accusativum
2679 3678 2818 3731 sunt
2867 3673 3229 3746 proferenda,
3275 3673 3430 3729 sicut
3469 3675 3528 3728 et
3559 3667 3562 3675 ’

1881 3765 1988 3821 hoc
2015 3766 2165 3838 quod
2199 3765 2494 3837 sequitur:
2526 3765 2592 3819 Et.
2618 3765 2945 3835 sanguinem
2975 3762 3270 3818 vitulorum
3290 3769 3343 3818 et
3362 3777 3527 3831 agno-

1881 3871 2006 3910 rum
2032 3858 2084 3910 et
2113 3854 2389 3909 hircorum
2417 3854 2593 3907 nolui.
2629 3853 2698 3906 Et
2743 3851 2954 3906 iterum
3003 3851 3061 3905 in
3119 3867 3186 3905 eo
3237 3847 3388 3917 loco,
3420 3849 3520 3904 ubi

1881 3941 2163 4014 scriptum
2197 3947 2286 3996 est
2317 3957 2330 3994 :
2363 3942 2549 3996 Primo
2591 3944 2824 4011 tempore
2853 3939 3113 3994 alleviata
3139 3944 3218 3992 est
3245 3944 3391 3992 terra
3421 3937 3527 3990 Za-

1883 4031 2046 4086 bulon
2076 4038 2127 4085 et
2181 4038 2326 4085 terra
2355 4029 2684 4100 Nephtulim,
2711 4034 2763 4082 et
2791 4029 2850 4082 in
2893 4026 3189 4082 novissimo
3229 4029 3530 4096 aggravata

1880 4128 1956 4176 est
1985 4120 2074 4174 via
2103 4119 2274 4172 maris
2305 4121 2456 4172 trans
2495 4115 2788 4171 Iordanem
2837 4114 3098 4170 Galilxse.
3142 4111 3250 4167 Ubi
3284 4112 3524 4184 quidam

1881 4207 2218 4272 dictionem,
2243 4222 2370 4277 qua:
2389 4187 2496 4269 est,
2523 4204 2788 4274 gentium,
2810 4200 3194 4273 subsequenti
3226 4199 3526 4256 sententia

1875 4296 2138 4368 jungunt
2166 4293 2578 4349 ita:Gentium
2628 4291 2884 4363 pop-alus,
2943 4290 3042 4362 qui
3093 4287 3409 4344 ambulabat
3466 4288 3526 4343 in

1882 4384 2136 4450 tenebris,
2151 4398 2284 4437 cum
2304 4380 2471 4451 longe
2489 4378 2656 4435 aliter
2672 4378 2749 4434 sit
2763 4375 3530 4451 distinguendum.Denique

1883 4473 2010 4528 duae
2062 4475 2201 4526 sunt
2257 4467 2524 4534 Galilazae,
2577 4483 2695 4522 una
2751 4472 2916 4522 trans
2951 4465 3289 4532 Jordanem,
3322 4464 3381 4519 in
3413 4481 3532 4536 qua

1881 4559 2086 4634 viginti
2115 4558 2378 4614 civitates
2408 4555 2678 4611 Salomon
2733 4553 2892 4610 dedit
2921 4554 3118 4609 Hiram
3165 4552 3286 4626 regi
3317 4552 3526 4624 Tyrio-

129 4661 320 4712 meum,
351 4655 404 4702 et
435 4643 720 4702 benedicat
747 4647 925 4702 omnis
954 4661 1079 4701 caro
1107 4659 1304 4699 nomen
1331 4647 1579 4700 sanctum
1607 4644 1726 4716 ejus
1759 4663 1772 4700 :
1807 4663 1852 4730 Ι)
1885 4666 2014 4705 rum
2041 4649 2096 4702 in
2119 4650 2269 4704 sorte
2293 4645 2480 4700 tribus
2499 4641 3234 4730 Nephtalimmlterajuxta
3251 4645 3526 4730 stagnum

133 4749 276 4788 nos:
329 4735 724 4790 Laudationem
778 4735 1003 4790 Domini
1058 4733 1306 4804 loquetur
1361 4749 1418 4788 os
1469 4748 1668 4800 meum,
1723 4741 1774 4788 et

135 4818 406 4879 benedicat
456 4823 640 4880 omnis
693 4838 818 4878 caro
874 4822 1091 4878 nomini
1143 4827 1328 4876 sancto
1383 4821 1520 4892 ejus.
1563 4821 1625 4876 In
1677 4820 1774 4877 ille

135 4907 481 4978 psalmo,ubi
505 4909 592 4965 illi
617 4913 871 4966 canunt:
898 4909 1300 4975 I.auda,anima
1318 4910 1774 4977 mea,Dominum,

139 4995 367 5052 laudabo
416 4999 716 5054 Dominum
770 5000 832 5054 in
889 4999 1004 5054 vita
1058 5015 1202 5064 nica,
1231 4999 1466 5070 psallam
1507 4999 1611 5054 Deo
1639 5015 1776 5065 meo,

137 5083 369 5154 quandiu
388 5102 480 5143 ero
506 5105 520 5154 ;
551 5103 659 5142 nos
683 5104 696 5142 :
720 5087 964 5142 Psallam
995 5087 1102 5142 Deo
1134 5101 1274 5156 meo,
1307 5086 1554 5158 quandiu
1597 5089 1775 5158 fuero,

141 5167 199 5223 In
217 5170 312 5226 illo
333 5173 655 5230 centesimo
677 5173 1127 5246 quadragesimo
1149 5177 1307 5229 sexto
1328 5172 1679 5245 psalmo,qui
1702 5173 1784 5231 ita
1805 5193 1817 5202 “

142 5255 374 5330 incipit:
409 5261 661 5318 Laudate
688 5263 999 5328 Dominum,
1031 5263 1290 5336 quoniam
1322 5261 1490 5317 bonus
1513 5269 1592 5318 est
1625 5263 1776 5335 psal-

141 5358 272 5410 mus,
302 5347 454 5404 inter
482 5349 773 5420 quosdam
799 5349 1088 5405 contentio
1119 5353 1207 5404 est
1235 5353 1434 5405 utrum
1463 5349 1678 5408 rectius
1697 5351 1781 5407 di-

142 5435 346 5490 catur:
397 5437 646 5492 ιααάοω
703 5438 1015 5504 Dominum,
1073 5439 1206 5510 quia
1256 5439 1426 5494 bonus
1478 5446 1574 5506 est,
1629 5443 1774 5496 aut:

145 5520 369 5576 Lamlate
397 5525 716 5589 Dominum,
747 5527 878 5598 quia
922 5527 1093 5580 bonus
1138 5533 1216 5581 est
1255 5525 1544 5596 psalmus;
1577 5528 1677 5582 sed
1710 5545 1780 5583 ex

145 5603 388 5678 Hebrazo,
421 5613 522 5668 ubi
579 5612 798 5668 dicitur
829 5629 842 5668 :
877 5613 1122 5670 Laudate
1169 5615 1480 5679 Dominum,
1519 5617 1781 5685 quoniam

147 5693 334 5752 bonum
357 5703 438 5755 est
462 5702 770 5768 canticum,
797 5701 1253 5758 animadvertere
1283 5717 1598 5774 possumus
1623 5705 1778 5775 quod

1883 4735 2232 4794 Genesarelh
2268 4735 2323 4788 in
2357 4732 2514 4788 tribu
2545 4730 2800 4787 Zabulon
2833 4729 2988 4786 circa
3024 4727 3410 4785 Tiberiadem.
3441 4727 3528 4783 Ad

1885 4827 2052 4896 cujus
2083 4821 2539 4886 distinctionem,
2572 4837 2698 4891 quae
2741 4823 2831 4875 est
2859 4817 2918 4874 in
2949 4817 3172 4885 Judaea,
3205 4815 3346 4872 dicit
3375 4833 3532 4872 nunc

1885 4919 2041 4970 trans
2091 4911 2382 4970 Iordanem
2434 4909 2689 4965 Galilww
2742 4909 3008 4977 gentium.
3041 4905 3259 4962 Deinde
3308 4905 3528 4961 infert:

1889 5003 2156 5074 Populus,
2189 5002 2284 5072 qui
2311 4999 2629 5054 ambulabat
2655 4997 2716 5052 in.
2741 4996 2998 5064 tenebris,
3029 4995 3167 5052 vidit
3211 4994 3386 5050 lucem
3411 5010 3530 5049 ma-

1887 5107 2072 5160 gnam.
2105 5091 2174 5144 Et
2203 5089 2301 5144 ubi
2353 5086 2636 5158 scriptum
2689 5089 2779 5141 est
2810 5101 2823 5140 :
2861 5088 2931 5140 lit
2959 5089 3232 5157 sceptrum
3263 5083 3533 5139 exactoris

1887 5181 2006 5251 ejus
2033 5179 2323 5250 superasti,
2341 5177 2479 5230 sicut
2511 5176 2570 5230 in
2597 5174 2686 5230 die
2716 5173 2962 5244 Madian,
2981 5172 3223 5245 quidam
3254 5171 3532 5227 mendose

1887 5283 1991 5340 pro
2023 5265 2271 5322 ablativo
2303 5261 2584 5335 singulari
2615 5266 2842 5334 ponunt
2871 5261 3157 5335 pluralem
3187 5265 3244 5317 et
3275 5259 3481 5316 dicunt
3511 5274 3525 5312 :

1887 5357 2038 5412 Sicut
2063 5356 2123 5410 in
2152 5353 2342 5409 diebus
2370 5351 2606 5406 Madian.
2860 5343 2866 5348 ’

1961 5444 2022 5498 In
2044 5441 2143 5496 1110
2173 5439 2437 5505 introitu,
2467 5455 2640 5511 quem
2673 5437 2940 5494 canimus
2973 5438 3031 5494 in
3061 5435 3154 5493 die
3184 5434 3396 5492 natalis
3429 5431 3536 5489 Do-

1889 5531 2030 5586 mini
2066 5547 2078 5584 :
2116 5535 2262 5585 Puer
2292 5535 2452 5582 natus
2493 5533 2571 5582 est
2609 5527 2784 5591 nobis,
2815 5535 2866 5582 et
2891 5527 3041 5598 ﬁlius
3069 5525 3226 5580 datus
3253 5529 3332 5578 est
3355 5519 3530 5583 nobis,

1889 5623 2087 5674 nostra
2115 5613 2420 5673 translatio
2469 5615 2791 5670 secundum
2834 5613 3174 5670 Hebraicam
3225 5607 3524 5663 veritatem

1889 5707 2102 5763 habet:
2137 5705 2408 5765 Parvulas
2456 5707 2618 5760 natu:
2665 5710 2744 5763 εει
2768 5703 2940 5769 nobis,
2972 5702 3122 5774 ﬁlius
3148 5697 3306 5752 datus
3327 5695 3405 5747 est
3428 5703 3525 5742 no-
