4868 6454
1510 490 1638 574 ua

2530 492 2950 558 'BERNONIS
2995 491 3328 554 ABBATIS
3371 490 3809 556 AUGIENSIS.

4694 505 4799 568 ιω

1471 624 1562 684 bis
1592 642 1606 683 :
1638 628 1697 686 et
1724 642 1828 700 pro
1857 641 1925 683 eo
1954 626 2112 700 quod
2146 643 2413 684 canimus
2431 644 2445 684 :
2464 629 2623 702 cujus
2653 628 2946 700 imperium
2961 642 3126 698 super
3153 629 3205 696 Α
3236 628 3397 680 costa
3425 622 3622 680 lateris
3651 624 3784 679 Ade
3815 623 4060 682 formata
4088 629 4197 694 est,
4221 626 4303 685 ita
4331 628 4648 690 Ecclesiae:
4671 632 4796 696 latori

1479 719 1774 774 humerum
1828 716 1968 788 ejus,
2017 716 2297 773 Hebraica
2348 716 2559 772 veritas
2609 716 2782 771 habet
2813 732 2826 771 :
2863 717 2926 771 Et
2952 717 3129 785 factus

1479 813 1558 864 est
1581 806 1929 878 principatus
1956 821 2118 877 super
2154 805 2442 861 humerum
2469 807 2608 876 ejus.
2645 806 2713 860 Et
2740 822 2840 877 pro
2872 822 2938 860 eo
2971 803 3126 875 quod

1481 893 1752 950 canimus
1784 908 1797 947 :
1828 894 1895 948 Et
1924 893 2204 949 vocabitur
2252 911 2444 950 nomen
2491 897 2608 966 ejus
2668 895 2862 961 magni
2903 892 3133 948 consilii

1480 982 1730 1050 angelus,
1763 978 1822 1035 in
1851 980 2089 1036 Hebraeo
2137 998 2236 1038 sex
2285 982 2523 1037 nomina
2566 981 2858 1036 habentur
2888 998 2901 1036 :
2938 981 3130 1034 Admi-

1481 1071 1702 1138 rabilis,
1735 1069 2114 1141 Consiliarius,
2146 1076 2310 1139 Deus,
2342 1072 2538 1136 Fortis,
2585 1076 2752 1125 Pater
2795 1072 2980 1141 futuri
3023 1083 3128 1124 ssc-

1481 1160 1616 1226 culi,
1646 1159 1905 1231 Princeps
1936 1161 2106 1231 pacis.
2142 1159 2244 1218 Ubi
2294 1160 2614 1215 notandum
2675 1159 2831 1230 quod
2893 1175 3031 1222 non,
3066 1160 3131 1211 ut

1484 1247 1745 1322 plerique
1782 1251 2010 1321 putant,
2037 1247 2173 1304 bina
2218 1249 2525 1321 jungenda
2583 1252 2720 1303 sunt
2772 1248 3032 1309 nomina,
3067 1249 3131 1300 ut

1483 1336 1786 1410 legamus:
1816 1337 2169 1393 Admirabilis
2196 1339 2567 1402 consiliarius,
2600 1342 2657 1392 et
2686 1353 2921 1391 rursum
2949 1353 2962 1390 ε
2991 1337 3128 1391 Deus

1479 1427 1675 1498 fortis;
1710 1425 1813 1482 sed
1843 1425 2198 1482 Admirabilis
2242 1425 2552 1498 legendum
2585 1431 2674 1481 est
2705 1424 3042 1497 separatim,
3073 1427 3130 1478 et

1482 1513 1846 1570 Consiliarius
1903 1529 2191 1584 seorsum,
2233 1520 2290 1571 et
2344 1517 2484 1571 Deus
2533 1513 2868 1586 separatim,
2919 1511 3129 1567 deinde

1478 1605 1682 1671 Fortis,
1719 1603 2092 1676 postmodum
2136 1604 2441 1676 jungenda
2487 1608 2626 1659 sunt
2670 1603 2786 1658 duo
2839 1600 3126 1657 nomina:

1478 1695 1650 1768 ἔδαιεν
1674 1693 1858 1764 futuri
1883 1692 2098 1760 saeculi,
2131 1694 2390 1764 Princeps
2413 1692 2583 1763 pacis.

1525 1766 1618 1836 ‘In
1649 1779 1749 1837 illa
1776 1779 2059 1837 lectione:
2087 1781 2264 1853 Super
2308 1785 2545 1836 montem
2581 1780 2849 1836 excelsum
2881 1776 3125 1842 ascende,

1480 1868 1721 1942 quidam
1750 1869 1978 1926 codices
2007 1869 2066 1924 in
2098 1868 2427 1926 masculino
2471 1885 2678 1938 genere
2728 1868 2943 1922 habent
2978 1882 2990 1920 :
3025 1866 3132 1933 Qui

1476 1958 1822 2028 evangelium
1849 1957 2003 2026 Sion,
2035 1963 2088 2014 et
2115 1959 2214 2033 qui
2243 1959 2579 2030 euangelicos
2603 1958 2960 2020 Hierusalem,
2993 1970 3125 2008 cum

1470 2047 1644 2119 juxta
1692 2046 2041 2103 Hebraicum
2073 2045 2354 2102 feminino
2385 2061 2594 2118 genere
2628 2043 3126 2116 pronuntiandum

1479 2133 1594 2190 sit:
1629 2138 1774 2207 Quae
1799 2135 2142 2206 evangelizas
2169 2135 2323 2202 Sion,
2341 2142 2392 2190 et
2409 2149 2536 2204 quae
2564 2133 2904 2202 euangelicos
2934 2133 3129 2187 llieru-

1477 2223 1690 2291 salem;
1723 2222 2173 2295 praecipiturque
2214 2222 2350 2279 Sion
2382 2227 2437 2278 et
2468 2220 2827 2277 Hierusalem
2863 2227 2923 2274 ut
2953 2236 3130 2290 super

1479 2315 1740 2367 montem
1771 2309 2086 2378 excelsum,
2118 2310 2177 2367 id
2209 2315 2298 2366 est
2327 2311 2398 2366 ad
2433 2310 2553 2366 alta
2584 2311 2864 2364 virtutum
2925 2325 3124 2362 ascen-

1474 2399 1638 2468 dant,
1669 2403 1728 2455 et
1771 2398 1830 2455 in
1880 2397 2220 2455 fortitudine
2276 2415 2472 2455 vocem
2535 2415 2701 2453 suam
2765 2397 3037 2461 exultent,
3073 2400 3130 2449 et

1473 2487 1695 2561 absque
1725 2487 1934 2544 timore
1967 2487 2260 2556 nuntient,
2280 2493 2337 2543 et
2363 2487 2561 2542 dicant
2591 2486 2928 2542 civitatibus
2951 2485 3124 2541 Juda:

1471 2577 1601 2633 Ecce
1628 2578 1766 2636 Deus
1793 2585 1984 2644 vester,
2016 2580 2074 2632 et
2101 2581 2308 2632 caetera
2331 2594 2457 2649 qua:
2491 2581 2840 2647 sequuntur.

1517 2654 1713 2724 'Illam
1744 2665 2148 2737 antiphonam,
2179 2681 2358 2736 quam
2402 2664 2645 2734 quidam
2700 2662 3078 2717 modulantur
3110 2679 3123 2716 :

1475 2753 1684 2820 Sancti,
1705 2754 1803 2826 qui
1815 2757 2039 2826 sperant
2067 2754 2128 2808 in
2157 2753 2697 2818 Domino,habcbunt
2725 2752 3124 2822 fortitudinem,

1477 2849 1760 2897 assument
1781 2857 1991 2912 pennas
2020 2847 2082 2896 ut
2107 2841 2608 2912 aquilae,volabunt
2626 2845 2676 2895 et
2708 2858 2816 2893 non
2846 2840 3123 2910 deﬁcient;

1477 2927 1540 2988 lu
1570 2929 1810 2985 Hebrteo
1840 2927 2091 2984 habetur
2121 2945 2134 2984 :
2165 2929 2270 2998 Qui
2307 2937 2485 2984 autem
2535 2937 2760 3000 sperant
2791 2931 2846 2983 in
2879 2929 3124 2993 Domino,

1479 3018 1770 3075 mutabunt
1792 3019 2193 3090 fortitudinem,
2211 3024 2489 3074 assument
2516 3036 2725 3090 pennas
2755 3021 2896 3073 sicut
2920 3034 3127 3089 pennus

1479 3108 1706 3182 aquilae,
1738 3111 1960 3164 current
2013 3116 2064 3164 et
2119 3125 2229 3164 non
2285 3109 2629 3172 laborabunt,
2668 3108 3028 3161 ambulabunt
3078 3113 3129 3160 et

1478 3195 1870 3267 nondeﬁcient,
1886 3195 1996 3252 hoc
2019 3197 2380 3270 signiﬁcans,
2400 3198 2553 3269 quod
2575 3197 2783 3266 sancti,
2804 3194 3126 3267 assumptis

1477 3284 1589 3341 alis
1618 3285 1923 3354 virtutum,
1948 3287 2102 3343 sicut
2133 3287 2340 3361 aquilae
2363 3287 2420 3342 in
2447 3292 2742 3342 senectute
2773 3286 2963 3342 solent
2996 3303 3124 3340 mu-

3238 712 3451 769 Cbristi
3502 711 3785 768 aedificata
3839 718 3950 778 est,
3995 716 4444 788 quando,juxta
4494 721 4796 795 Evangelium

3237 801 3662 864 Joannis,unus
3676 799 3924 856 militum
3941 801 4141 859 lancea
4153 812 4456 876 aperuerat
4471 807 4796 880 latusChristi,

3240 896 3297 946 et
3327 890 3523 946 statim
3553 889 3823 961 profluxit
3847 891 4087 962 sanguis
4121 898 4330 949 nostra:
4359 896 4802 971 redemptionis,et

3241 995 3393 1050 aqua
3423 977 3812 1048 baptismatis,
3831 979 3984 1050 quod
4019 980 4098 1035 ita
4125 986 4214 1036 est
4241 984 4801 1060 conjunctum,utaqus

3241 1067 3606 1138 baptizemur
3633 1070 3688 1121 et
3718 1067 4003 1138 sanguine
4032 1069 4412 1126 redimamur.

3313 1159 3374 1210 In
3409 1153 3506 1208 illo
3548 1155 3772 1209 cantico
3817 1155 4090 1223 Ezechite,
4125 1163 4182 1214 et
4212 1158 4270 1214 in
4305 1159 4406 1216 illo
4435 1177 4596 1217 versu
4628 1165 4803 1220 :Dixi:

3239 1247 3365 1298 Non
3397 1244 3598 1299 videbo
3627 1244 3963 1312 Dominum,-
3985 1245 4227 1317 quidam
4249 1250 4476 1305 codices
4498 1250 4689 1307 habent
4705 1270 4717 1308 :
4735 1255 4807 1310 Do-

3239 1332 3458 1387 minum
3488 1332 3792 1398 Deum,sed
3813 1331 3958 1389 falso
3975 1335 4256 1407 scriptum
4273 1343 4397 1406 est;
4416 1337 4503 1394 bis
4521 1340 4662 1394 enim
4681 1343 4805 1412 repeti

3237 1420 3411 1476 debet
3425 1422 3559 1475 Dom
3569 1421 3725 1476 inum
3741 1422 4066 1489 Dominum,
4081 1423 4232 1479 sicut
4249 1424 4311 1480 Β.
4331 1426 4807 1500 llierouymusdicit.

3240 1509 3410 1566 Illum
3443 1525 3673 1564 versum
3709 1509 3872 1565 :Non
3927 1511 4218 1580 aspiciam
4274 1513 4561 1572 hominem
4605 1515 4743 1573 ultra
4773 1524 4810 1573 et

3240 1597 3658 1662 habitatorem,
3712 1597 3792 1654 ita
3835 1599 4103 1655 dividunt
4129 1604 4188 1656 et
4214 1601 4547 1672 terminant,
4576 1608 4636 1661 ut
4661 1606 4809 1662 subse-

3240 1704 3428 1759 quens
3450 1703 3652 1742 versus
3675 1687 3754 1741 ita
3775 1686 4016 1759 incipiat
4037 1703 4051 1744 :
4074 1690 4300 1760 Quiecit
4318 1692 4609 1763 generatio
4627 1710 4757 1759 mea;
4775 1699 4810 1747 et

3239 1777 3448 1831 beatus
3476 1775 3713 1847 quidem
3746 1774 4130 1850 Hieronymus
4162 1785 4399 1853 propter
4441 1781 4811 1855 ambiguitatem

3238 1865 3397 1919 verbi
3430 1864 3686 1936 primum
3728 1864 3808 1918 ita
3847 1864 4169 1933 transtulit,
4201 1867 4304 1923 sed
4355 1874 4553 1942 postea
4589 1870 4810 1928 correxit:

3240 1954 3646 2008 Ilubitatorem
3679 1953 3908 2024 quietis,
3939 1970 4074 2010 vera
4119 1956 4288 2026 quies
4332 1963 4391 2014 et
4419 1976 4551 2015 vera
4575 1958 4812 2015 exsultatio

3239 2043 3354 2095 vita
3385 2047 3598 2096 arterra
3620 2047 3736 2108 est;
3754 2041 3871 2097 vita
3898 2047 4095 2098 autem
4128 2048 4344 2101 aeterna
4367 2052 4456 2102 est
4475 2046 4814 2121 contemplatio

3239 2136 3295 2185 et
3325 2130 3470 2185 visio
3501 2130 3818 2184 Trinitatis.
3861 2130 4002 2196 Quis
4043 2137 4133 2187 est
4162 2133 4455 2192 habitator
4484 2140 4687 2193 aeternas
4711 2134 4813 2200 vita,

3241 2219 3353 2274 nisi
3409 2220 3531 2290 ipse
3579 2218 3733 2274 Deus
3779 2220 4150 2292 omnipotens
4183 2227 4240 2278 et
4269 2222 4438 2279 electi
4471 2224 4731 2281 illiusllu
4752 2223 4814 2278 illo

3238 2325 3409 2362 versu
3435 2323 3448 2364 :
3472 2308 3726 2375 Domine,
3747 2308 3858 2362 vim
3876 2308 4102 2379 patior,
4127 2309 4373 2382 quidam
4395 2313 4616 2368 codices
4636 2313 4811 2368 habent

3239 2397 3527 2465 Responde
3547 2413 3654 2465 pro
3681 2414 3788 2461 me,
3812 2397 3912 2452 sed
3935 2397 4080 2452 falso
4097 2399 4385 2472 scriptum
4409 2407 4534 2471 est;
4566 2401 4743 2458 melius
4759 2404 4815 2456 est

3237 2486 3416 2554 enim,
3452 2491 3514 2540 ut
3543 2487 3899 2558 expositores
3925 2486 4130 2542 dicunt
4163 2504 4176 2543 :
4207 2492 4445 2562 Sponde
4469 2507 4580 2564 pro
4603 2506 4763 2561 rugae
4783 2489 4812 2543 si

3237 2576 3453 2630 diceret
3478 2591 3490 2628 :
3513 2575 3565 2629 Si
3601 2575 3740 2646 quid
3771 2575 3981 2645 erravi,
4005 2580 4066 2630 tu
4098 2578 4321 2648 sponde
4371 2597 4475 2654 pro
4506 2597 4613 2646 me,
4639 2580 4727 2635 hoc
4743 2583 4814 2640 est.

3237 2664 3322 2718 sis
3353 2663 3494 2718 mihi
3528 2663 3857 2734 fidejussor,
3889 2668 3944 2718 et
3974 2664 4171 2737 accipe
4211 2682 4304 2722 me
4357 2668 4418 2723 in
4469 2669 4578 2725 ﬂde
4606 2673 4656 2724 et
4681 2671 4813 2740 prote-

3237 2754 3428 2808 ctionc
3451 2759 3550 2806 tua
3566 2769 3578 2817 ;
3595 2770 3706 2806 non
3716 2761 3800 2807 est
3810 2752 3963 2808 enim
3979 2752 4252 2824 volentis,
4264 2754 4815 2832 nequecurrestis;sel

3235 2842 3565 2896 miserentis
3599 2841 3706 2896 Dei
3730 2846 3812 2896 est
3842 2844 4116 2908 (Rom.tx,
4151 2844 4260 2914 16).
4296 2845 4364 2900 Et
4396 2847 4601 2903 iterum
4631 2845 4812 2902 ibi:Do-

3237 2931 3412 2994 mine,
3443 2929 3528 2986 sic
3557 2929 3786 2992 vivitur,
3819 2929 4061 3002 quidam
4091 2932 4320 2988 codices
4350 2934 4597 2992 habent:
4618 2935 4671 2991 Si
4685 2936 4752 2990 sic
4771 2931 4817 2988 vi-

3237 3021 3442 3085 vitur;
3473 3019 3574 3074 sed
3625 3036 3737 3074 non
3787 3023 3878 3073 est
3924 3017 4025 3084 ita,
4058 3020 4212 3076 sicut
4238 3021 4300 3077 Β.
4353 3024 4716 3098 Hieronymus
4737 3020 4813 3080 ait:

3237 3108 3685 3180 philosophatus
3733 3112 3822 3163 est
3866 3124 3965 3162 rex
4002 3108 4074 3164 de
4103 3112 4260 3164 statu
4292 3109 4481 3184 hujus
4508 3115 4653 3178 vitaz,
4682 3112 4743 3167 ita
4763 3111 4814 3164 di-

3236 3197 3444 3252 cendo:
3471 3197 3701 3252 Domine
3710 3197 3810 3263 ,sic
3828 3196 4123 3266 vivitur,id
4136 3198 4335 3268 est,ita
4350 3201 4577 3276 fragilis
4594 3208 4646 3260 et
4662 3201 4816 3258 caduca

3237 3291 3325 3341 est
3357 3285 3615 3341 humana
3638 3285 3939 3356 fragilitas.

1475 3374 1691 3432 tatione
1711 3391 2036 3448 pennarum
2069 3375 2428 3444 reviviscere,
2454 3376 2532 3430 ita
2554 3375 2649 3430 isti
2677 3376 2729 3429 in
2757 3374 2853 3430 Dei
2889 3372 3121 3429 servitio
3153 3363 3196 3429 C
3304 3372 3444 3428 ltem
3479 3373 3532 3428 in
3567 3371 3665 3426 illo
3700 3372 3962 3438 introitu,
3987 3374 4086 3429 ubi
4107 3376 4339 3434 canitur
4363 3396 4377 3434 :
4399 3379 4816 3446 Siticﬂes,seuitt

1473 3478 1704 3536 semper
1731 3467 1967 3522 current
1995 3468 2054 3520 et
2083 3482 2196 3520 non
2235 3464 2520 3528 laborent,
2553 3465 2853 3520 ambulent
2901 3469 2958 3519 et
3007 3481 3120 3518 non

1473 3549 1764 3618 deﬁcient,
1795 3551 1952 3606 sicut
1979 3553 2050 3607 de
2074 3551 2159 3607 eis
2191 3551 2473 3625 scriptum
2497 3558 2584 3607 est
2615 3569 2628 3606 :
2659 3554 3028 3608 Ambulabunt
3057 3553 3122 3608 de

1474 3639 1674 3692 virtute
1701 3639 1762 3692 in
1789 3640 2047 3695 virtutem
2079 3655 2094 3695 :
2129 3643 2194 3694 ut
2224 3645 2355 3712 post
2384 3639 2562 3712 hujus
2619 3641 2745 3694 vita:
2779 3641 3116 3709 terminum,

1470 3729 1782 3798 assumpto
1829 3743 2066 3800 corpore
2110 3726 2446 3796 immortali,
2481 3728 2630 3784 Deus
2663 3729 2902 3784 deorum
2935 3731 3006 3784 ab
3035 3731 3119 3786 eis

1479 3811 1667 3885 possit
1690 3811 1894 3869 videri.

1521 3894 1612 3954 ’In
1657 3897 1757 3956 illo
1800 3902 2170 3973 responsorio
2201 3919 2214 3958 :
2250 3903 2591 3973 llluminare,
2625 3907 2964 3972 illuminare,
2991 3909 3114 3964 Ilie-

1474 3987 1733 4057 rusalem,
1765 3990 1913 4046 venit
1955 3991 2056 4046 lux
2085 3995 2204 4059 tua,
2235 3991 2294 4047 in
2351 3994 2589 4050 Hebraeo
2647 3995 2928 4068 scriptum
2979 4000 3110 4052 est:

1471 4075 1665 4146 Surge,
1699 4077 2039 4148 illuminare,
2072 4082 2206 4154 quia
2256 4084 2403 4138 venit
2447 4083 2632 4138 lumen
2675 4093 2828 4140 tuum
2848 4104 2871 4150 ;
2901 4102 3112 4141 nomen

3230 3461 3318 3516 ad
3337 3477 3540 3533 aquas,
3555 3467 3609 3516 et
3629 3463 3731 3534 qui
3749 3477 3859 3518 non
3875 3464 4100 3518 habetis
4111 3467 4619 3539 pretium,oenite;
4640 3467 4817 3541 quidam

3230 3555 3485 3606 canunt:
3521 3551 3706 3607 Bibite
3727 3566 3857 3607 cum
3879 3551 4117 3620 laetitia;
4138 3555 4240 3610 sed
4269 3555 4593 3615 dicendum
4621 3576 4682 3615 ex
4699 3559 4815 3629 juxta

3231 3639 3606 3712 prophetam:
3624 3641 3923 3697 Comedite
3938 3643 4436 3711 ;non,bibite.Sed
4450 3648 4724 3722 quomodo
4733 3659 4817 3718 pos

3230 3745 3437 3783 sumus
3483 3745 3693 3800 aquam
3745 3729 4049 3785 comedere
4070 3731 4098 3786 ‘t
4127 3748 4265 3789 nam
4297 3751 4470 3794 sacra
4497 3738 4761 3810 Scriptura
4780 3732 4815 3785 in

3229 3815 3582 3888 quihusdam
3633 3815 3775 3872 locis
3824 3822 3916 3873 est
3963 3818 4149 3889 cibus,
4184 3821 4244 3877 in
4274 3825 4638 3896 quibusdam
4663 3828 4815 3900 potus:

3227 3905 3563 3977 ubicunque
3591 3921 3724 3962 cum
3775 3906 4120 3965 difficultate
4151 3912 4404 3984 capitur,
4437 3915 4610 3973 cibus
4637 3921 4732 3980 est,
4755 3911 4816 3966 ubi

3227 4011 3360 4050 vero
3394 3993 3622 4051 facilem
3652 3994 3825 4052 habet
3855 3995 4327 4070 intelligentiam,
4362 4009 4544 4077 potus
4571 4010 4673 4063 est.
4697 4003 4818 4059 Etcst

3224 4100 3435 4139 sensus
3468 4101 3482 4150 ;
3513 4083 3556 4140 Ο
3587 4083 3854 4156 gentiles,
3889 4085 3988 4157 qui
4022 4087 4276 4145 sitiendo
4308 4091 4660 4152 desideratis
4684 4091 4818 4148 scien-

1467 4166 1811 4224 Hierusalem
1842 4167 1902 4226 in
1932 4168 2172 4226 Hebrmo
2201 4187 2314 4226 non
2343 4171 2614 4239 habetur,
2643 4178 2705 4228 ut
2735 4175 3025 4246 signiticet
3047 4192 3114 4230 ea
3223 4171 3366 4228 tiam
3402 4171 3627 4229 Veteris
3657 4178 3712 4229 et
3741 4173 3884 4229 Novi
3917 4175 4298 4246 Testamenti,
4328 4183 4530 4240 venite
4577 4184 4646 4241 ad
4688 4193 4816 4253 aquas

1468 4269 1596 4346 qua:
1627 4255 1843 4346 scripta
1871 4261 1928 4313 et
1955 4259 2250 4332 promissa
2297 4266 2455 4326 sunt,
2490 4279 2602 4316 non
2640 4261 3006 4319 solummodo
3037 4265 3109 4319 ad
3223 4259 3718 4332 baptismatis,vel
3750 4265 3818 4319 ad
3852 4263 4006 4319 dona
4034 4266 4290 4337 Spiritus
4307 4272 4524 4341 sancti,
4546 4278 4610 4336 et
4631 4271 4718 4346 qui
4745 4284 4816 4323 nun

1468 4341 1830 4402 Hierusalem
1878 4349 1936 4402 et
1971 4348 2042 4404 ad
2073 4347 2304 4406 Judaeos
2332 4350 2640 4422 pertinere,
2672 4353 2772 4408 sed
2803 4353 2873 4407 ad
2906 4369 3110 4409 omnes

1466 4425 1868 4501 generationes
1911 4435 2280 4508 generaliter,
2312 4455 2439 4510 qua:
2488 4437 2547 4493 in
2596 4439 2892 4495 Christum
2945 4447 3110 4496 erant

1466 4517 1791 4576 crediturae.
1822 4522 1892 4577 Et
1921 4522 2074 4583 infra
2106 4541 2118 4580 :
2154 4527 2295 4582 Filii
2348 4529 2432 4582 tui
2479 4527 2544 4582 de
2592 4529 2749 4597 longe
2793 4531 3026 4598 venient,
3059 4538 3110 4586 et

1462 4604 1602 4676 ﬁliae
1630 4611 1744 4670 tuae
1771 4610 1861 4667 lac
1887 4621 2120 4684 sugent;
2149 4613 2389 4686 quidam
2427 4615 2507 4671 ita
2535 4617 2928 4690 distinguunt.
2948 4623 3011 4672 ut
3027 4618 3108 4674 di-

3221 4349 3449 4406 habetis
3481 4351 3879 4422 argentum,id
3897 4358 3986 4408 est
4015 4353 4248 4428 eloquia
4279 4357 4542 4428 Domini,
4573 4363 4641 4417 de
4659 4359 4816 4434 quibus

3218 4438 3357 4494 dicit
3376 4438 3687 4495 Psalmista
3710 4457 3723 4496 :
3748 4439 4005 4514 Eloquia
4033 4443 4285 4517 Domini,
4307 4447 4556 4524 eloquia
4583 4458 4818 4512 casta!"

3214 4533 3449 4601 gentum
3475 4529 4403 4606 igneexaminatummrobatum;
4430 4537 4816 4614 properate,cito

3215 4616 3403 4674 venite
3434 4618 3505 4673 ad
3539 4617 3713 4673 tidem
3745 4635 3957 4689 meam,
3989 4621 4166 4678 emite
4196 4625 4354 4682 dona
4396 4628 4660 4702 Spiritus
4686 4624 4819 4684 sancti

1465 4694 1601 4796 cant
1627 4696 1693 4754 de
1720 4698 1873 4772 lacte,
1905 4706 1962 4759 et
1997 4709 2202 4777 postea
2244 4704 2608 4796 subiungant
2652 4716 2961 4796 resurgant,
2992 4725 3104 4780 pu-
3137 4731 3182 4796 υ
3215 4712 3270 4796 et
3283 4723 3493 4796 aquam
3509 4705 3902 4779 baptismatis,
3917 4725 4033 4766 non
4056 4712 4243 4783 pretio
4269 4716 4401 4772 auri
4423 4694 4820 4792 velargentiaut

1464 4785 1658 4842 tantes
1685 4801 2046 4863 consequens
2076 4809 2205 4850 esse
2237 4799 2303 4850 ut
2331 4793 2415 4849 illi
2446 4794 2687 4850 dictioni
2731 4795 2796 4851 de
2825 4797 2980 4868 longe
3009 4815 3103 4853 re-

1465 4872 1748 4958 spondeat
1779 4875 1957 4936 altera
1986 4881 2159 4940 dictio
2188 4881 2254 4940 de
2291 4884 2444 4940 lacte.
2478 4884 2587 4940 Sed
2623 4884 2684 4939 Β.
2723 4885 3103 4958 Hieronymus

1467 4957 1646 5052 alium
1677 4979 1914 5052 sensum
1946 4970 2106 5042 ponit
2137 4976 2199 5028 ut
2227 4971 2408 5030 dicat:
2442 4976 2610 5032 Filiae
2637 4982 2750 5031 tum
2777 4975 2862 5030 lac
2887 4957 3099 5045 sugent,

1467 5047 1750 5140 animae
1782 5051 1841 5113 in
1865 5055 2089 5116 Christo
2109 5059 2413 5130 lactantes,
2439 5063 2496 5118 in
2529 5062 2877 5136 baptismate
2899 5082 3102 5138 parvu-

1467 5129 1845 5225 lorum,sicut
1866 5142 2065 5201 Petrus
2087 5149 2382 5218 apostolus
2400 5129 2551 5208 dicit
2575 5129 2792 5221 {Quasi
2812 5129 2972 5210 modo
3000 5171 3097 5225 ge-

1468 5220 1580 5316 niti
1608 5222 2215 5316 infantem-rationabile
2257 5239 2376 5293 sine
2419 5240 2537 5297 dolo
2585 5220 2670 5297 lac
2697 5220 3092 5316 concupiscite;

3213 4795 3411 4868 aliquo
3443 4795 3804 4868 hujusmodi,
3833 4799 3935 4855 sed
3983 4801 4273 4860 credendo
4303 4811 4359 4861 et
4391 4809 4548 4865 bene
4587 4803 4820 4883 operando

3214 4885 3501 4942 comedim
3532 4885 3720 4958 ipsam
3749 4903 3989 4960 aquam,
4015 4889 4344 4950 doctrinam
4375 4896 4606 4954 scilicet
4636 4895 4818 4970 spirita-

3213 4974 3352 5042 lem,
3381 4974 3468 5032 vel
3509 4975 3664 5032 dona
3709 4975 3964 5050 Spiritus
4009 4981 4222 5049 sancti,
4255 4983 4578 5058 audiendo,
4608 4984 4818 5060 legendo.

3212 5065 3572 5134 meditando,
3605 5066 3777 5123 corde
3808 5067 4133 5125 retinendo.

3185 5196 3196 5204 .
3281 5155 3343 5211 In
3376 5153 3477 5210 illa
3507 5152 3774 5222 lectione,
3797 5155 3898 5211 ubi
3930 5154 4182 5230 legitur:
4213 5165 4340 5218 Non
4379 5166 4683 5224 tocaberis
4707 5164 4821 5218 ultra

3206 5244 3574 5309 Derelicta,et
3587 5252 3752 5300 terra
3761 5251 3860 5300 tua
3873 5261 3986 5304 non
3999 5249 4296 5308 vocabitur
4308 5255 4570 5323 amplius
4579 5251 4816 5312 Duo/0'6:

1469 5304 1900 5412 ξξξῗξεξδτνυιί
1925 5317 2062 5412 Δἱεὶς,
2094 5321 2152 5376 id
2191 5327 2308 5412 est,
2323 5325 2645 5412 doctrinam
2694 5304 3094 5403 apostolorum
3207 5331 3264 5386 in
3289 5304 3639 5404 quibusdam
3665 5331 3963 5390 codicibus
3985 5304 4820 5412 subsequituroocabaunvn
4797 5304 4815 5348 "

1471 5395 1707 5492 interim
1737 5405 1966 5471 sugant,
1995 5404 2179 5492 donec
2229 5408 2478 5467 solidum
2529 5395 2785 5487 perfectae
2819 5421 3094 5479 doctrinae
3208 5395 3502 5478 Voluntas
3520 5438 3650 5478 mea
3674 5421 3734 5480 in
3752 5436 3910 5491 aeto;
3933 5423 4035 5480 sed
4057 5395 4816 5492 falsoznam'llebr-aicevcon-

1473 5477 1902 5578 cibumpapere
1933 5489 2178 5564 valeant,
2204 5495 2290 5551 vel
2333 5498 2482 5555 sicut
2528 5477 2706 5578 aliqui
2734 5509 2959 5568 codices
2989 5477 3093 5569 ha;

1471 5568 1648 5667 bent:
1679 5569 1750 5667 De
1778 5571 1942 5667 latere
1975 5590 2234 5650 surgent;
2265 5591 2364 5640 aut
2408 5590 2557 5646 enim
2603 5568 2910 5666 legendum
2959 5568 3089 5657 est:

1471 5657 1882 5758 ﬁitz'wtuizihlac
1928 5676 2140 5758 sugent,
2179 5676 2421 5744 autﬁlize
2437 5686 2544 5736 tuae
2562 5681 2625 5736 de
2653 5657 2818 5742 latere
2845 5695 3089 5758 surgent.

1475 5742 1595 5842 Hoc
1624 5743 1955 5817 signiﬁcans
1985 5757 2164 5828 quod,
2197 5759 2344 5818 sicut
2371 5764 2484 5821 Eva
2513 5772 2696 5824 mater
2735 5742 2994 5832 omnium
3025 5796 3095 5835 ex

3203 5510 3537 5567 suetudinis
3567 5514 3656 5566 est
3683 5515 3746 5566 ut
3775 5527 3846 5566 ex
3876 5513 4051 5569 rebus
4090 5517 4373 5576 vocabula
4402 5536 4649 5598 semper
4675 5521 4815 5592 impo-

3205 5605 3364 5666 nant,
3399 5600 3552 5656 sicut
3581 5600 3819 5668 Abram,
3853 5601 3952 5673 qui
4003 5603 4171 5676 prius
4217 5607 4530 5667 dicebatur
4565 5618 4727 5684 pater
4746 5623 4814 5662 α-

3199 5688 3424 5756 cclsus;
3455 5689 3668 5745 iterum
3702 5691 3938 5762 quando
3968 5693 4195 5751 audivit
4224 5713 4328 5769 per
4353 5702 4814 5772 promissionem:

3201 5781 3274 5834 Et
3299 5779 3356 5835 in
3375 5779 3590 5836 semine
3609 5784 3710 5834 tuo
3740 5779 4142 5842 benedicentur
4157 5803 4352 5848 omnes
4368 5787 4813 5868 gentegappella-
