4868 6460
684 522 851 589 Μιὸ

1676 527 1779 589 DE
1819 526 2057 589 VMllA
2104 524 2355 589 PSAL’M
2370 542 2405 589 ι·
2432 526 2552 594 ET”
2573 526 2801 594 CANT.
2820 546 2825 551 ‘
2846 527 3143 595 MODUL.

3945 529 4101 609 me

681 694 788 748 tus
814 691 907 746 est
932 688 1256 758 Abraham,
1278 687 1338 746 id
1368 691 1478 761 est,
1492 691 1654 761 pater
1678 688 1984 744 multarum
2009 689 2273 757 gentium,
2289 689 2346 743 et
2374 687 2426 755 Α
2458 686 2614 745 dicta
2651 692 3059 761 permanerent
3096 686 3467 763 inconvulsa,
3481 690 3556 746 ut
3602 690 3764 758 sunt,
3811 688 4099 760 advortite,

686 779 985 839 Dominus
1015 778 1286 836 Salvator
1314 778 1468 834 inter
1495 782 1701 833 caetera
1739 776 1978 833 nomina
2024 776 2349 850 appellatus

690 858 1242 936 estEmmmanuel,
1269 859 1855 942 quodinterpretatur
1868 866 2149 922 nobiscum
2170 871 2346 933 Deus;

686 960 787 1015 ita
815 974 971 1014 nunc
996 956 1257 1014 Ecclesia
1274 959 1513 1012 vocatur
1538 953 1813 1010 Hebraice
1843 955 2084 1025 Ephiba,
2100 954 2252 1026 quod
2269 955 2351 1008 in-

689 1034 1060 1121 terpretatur
1080 1046 1335 1101 voluntas
1370 1060 1492 1100 mea
1516 1046 1576 1099 in
1605 1060 1668 1099 ea
1688 1062 1711 1109 ;
1741 1048 1797 1098 et
1825 1048 1913 1099 est
1950 1060 2159 1099 sensus
2186 1059 2200 1098 :
2236 1039 2350 1097 nan

687 1134 1008 1193 vocaberis
1040 1134 1196 1190 ultra
1226 1132 1508 1189 Derelicta
1536 1150 1571 1187 a
1599 1133 1734 1199 Deo,
1768 1136 1824 1187 et
1852 1135 2009 1187 terra
2035 1135 2154 1199 tua,
2174 1131 2229 1186 id
2264 1134 2354 1187 est

692 1223 991 1280 habitatio
1016 1225 1268 1291 tua,non
1298 1221 1601 1277 vocabitur
1628 1219 1880 1294 amplius
1912 1220 2193 1284 Desolata,
2217 1220 2355 1291 quia

691 1312 977 1370 Christus
1008 1310 1299 1367 habitabit
1325 1311 1385 1365 in
1411 1309 1601 1365 medio
1628 1310 1713 1364 tui
1737 1328 1750 1378 ;
1785 1310 1886 1365 sed
1916 1309 2213 1364 vocaberis
2240 1309 2354 1364 Vo-

695 1400 907 1456 luntas
929 1415 1061 1455 mea
1088 1398 1149 1453 in
1175 1415 1263 1465 ea,
1295 1397 1354 1453 id
1384 1402 1473 1453 est
1502 1396 1755 1453 Ecclesia
1785 1396 2025 1463 Christi;
2049 1385 2105 1452 et
2134 1396 2357 1453 dicetur

695 1490 780 1546 de
812 1492 869 1545 te
900 1505 914 1543 :
950 1489 1071 1544 Ista
1113 1486 1371 1543 Ecclesia
1418 1485 1651 1553 Christi,
1684 1502 1812 1557 quae
1858 1485 2216 1540 voluntatem
2248 1489 2356 1541 Do-

697 1576 858 1634 mini
882 1575 1037 1632 facit.
1053 1574 1239 1648 Igitur
1266 1590 1541 1648 rogemus
1573 1573 1886 1630 Dominum
1910 1577 1974 1629 ut
2001 1573 2356 1629 voluntatem

694 1666 839 1738 ejus
867 1664 1147 1723 facientes
1176 1662 1365 1736 ipsius
1392 1666 1613 1718 sancta
1641 1662 1849 1718 matris
1876 1662 2144 1718 Ecclesiae
2172 1666 2227 1718 et
2244 1662 2357 1718 dici

695 1758 766 1812 et
795 1770 929 1811 esse
958 1751 1064 1810 filii
1096 1752 1494 1826 possimus,ut
1515 1751 1572 1806 in
1596 1755 1875 1807 aeternum
1906 1755 1963 1806 et
1990 1751 2050 1806 in
2080 1749 2360 1813 saeculum

696 1842 913 1900 saeculi
945 1858 1081 1898 cum
1106 1841 1234 1913 ipso
1264 1844 1321 1896 et
1348 1840 1409 1895 in
1433 1839 1561 1912 ipso
1591 1855 1931 1912 permanere
1964 1838 2286 1895 valeamus.

776 1934 838 1987 7.
871 1931 1041 1987 Nunc
1068 1928 1250 2003 igitur
1278 1927 1420 1985 libet
1445 1928 1640 1985 animo
1671 1930 1870 1984 notare
1900 1928 2184 2000 quosdam
2220 1945 2327 1983 can
2347 1958 2362 1969 -

691 2025 829 2092 tus,
861 2017 964 2091 qui
994 2017 1054 2073 in
1084 2021 1290 2075 sancta
1319 2015 1576 2073 Ecclesia
1595 2016 1817 2088 absque
1843 2032 2021 2071 sacras
2050 2015 2361 2089 Scripturee

695 2107 1060 2165 auctoritate
1103 2104 1375 2161 videntur
1421 2104 1754 2176 compositi,
1799 2103 1888 2159 vel
1940 2103 2195 2160 humano
2252 2122 2362 2160 usu

683 2197 881 2270 juxta
909 2194 1116 2251 libit’us
1173 2193 1497 2249 carnalium
1540 2191 1995 2248 extraordinaria
2043 2192 2362 2264 compilati,

694 2301 831 2341 non
844 2283 1210 2339 attendentes
1224 2282 1325 2354 qui
1348 2280 1489 2337 talia
1507 2282 1893 2337 concinebant
1912 2282 2065 2353 quod
2081 2282 2364 2338 Dominus

694 2372 1108 2448 praecipiendo
1139 2387 1241 2444 per
1262 2370 1613 2443 prophetam
1644 2369 2126 2426 clamatzPsallite
2149 2372 2363 2442 patien-

695 2467 796 2518 ter
825 2461 1001 2533 (Psal.
1031 2476 1183 2527 xcvx,
1207 2460 1262 2530 8)
1289 2476 1304 2528 ;
1339 2463 1395 2515 et
1423 2459 1482 2514 in
1514 2458 1759 2514 concilio
1790 2458 2056 2514 Africano
2087 2460 2366 2515 constitu-

695 2555 846 2607 tum
876 2553 966 2605 est
986 2536 1051 2604 ut
1079 2564 1281 2621 preces
1298 2551 1355 2603 et
1383 2548 1695 2613 orationes,
1718 2547 1829 2602 nisi
1848 2547 2103 2619 probatae
2128 2548 2362 2616 fuerint,

696 2655 834 2695 non
860 2636 1153 2705 dicantur,
1167 2652 1275 2692 nec
1303 2634 1499 2707 aliqua
1526 2651 1595 2691 ex
1612 2635 1706 2691 his
1718 2634 1978 2691 omnimo
2009 2636 2365 2693 cananturin

691 2714 994 2794 Ecclesia,
1050 2724 1164 2780 nisi
1213 2741 1346 2796 quae
1390 2741 1426 2780 a
1477 2723 1960 2796 prudentioribus
2024 2728 2270 2780 tractata
2311 2729 2368 2780 ct

694 2813 1095 2886 comprobata
1123 2811 1339 2869 fuerint
1368 2812 1427 2867 in
1459 2813 1700 2886 synodo,
1728 2828 1799 2868 ne
1822 2812 1966 2868 forte
1996 2812 2219 2884 aliquid
2236 2829 2367 2868 con-

692 2907 807 2960 tra
838 2901 1017 2957 ﬁdem
1045 2898 1134 2957 vel
1159 2917 1265 2974 per
1288 2899 1676 2973 ignorantiam
1717 2900 1805 2956 vel
1838 2917 1940 2972 per
1988 2902 2249 2958 studium
2293 2902 2369 2958 sit

699 2990 1135 3063 compositum.
1169 2984 1276 3045 Ubi
1296 2990 1545 3045 breviter
1574 2988 2058 3045 considerandum
2074 2991 2227 3062 quod
2251 3008 2365 3046 non

696 3079 913 3141 solum
961 3095 1032 3134 ea
1058 3070 1200 3151 quae
1249 3078 1442 3133 studio
1474 3078 1868 3149 perfidiae,sed
1902 3078 2075 3133 etiam
2106 3077 2209 3134 illa
2237 3095 2366 3150 quae

698 3166 1451 3239 simplicitateignorantia:
1477 3170 1679 3221 contra
1709 3165 1840 3221 ﬁdei
1873 3166 2133 3236 regulam
2155 3167 2369 3222 fuerint

693 3246 1067 3328 composita,
1096 3255 1221 3328 pari
1252 3254 1753 3310 animadversione
1796 3259 1936 3310 sunt
1982 3256 2362 3327 repudianda.

698 3348 938 3404 Beatus
967 3360 1200 3416 quoque
1236 3343 1644 3416 Hieronymus,
1677 3360 1810 3398 cum
1859 3348 2171 3416 exponeret
2218 3362 2366 3416 prae-

2456 777 2635 845 diunt,
2712 780 2882 849 ipsus,
2933 782 3203 852 optumus,
3260 795 3576 851 maxumus,
3625 779 3746 850 olli,
3804 779 4103 854 multaque

2458 865 2552 922 his
2583 865 3056 938 similia,quanto
3087 867 3277 941 magis
3303 866 3627 924 caelestium
3648 867 3953 924 verborum
3985 887 4107 925 ora-

2460 953 2660 1008 culain
2693 971 2799 1010 sua
2817 954 3181 1026 perseverare
3210 956 3424 1012 debent
3445 955 3672 1029 regula!
3702 974 3839 1012 nam
3864 956 4103 1029 quidam

2459 1042 2520 1096 in
2552 1042 2881 1115 Evangelio,
2909 1043 3009 1098 ubi
3040 1044 3256 1117 legitur
3292 1061 3304 1100 :
3338 1046 3406 1100 Et
3433 1045 3550 1102 dico
3582 1046 3730 1114 huic,
3754 1045 3906 1115 vade,
3936 1054 3990 1102 et
4012 1062 4106 1102 va-

2458 1130 2578 1197 dit,-
2607 1139 2658 1186 et
2701 1133 2830 1199 alio,
2863 1135 3008 1201 veni,
3054 1140 3105 1189 et
3144 1135 3331 1202 venit;
3363 1133 3610 1205 cupiunt
3654 1135 3964 1190 emendare
3996 1151 4009 1189 :
4043 1137 4108 1191 Et

2460 1219 2583 1286 alii,
2603 1222 2745 1287 veni,
2760 1228 2811 1275 et
2835 1221 3090 1276 venit.Et
3120 1222 3219 1277 ubi
3241 1225 3511 1277 sanctum
3541 1221 3918 1295 Evangelium
3932 1221 4103 1279 dicit:

2464 1307 2604 1375 Quia
2645 1309 2817 1364 virtus
2867 1310 2933 1365 de
2980 1310 3076 1366 illo
3124 1311 3315 1366 exebat
3368 1317 3420 1365 et
3465 1311 3698 1366 sanabat
3738 1326 3921 1367 omnes
3952 1328 3977 1375 ,°
4023 1309 4106 1366 illi

2462 1396 2935 1465 emendant,suia
2965 1400 3140 1454 virtus
3171 1397 3238 1453 de
3268 1398 3364 1454 illo
3392 1399 3684 1454 exibat.Et
3706 1398 3803 1453 ubi
3832 1398 4107 1456 Zachaaus

2464 1484 2521 1540 in
2555 1485 2863 1558 Evangelia
2893 1486 3068 1543 dicit:
3089 1488 3154 1543 Si
3180 1488 3418 1560 aliquem
3447 1485 4109 1559 defraudavi,illidicunt

2465 1572 2774 1645 defrudavi.

2534 1662 2641 1717 Sed
2675 1661 2734 1717 in
2766 1662 2866 1718 illa
2891 1663 3183 1719 offerenda
3207 1681 3310 1736 pro
3342 1654 3769 1731 defunctis,ubi
3801 1663 4102 1721 canimus:

2467 1751 2663 1807 Libera
2690 1752 2907 1806 animos
2934 1754 3183 1808 omnium
3207 1752 3454 1825 ﬁdelium
3479 1752 3822 1823 defuctorum
3848 1753 3913 1809 de
3939 1769 4110 1809 manu

2470 1840 2698 1912 inferni,
2729 1843 2783 1895 et
2830 1840 2896 1895 de
2942 1840 3212 1913 profundo
3256 1842 3404 1910 laci;
3439 1839 3621 1914 aliqui
3670 1856 3804 1897 cum
3856 1841 4110 1915 quodam

2471 1928 2689 1983 mentis
2716 1927 3000 1984 cothurno
3021 1935 3239 1986 canunt
3262 1947 3274 1986 :
3295 1929 3362 1986 de
3384 1928 3657 2002 profundo
3707 1929 3877 2003 lacus,
3910 1930 4111 1987 minus

2471 2016 2839 2072 attendentes
2889 2017 3041 2089 quod
3090 2017 3236 2074 illud
3278 2034 3489 2074 nomen
3550 2019 3722 2083 lacus,
3767 2016 4110 2091 genitivum,

2463 2105 2638 2176 juxta
2668 2108 2977 2177 utramque
3007 2102 3479 2175 declinationem,
3506 2105 3563 2161 id
3597 2111 3686 2163 est
3713 2106 4029 2163 secundum
4059 2109 4118 2162 et

2471 2195 2760 2265 quartam,
2795 2192 2941 2248 solet
2972 2194 3242 2266 perferre.
3274 2194 3488 2249 Verum
3536 2195 3859 2250 secundum
3898 2193 4119 2251 idioma

2471 2297 2648 2338 sacrm
2680 2282 2990 2354 Scripturis
3022 2283 3235 2355 saepius
3264 2282 3411 2339 solet
3432 2281 3567 2356 poni
3594 2283 3721 2347 laci,
3754 2299 3931 2355 quam
3945 2284 4116 2349 lacus,

2472 2370 2759 2442 praecipue
2791 2370 2888 2425 ubi
2929 2369 3046 2426 alta
3076 2371 3237 2427 fovea
3266 2375 3323 2426 et
3351 2371 3599 2444 abyssus
3629 2370 3717 2426 vel
3755 2368 4113 2443 profundum

2471 2457 2679 2513 inferni
2714 2457 3073 2531 designatur.
3101 2459 3476 2531 lgttnrlsaias
3509 2458 3813 2530 propheta,
3833 2457 3933 2531 qui
3964 2459 4036 2515 de
4055 2476 4118 2515 se

2473 2545 2724 2602 dicit:Bt
2752 2546 2957 2603 volavit
2986 2548 3056 2602 ad
3086 2564 3172 2603 me
3198 2563 3341 2602 unus
3373 2546 3440 2603 de
3468 2546 3780 2618 Seraphim,
3806 2548 3932 2602 etin
3949 2563 4119 2603 manu

2472 2635 2594 2706 ejus
2621 2636 2887 2701 calculus,
2923 2652 3080 2708 quem
3106 2637 3312 2708 forcipe
3336 2636 3539 2691 tulerat
3566 2635 3632 2692 de
3658 2636 3849 2704 altari,
3870 2642 3923 2693 et
3943 2636 4120 2707 tetigit

2472 2740 2531 2780 os
2549 2740 2732 2780 meum
2761 2732 2813 2779 et
2841 2723 2987 2780 dixit
3017 2741 3030 2779 :
3065 2725 3194 2780 Ecce
3222 2726 3397 2795 tetigit
3425 2724 3522 2780 hoc
3551 2724 3697 2779 labia
3727 2731 3842 2791 tua,
3876 2729 3929 2779 et
3964 2726 4119 2796 aufe-

2479 2817 2638 2868 retur
2688 2813 2953 2885 iniquitas
2993 2816 3110 2879 tua,
3141 2820 3194 2869 et
3215 2819 3492 2885 peccatum
3536 2820 3691 2869 tuum
3727 2811 4121 2882 mandabitur;

2483 2900 2630 2973 ipse,
2664 2901 2927 2974 inquam,
2960 2901 3106 2957 dixit
3138 2918 3150 2957 :
3192 2904 3567 2958 Verumtamen
3593 2902 3665 2957 ad
3701 2903 3982 2974 infernum
4027 2901 4122 2958 de-

2476 2991 2709 3045 traheris
2734 2991 2794 3044 in
2815 2989 3152 3061 profundum
3169 2992 3278 3046 laci
3293 2994 3387 3056 ;et
3418 2990 3629 3046 iterum
3651 2990 3786 3056 :Qui
3798 2988 4125 3047 descendunt

2473 3076 2543 3132 ad
2570 3076 2932 3148 fundamenta
2959 3078 3085 3145 laci,
3120 3078 3177 3131 id
3210 3081 3299 3132 est
3318 3077 3703 3134 inferniJure
3725 3078 3907 3152 igitur
3933 3095 4128 3135 cense-

2474 3182 2609 3221 mus
2635 3164 2794 3221 illius
2842 3167 3249 3221 auctaritatem
3299 3165 3488 3239 magis
3536 3165 3728 3238 sequi,
3760 3168 3931 3239 cujus
3971 3165 4127 3223 labia

2475 3254 2756 3309 mundata
2785 3258 2926 3308 sunt
2953 3253 3086 3327 igne
3110 3252 3348 3322 caelesti,
3382 3270 3560 3325 quam
3589 3252 3995 3327 magisterium
4018 3255 4123 3311 ali-

2477 3342 2650 3413 cujus
2681 3342 2940 3399 auctoris
2971 3342 3362 3416 grammatici.

699 3400 1255 3506 ;eptumllpostoli,
1287 3432 1389 3487 ubi
1415 3400 1852 3503 aitzlmplemiui
1866 3400 2106 3503 spiritu,
2140 3400 2365 3505 loqiwn-
2392 3412 2446 3484 α
2547 3400 2621 3486 Et
2651 3430 2851 3487 Daniel
2883 3400 3025 3486 huic
3061 3431 3259 3487 sensui
3284 3431 3554 3505 congruit
3585 3450 3598 3487 :
3629 3432 3844 3489 Attalus
3864 3400 3942 3488 est
3988 3433 4133 3506 lapis

695 3532 794 3581 tes
843 3521 1238 3593 vobismetipsis
1284 3522 1345 3576 in
1388 3522 1634 3592 psalmis,
1683 3528 1735 3576 et
1777 3522 2016 3592 hymnis,
2047 3529 2098 3577 et
2142 3524 2370 3577 canticis

697 3601 1417 3683 spiritualibusmantantes
1446 3617 1499 3664 et
1524 3609 1816 3680 psallentes
1832 3610 2154 3666 incordibus
2182 3612 2370 3666 vestris

690 3698 950 3757 Domino
995 3694 1231 3770 (Ephes.'
1262 3715 1318 3763 v,
1361 3697 1450 3767 1-9)
1486 3715 1499 3763 ;
1551 3696 1701 3753 inter
1745 3702 1948 3753 caetera
1997 3698 2122 3755 ait:
2154 3703 2370 3755 Canere

704 3786 1001 3860 igitur,et
1029 3780 1300 3858 psallere,
1313 3784 1621 3841 etlaudare
1642 3785 1955 3841 Dominum
1971 3787 2160 3860 magis
2173 3786 2368 3844 animo

688 3891 901 3950 quam
928 3889 1068 3930 voce
1098 3874 1401 3930 debemus.
1436 3873 1599 3929 Unde
1649 3878 1888 3930 sanctus
1932 3879 2097 3947 pater
2125 3877 2367 3932 Benedi-

688 3968 849 4022 ctus
879 3961 1050 4018 nobis
1083 3961 1344 4035 prmcipit
1384 3961 1584 4017 dicens
1617 3979 1630 4017 :
1665 3984 1693 4012 «
1721 3963 1813 4018 Sic
1857 3967 2061 4019 stemus
2107 3964 2180 4019 ad
2215 3965 2366 4036 psal-

687 4050 942 4113 tendum
967 4058 1031 4108 ut
1052 4066 1205 4107 mens
1226 4059 1412 4107 nostra
1440 4050 1724 4106 concordet
1751 4053 1872 4106 voci
1898 4060 2120 4109 nostrae.
2155 4073 2184 4102 »
2216 4054 2368 4118 Quo-

689 4136 1094 4199 modo'mens
1124 4142 1325 4195 nostra
1350 4133 1476 4194 voCi
1505 4139 1835 4206 concordat,
1855 4155 1988 4195 cum
2012 4139 2366 4196 modulando

687 4230 774 4287 in
807 4222 999 4284 altum
1026 4241 1229 4283 vocem
1261 4220 1542 4294 levamus,
1563 4230 1666 4281 aut
1691 4227 1931 4282 omnino
1953 4227 2024 4282 de
2037 4244 2203 4283 sacra
2221 4229 2368 4283 Scri-

688 4320 894 4394 ptura
923 4317 1209 4382 tacemus,
1238 4318 1342 4371 aut
1387 4315 1562 4370 verba
1588 4318 1691 4371 aut
1738 4330 1981 4370 sensum
2012 4316 2072 4370 in
2104 4315 2363 4372 alienum

681 4398 1081 4461 intellectum
1113 4398 1598 4472 mutamus,illud
1620 4400 2008 4474 Virgilianum
2039 4403 2234 4474 potius
2253 4403 2363 4459 im-

684 4491 943 4568 plentes
962 4491 1095 4547 :Dat
1110 4492 1235 4546 sine
1256 4486 1437 4546 mente
1464 4506 1661 4547 sonum
1687 4529 1701 4556 ,
1735 4506 1911 4561 quam
1944 4489 2085 4546 illud
2133 4495 2363 4563 aposto-

682 4574 920 4644 licum,
952 4576 1109 4650 quad
1140 4593 1321 4649 supra
1350 4576 1678 4649 posuimus,
1710 4577 2109 4648 preceptum?

758 4669 842 4722 8.
857 4665 931 4721 Et
941 4664 1160 4720 mirum
1178 4665 1239 4720 in
1256 4664 1519 4733 modum,
1537 4665 1680 4720 dum
1704 4663 1941 4735 quidam
1960 4664 2140 4738 hujus
2156 4667 2363 4722 mundi

2477 3535 2641 3587 unus,
2674 3526 2726 3575 et
2745 3522 2952 3592 positus
2982 3528 3060 3575 est
3088 3536 3256 3592 supra
3287 3536 3344 3577 os
3375 3521 3483 3577 laci
3501 3539 3524 3585 ,ο
3552 3524 3609 3576 et
3646 3518 3860 3576 iterum
3890 3537 3904 3577 :
3936 3525 3991 3577 et
4018 3537 4129 3578 non

2473 3616 2834 3680 pervenerant
2860 3625 3028 3681 usque
3055 3609 3125 3665 ad
3146 3611 3521 3680 pavimenzum
3545 3609 3675 3675 laci,
3720 3610 3886 3666 donec
3905 3626 3994 3665 an
4010 3612 4127 3682 ipe-

2478 3705 2600 3753 rent
2629 3713 2717 3753 eos
2746 3698 2940 3762 leones,
2972 3705 3023 3753 et
3069 3700 3255 3753 omnia
3300 3714 3419 3754 ossa
3448 3714 3637 3754 eorum
3665 3699 4129 3754 comminuerunt.

2478 3784 2737 3841 Petimus
2767 3784 2947 3859 igitur
2974 3786 3234 3842 canendo
3260 3789 3325 3841 ut
3350 3786 3595 3842 Domino
3627 3786 3857 3844 animas
3881 3803 4128 3844 suorum

2478 3873 2743 3929 fidelium
2774 3875 2846 3930 dc
2879 3874 3166 3947 profundo
3196 3874 3326 3943 laci,
3359 3874 3418 3931 id
3449 3879 3538 3931 est
3575 3874 3811 3942 inferni,
3861 3874 4091 3932 libez'et.

2548 3958 2841 4018 Debemus
2871 3960 3052 4034 igitur
3082 3979 3258 4018 sacrae
3304 3963 3619 4036 Scriptum
3651 3964 3863 4020 seriem
3889 3962 4134 4020 ﬁrmiter

2475 4054 2672 4106 tenere
2713 4067 2779 4106 ac
2818 4051 2946 4122 ejus
2990 4057 3245 4108 leuorem
3287 4050 3345 4106 in
3391 4050 3670 4107 omnibus
3720 4050 4133 4108 inviolabiliter

2476 4138 3183 4206 obscrvare,attendentes
3208 4139 3363 4211 quod
3396 4139 3634 4211 quidam
3659 4139 3892 4212 sapiens
3922 4140 4126 4196 admo-

2468 4231 2579 4282 net
2608 4227 2808 4282 dicens
2834 4244 2847 4282 :
2882 4226 3143 4283 Prudens
3176 4226 3375 4293 lector,
3404 4242 3636 4299 semper
3664 4244 3800 4294 cave
3840 4228 4128 4300 supersti-

2475 4315 2687 4371 tiosam
2721 4314 3184 4388 intelligentiam,
3210 4320 3275 4370 ut
3291 4332 3405 4370 non
3428 4319 3529 4371 tuo
3552 4314 3751 4371 sensui
3778 4319 4139 4388 attemperes

2472 4404 2826 4476 Scripturas,
2840 4402 3158 4476 Scripturis
3171 4419 3410 4460 sensum
3444 4407 3609 4459 tuum
3626 4404 3932 4477 adjungas.
3945 4402 4130 4478 Igitur

2474 4491 2948 4547 constituendum
2987 4495 3077 4548 est
3123 4495 3187 4547 ut
3235 4508 3402 4548 sacra
3450 4490 3744 4565 Evangelii
3786 4493 3985 4561 verba,
4018 4509 4126 4566 pa-

2473 4578 2866 4635 triarcharum
2898 4596 2964 4636 ac
2990 4580 3406 4653 prophetarum
3441 4579 3692 4651 oracula,
3727 4580 4123 4654 apostolorum

2474 4666 2711 4740 scripta,
2729 4668 2840 4724 ﬁde
2855 4667 3101 4742 integra,
3121 4668 3421 4724 devotione
3438 4684 3717 4741 congrua,
3733 4672 3798 4725 ut
3812 4668 3868 4725 in
3883 4668 4127 4725 authen-

686 4753 1014 4842 sapientes
1039 4752 1229 4810 videri.
1251 4757 1309 4810 et
1326 4769 1455 4809 esse
1485 4751 1706 4842 volunt,
1740 4768 1843 4824 per
1892 4753 2360 4842 superstitiosam
2393 4776 2449 4842 Β
2473 4756 2606 4812 ticis
2637 4755 2802 4811 libris
2819 4748 4120 4828 reperiuntur,incommutabiliterservemus,

687 4841 1170 4915 intelligentiam
1219 4858 1398 4901 sacrae
1434 4841 1742 4913 Scripturae
1788 4841 1964 4899 verba
2012 4857 2123 4898 suo
2168 4841 2369 4899 sensui
2395 4841 2428 4842 ”
2478 4850 2804 4912 teneamus,
2837 4843 3259 4912 custodiamus,
3294 4861 3398 4903 nec
3428 4845 3650 4919 aliquid
3685 4846 3983 4903 addentes.
4018 4863 4124 4903 nec

690 4929 1015 5008 applicare
1042 4934 1350 5003 conantur,
1380 4933 1439 4985 et
1465 4930 1657 4997 verba,
1691 4944 1821 5002 quae
1850 4929 1981 5001 ipsa
2018 4932 2119 4986 Dei
2160 4930 2365 4988 Virtus

690 5026 774 5080 et
804 5018 911 5075 Dei
943 5017 1241 5091 Sapientia
1269 5035 1373 5091 per
1392 5035 1453 5073 se
1483 5016 1844 5091 protulit,vel
1864 5018 2371 5092 Spiritussanctus

690 5123 830 5185 per
844 5106 1375 5179 oraprophetarum
1394 5123 1462 5162 ac
1483 5104 2186 5180 apostOlorum-praedixit,
2203 5108 2369 5164 aliter

695 5195 1057 5257 secundum
1087 5195 1381 5251 Donatum
1411 5200 1468 5250 et
1486 5194 1849 5251 Priscianum
1882 5197 2267 5267 permutando
2280 5214 2369 5253 ca-

682 5286 876 5355 nunt
905 5285 963 5338 et
1001 5281 1228 5354 dicunt,
1259 5282 1402 5337 dum
1432 5281 1628 5338 omnis
1655 5281 2029 5354 philosophia
2068 5285 2369 5340 mundana

2474 4932 2915 4999 dementes,nec
2928 4933 3309 5011 mutantes,si
3339 4933 3590 4990 velimus
3610 4932 3771 4990 illam
3800 4934 4123 4991 commina-

2473 5020 2691 5077 tionem
2720 5021 2959 5076 evadere
2986 5036 3163 5092 quam
3193 5020 3443 5093 Spiritus
3482 5026 3722 5078 sanctus
3742 5021 3914 5094 juxta
3940 5022 4120 5080 ﬁnem

2474 5107 2851 5181 Apocalypsis
2902 5108 3436 5166 videturintentare
3477 5111 3587 5167 :Si
3628 5111 3751 5183 quis
3797 5110 4124 5183 adposuerit

2478 5198 2548 5253 ad
2579 5198 2711 5264 haec,
2744 5205 2979 5269 apponet
3005 5198 3147 5253 Deus
3174 5214 3336 5270 super
3370 5199 3530 5254 illum
3567 5200 3765 5271 plagas
3804 5202 4035 5272 scriptas
4062 5201 4122 5254 in

2478 5286 2619 5342 libro
2648 5287 2753 5341 isto
2773 5306 2794 5353 ;
2822 5293 2872 5342 et
2900 5287 2953 5341 si
2980 5287 3103 5358 quis
3130 5285 3459 5342 deminuerit
3484 5286 3550 5343 de
3589 5288 3771 5342 verbis
3811 5288 3951 5344 libri
3987 5304 4119 5359 pro-

676 5377 763 5433 et
810 5369 1127 5427 mularis.
1170 5370 1425 5426 scientiae
1474 5371 1737 5427 doctrina
1774 5370 2059 5444 originem
2091 5388 2127 5428 a
2180 5389 2358 5429 sacras
2462 5375 2671 5447 phetia?
2698 5375 2885 5447 hujus,
2917 5375 3127 5445 auferet
3152 5375 3290 5430 Deus
3315 5384 3528 5447 partem
3556 5376 3670 5448 ejus
3697 5375 3764 5431 de
3793 5376 3936 5432 libro
3963 5377 4116 5442 vitae,

678 5459 1041 5531 Scriptura
1085 5458 1432 5515 auctoritate
1468 5457 1846 5531 eumpserint.
1898 5460 2035 5524 Quae
2083 5459 2238 5516 enim
2273 5466 2364 5517 est

675 5548 1153 5620 consequentia,
1188 5550 1256 5602 ut
1308 5546 1643 5603 Priscianus
1691 5547 1982 5618 audiatur,
2014 5552 2072 5604 et
2123 5549 2357 5617 veritas,

604 5670 617 5675 -
675 5653 843 5713 qam
872 5635 1037 5692 Deus
1071 5640 1183 5701 est,
1216 5636 1663 5691 contemnatur?
1690 5636 1784 5692 Sic
1828 5636 1985 5691 enim
2030 5636 2357 5710 Terentius,

668 5718 1015 5797 Virgilius,
1040 5721 1291 5789 Tullius,
1323 5723 1628 5795 ceterique
1657 5722 1986 5781 liberalium
2026 5723 2357 5782 litterarum

666 5809 1205 5885 sequacesinsuis
1219 5810 1525 5884 scripturis
1538 5807 1647 5870 hoc
1673 5816 2030 5883 meruerunt,
2059 5817 2126 5869 ut
2156 5830 2356 5871 eorum

2469 5472 2520 5519 et
2547 5464 2768 5519 civitate
2794 5470 3000 5530 sancta,
3026 5469 3081 5517 et
3101 5462 3167 5517 de
3195 5463 3279 5517 his
3306 5478 3431 5535 quae
3457 5472 3587 5518 sunt
3629 5465 3831 5536 scripta
3873 5465 3933 5518 in
3974 5462 4115 5517 libro

2468 5551 2758 5624 isto.Ergo
2787 5550 2837 5605 si
2865 5548 2999 5621 quis
3027 5566 3132 5622 per
3156 5551 3553 5621 grammaticae
3583 5551 3725 5607 artis
3755 5549 4013 5623 regulam
4028 5549 4114 5602 in-

2469 5638 2894 5713 genium-suum
2925 5654 3131 5693 acuere
3159 5637 3423 5708 voluerit,
3443 5643 3698 5695 exerceat
3713 5654 3774 5694 se
3791 5637 3847 5692 in
3871 5634 4105 5697 scholis,

2473 5731 2691 5795 utatur,
2741 5726 2790 5782 si
2834 5725 2995 5794 libet,
3045 5727 3263 5782 Donato
3321 5731 3380 5783 et
3426 5726 3723 5782 Prisciano
3785 5719 4101 5793 magistris,

2473 5817 2505 5871 d
2516 5815 2792 5872 ummodo
2805 5813 2966 5872 salva
2975 5830 3121 5871 vera:
3132 5812 3624 5888 interpretationis
3641 5807 3971 5879 integritate
3983 5819 4099 5860 non
