3886 6408
259 415 456 533 im.

1333 460 1725 529 BERNONIS
1768 461 2100 529 ABBATIS
2143 463 2583 530 AUGIENSIS.

3545 459 3712 526 1148

257 607 468 662 renuat
495 600 762 660 debitum
789 597 1072 657 honorem
1103 596 1314 655 divinis
1363 596 1612 671 eloquiis
1663 615 1902 654 conser-
1932 599 1989 666 Α
2018 601 2194 657 Filius
2223 601 2494 658 Altissimi
2524 600 2829 669 vocabitur,
2846 615 3038 673 usque
3055 596 3117 655 in
3150 596 3328 655 illum
3349 594 3586 667 locum,
3605 599 3708 655 ubi

255 709 412 752 vare.
445 692 558 749 Sed
588 690 660 747 de
687 688 782 746 his
812 687 979 746 satis.
1011 687 1178 745 Nunc
1205 686 1510 748 videamur
1539 687 1609 744 de
1654 685 1899 744 caeteris.

325 783 378 838 9.
395 779 658 852 Denique
689 777 834 833 illud
867 777 1496 850 responsorium,quod
1529 776 1900 850 primoponi-

256 875 354 928 tur
383 869 444 925 in
486 867 896 942 antiphonario
921 884 934 923 :
967 866 1242 938 Aspiciem
1271 882 1304 921 a
1334 866 1529 935 longe;
1562 863 1651 919 vel
1680 863 1778 920 ille
1805 865 1900 919 in-

255 959 466 1016 troitus
494 973 508 1012 :
541 957 603 1012 In
627 957 836 1013 excelso
860 956 1051 1012 throno
1071 973 1093 1020 ;
1123 971 1227 1010 nec
1256 971 1370 1010 non
1400 959 1457 1010 et
1489 952 1635 1008 illud
1666 969 1903 1025 respon-

255 1047 500 1118 sorium,
553 1047 708 1118 quod
774 1045 1004 1101 canitur
1049 1044 1120 1100 de
1164 1047 1367 1100 sancta
1433 1041 1616 1098 Maria
1667 1057 1900 1112 semper

251 1135 490 1209 Virgine
514 1153 528 1191 :
563 1134 680 1190 Vidi
705 1134 1001 1206 speciosam
1022 1133 1163 1188 sicut
1190 1131 1496 1188 columbam
1523 1129 1902 1186 ascendentem

251 1225 481 1298 desuper
519 1223 662 1280 rivos
711 1238 1022 1294 aquarum;
1064 1220 1123 1276 in
1164 1225 1286 1276 tota
1347 1237 1523 1275 sacra:
1585 1219 1897 1290 Scriptura:

253 1314 422 1386 serie,
437 1313 535 1369 ubi
561 1310 779 1383 scripta
803 1309 922 1366 sint
957 1309 1208 1381 reperire
1238 1326 1357 1382 npn
1390 1308 1572 1381 potui.
1607 1307 1719 1363 nisi
1751 1307 1899 1362 forte

251 1403 508 1459 existunt
530 1399 632 1473 qui
661 1398 859 1454 dicant
877 1397 938 1454 in
971 1397 1133 1452 initio
1165 1393 1900 1453 nascentisEcclosiazmul-

250 1495 340 1547 tos
353 1490 697 1562 interpretes
718 1489 922 1553 fuisse,
939 1485 1036 1558 qui
1051 1502 1276 1540 sacram
1291 1483 1412 1540 Scri
1421 1487 1520 1556 ptu
1529 1500 1653 1538 ram
1667 1483 1737 1538 de
1749 1482 1899 1538 Grae-

249 1597 316 1636 co
342 1578 402 1634 in
433 1577 701 1635 Latinum
725 1577 1036 1641 verterent,
1056 1577 1111 1628 et
1132 1573 1268 1628 inde
1295 1571 1409 1628 ista
1430 1576 1735 1644 assumpta
1755 1569 1892 1638 sint,

251 1671 563 1738 antequam
583 1666 641 1719 Β.
662 1665 1070 1736 Ilion-onymus,
1084 1661 1290 1716 divina:
1305 1659 1773 1733 legisinterpres,
1807 1663 1895 1714 to-

247 1760 375 1812 tum
386 1754 568 1810 Vetus
579 1754 1019 1808 Testamentum
1031 1751 1102 1806 de
1115 1749 1350 1806 Hebraeo
1363 1748 1421 1803 in
1436 1748 1706 1804 Latinum
1720 1752 1896 1803 verte-

248 1847 401 1900 retet
413 1841 948 1912 LXXlnterpretum
961 1838 1278 1894 editionem
1291 1837 1656 1892 emendatam
1673 1835 1898 1890 Latinis

248 1931 490 1989 auribus
503 1929 784 2032 traderet.
799 1927 909 2027 Sed
930 1927 1174 2000 probare
1196 1923 1895 2032 indealxquidnonLaude-
1928 1966 1974 2032 Β

248 2037 382 2076 mus
403 2019 559 2076 unde
579 2016 726 2074 nihil
737 2017 878 2073 certi
893 2021 1185 2081 tenemus,
1202 2030 1538 2086 quanquam
1556 2013 1678 2084 ipse
1693 2013 1898 2067 beatus

247 2109 634 2181 Hieronymus
660 2105 718 2161 in
749 2105 1004 2178 quodam
1038 2119 1325 2168 sermone,
1348 2117 1523 2174 quem
1554 2101 1624 2156 ad
1656 2099 1895 2155 Paulam

245 2195 694 2254 etEustochium
718 2195 789 2250 de
805 2193 1208 2266 assumptione
1221 2195 1434 2248 sanctis
1459 2189 1560 2246 Dei
1573 2188 1894 2262 genitricis,

246 2285 460 2354 Mariae,
483 2300 717 2356 semper
741 2283 1006 2356 virginis,
1039 2281 1389 2355 composuit,
1421 2283 1688 2346 testatur,
1715 2278 1894 2348 hujus

244 2372 598 2448 responsorii
628 2372 803 2428 verba
832 2372 889 2426 in
910 2370 1162 2426 Canticis
1191 2370 1555 2426 canticorum
1574 2367 1896 2433 haberi,ita

243 2462 588 2536 inquiensm
616 2462 696 2518 De
726 2460 906 2532 hujus
936 2458 1216 2515 nimirum
1244 2458 1316 2514 ad
1347 2457 1521 2514 caelos
1551 2455 1894 2512 ascensione

243 2550 428 2608 multo
458 2549 810 2607 admirantis
841 2547 1056 2603 intuitu
1089 2551 1446 2603 secretorum
1470 2542 1895 2616 contemplator

243 2638 566 2696 ccclestium
599 2637 660 2692 in
689 2635 946 2692 Canticis
977 2635 1244 2706 sequitur
1275 2650 1290 2689 :
1328 2633 1492 2704 Vidi”
1526 2631 1740 2704 inquit,
1771 2647 1893 2703 spe-

241 2730 443 2784 ciosam
486 2727 628 2782 sicut
673 2724 991 2780 columbam
1031 2722 1404 2778 ascendentem
1461 2722 1690 2794 desuper
1747 2722 1893 2776 rivos

244 2831 541 2890 aquarum,
593 2817 703 2869 etc.
739 2835 766 2862 »
809 2816 1025 2868 Verum
1066 2811 1164 2866 ubi
1217 2809 1318 2866 illa
1364 2811 1539 2866 verba
1585 2809 1890 2875 invenerit,

245 2909 588 2962 utrumnam
619 2900 746 2974 ipso
775 2917 842 2956 ea
871 2899 1255 2974 transtulerit,
1269 2897 1560 2956 incertum
1583 2897 1890 2960 habemus.

244 3010 348 3067 pro
391 2995 548 3048 certo
591 2971 842 3046 scientes
881 2971 1061 3062 ‘quod
1124 2989 1298 3061 juxta
1354 2987 1506 3044 hanc
1552 2986 1891 3054 editionem,

244 3097 421 3155 quam
470 3096 577 3138 nos
609 3085 681 3135 ab
729 3093 796 3134 eo
840 3081 1128 3146 tenemus,
1161 3076 1404 3133 minime
1450 3075 1708 3132 invenire
1751 3090 1891 3148 pos-

243 3186 474 3227 sumus.
1245 3204 1250 3209 ·

311 3259 473 3327 Quod
508 3257 740 3316 canitur
765 3257 1050 3313 desancto
1081 3254 1430 3312 Michaelein
1455 3253 1556 3310 illa
1571 3252 1894 3327 antiphona

241 3347 330 3404 vel
351 3347 616 3404 alleluia:
650 3347 981 3403 Concussum
1007 3353 1084 3402 est
1109 3359 1261 3400 mare
1288 3351 1340 3399 et
1363 3345 1689 3400 contremuit
1718 3350 1884 3408 terra,
1919 3331 1964 3398 C

240 3436 339 3492 ubi
378 3435 736 3507 archangelus
774 3433 1000 3490 Michael
1057 3430 1409 3488 descendebat
1449 3431 1514 3488 de
1563 3431 1718 3497 caelo,
1770 3447 1886 3501 quo

242 3523 624 3597 querendum
653 3525 712 3578 et
738 3519 1155 3576 inveniendum
1169 3520 1247 3574 sit
1274 3517 1400 3574 loco
1414 3518 1885 3590 penitusignoro,

243 3609 348 3666 Illa
376 3609 718 3682 antiphona,
749 3623 927 3680 quam
957 3606 1199 3678 quidam
1231 3611 1471 3661 cantant
1501 3607 1559 3661 in
1581 3605 1838 3662 Ecclesia
1869 3625 1884 3662 ε

242 3698 434 3756 Sancti
469 3698 618 3764 estis,
651 3697 784 3752 dicit
830 3697 1114 3762 Dominus,
1172 3695 1548 3766 multiplicabo
1593 3711 1888 3751 numerum

243 3791 501 3853 vestrum,
533 3792 596 3841 ut
635 3786 797 3840 oretis
843 3800 945 3854 pro
990 3783 1187 3856 populo
1233 3799 1350 3838 meo
1397 3784 1456 3838 in
1487 3785 1598 3838 loco
1633 3785 1754 3850 isto,
1787 3783 1886 3839 ubi

245 3873 528 3932 Dominus
539 3873 661 3929 haec
673 3874 846 3929 verba
857 3871 1067 3928 dixerit
1081 3888 1195 3928 non
1217 3869 1382 3926 facile
1409 3870 1720 3928 invenitur.
1752 3872 1886 3939 Sed,

244 3963 383 4038 quia
416 3963 564 4020 Deus
593 3961 808 4018 veritas
833 3965 944 4030 est,
977 3959 1181 4018 debuit
1196 3958 1508 4026 veritatem
1558 3959 1749 4016 dicere
1786 3960 1886 4032 qui

243 4053 317 4109 de
343 4069 410 4109 eo
431 4051 570 4108 talia
592 4051 894 4124 praesumit
913 4049 1191 4123 proferre,
1211 4065 1325 4104 non
1347 4047 1715 4105 timensillud
1731 4049 1885 4121 quod

243 4140 528 4198 Dominus
558 4157 661 4216 per
677 4139 1020 4213 prophetam
1037 4137 1452 4205 comminatur,
1467 4137 1698 4194 dicens:
1718 4139 1886 4194 Num-

242 4228 504 4304 quidnam
549 4230 816 4286 visionem
871 4243 1082 4284 cassam
1125 4226 1343 4284 vidistis
1385 4231 1438 4283 et
1486 4227 1889 4283 divinationem

242 4317 556 4376 mendacem
585 4318 754 4374 locuti
780 4319 952 4374 estis?
973 4324 1025 4373 et
1067 4315 1252 4372 dicitis
1285 4333 1298 4372 :
1331 4315 1422 4372 Ait
1441 4315 1725 4385 Dominus,
1761 4333 1889 4372 cum

242 4423 338 4480 ego
368 4423 475 4464 non
503 4409 606 4463 sim
634 4407 840 4464 locutus
871 4405 1096 4478 (E-tech.
1128 4420 1253 4470 xm,
1275 4403 1354 4475 7).

319 4497 382 4552 ln
404 4494 504 4552 illo
537 4495 905 4570 responsorio
939 4511 953 4550 :
986 4494 1208 4566 Suscipe
1231 4493 1476 4561 Verbum,
1513 4494 1664 4562 virgo
1683 4496 1887 4561 Maria,

242 4584 303 4641 in
334 4583 434 4641 illo
460 4583 604 4652 loco,
637 4583 737 4640 ubi
765 4582 1047 4656 scriptum
1079 4585 1170 4638 est
1200 4598 1214 4637 :
1246 4581 1515 4652 concipies
1539 4597 1642 4653 per
1667 4599 1886 4652 aurem;

243 4678 302 4732 et
332 4674 389 4730 in
420 4672 522 4730 illo
553 4672 924 4747 responsorio
957 4690 970 4729 :
1005 4671 1412 4764 Annuntiatum
1439 4673 1518 4725 est
1531 4685 1644 4764 per
1673 4670 1890 4764 Gabrie-
1918 4699 1967 4764 Ι)

243 4764 350 4820 lem
378 4763 770 4832 archangelum
798 4764 990 4820 Maria:
1023 4760 1234 4832 virgini
1259 4759 1324 4815 de
1369 4759 1602 4815 introitu
1642 4763 1805 4829 regis,
1836 4771 1889 4820 et

244 4855 518 4924 ingressus
543 4859 624 4908 est
643 4867 744 4924 per
769 4851 1112 4922 splendidam
1162 4850 1442 4920 regionem
1487 4865 1682 4904 aurem
1725 4852 1897 4921 Virgi-

241 4941 332 4996 nis
358 4941 586 4995 visitare
609 4939 884 5010 palatium
929 4939 1098 5005 uteri,
1129 4945 1182 4994 et
1211 4953 1484 5008 regressus
1531 4945 1610 4994 est
1653 4955 1754 5010 per
1799 4959 1896 4998 au-

245 5043 398 5083 ream
417 5029 636 5097 portam
669 5025 1092 5093 Virginis,satis
1109 5025 1410 5097 pueriliter
1437 5029 1494 5082 et
1523 5025 1889 5099 simpliciter,

245 5112 474 5168 utinam
503 5128 616 5168 non
649 5112 850 5166 minus
879 5110 1158 5168 catholice
1177 5112 1399 5169 dictum
1416 5117 1524 5169 est.
1548 5113 1606 5169 Si
1627 5115 1808 5186 enim,
1826 5123 1892 5174 ut

246 5200 330 5257 illi
347 5203 636 5266 asserunt,
651 5199 851 5256 statim
867 5203 934 5254 ut
944 5199 1119 5254 verba
1129 5201 1318 5273 angeli
1337 5201 1577 5269 audivit,
1601 5207 1884 5279 concepit,

247 5287 390 5361 quid
423 5287 648 5343 faciunt
676 5304 850 5343 morie
898 5291 1193 5343 tantarum
1226 5289 1654 5347 sententiarum
1685 5295 1758 5351 ab
1790 5295 1888 5352 illo

245 5377 393 5432 loco.
428 5375 528 5432 ubi
576 5374 822 5449 angelus
865 5373 1012 5430 dixit
1045 5390 1059 5430 :
1101 5376 1223 5443 Ave,
1257 5377 1449 5444 Maria,
1481 5383 1664 5446 gratia
1701 5384 1888 5454 plena,

245 5465 510 5520 Dominus
558 5473 734 5521 tecum
791 5463 1071 5519 benedicta
1133 5472 1191 5520 tu
1248 5466 1310 5519 in
1373 5465 1716 5526 mulieribus.
1759 5472 1893 5540 Qui:

243 5568 370 5608 eum
399 5552 658 5620 audisset,
693 5551 914 5608 turbata
942 5560 1018 5607 est
1052 5554 1109 5607 in
1138 5569 1384 5608 sermone
1413 5553 1567 5624 ejus:
1592 5557 1660 5612 Et
1687 5574 1699 5612 :
1731 5560 1808 5616 Ne
1829 5565 1894 5618 ti-

242 5655 412 5706 meas,
443 5641 658 5711 Maria,-
687 5655 808 5698 ecce
834 5641 1100 5712 concipias
1125 5642 1182 5696 in
1213 5645 1387 5707 utero,
1402 5648 1452 5696 et
1475 5645 1660 5714 paries
1689 5647 1890 5718 ﬁlium,

244 5735 296 5786 et
339 5729 550 5790 vocabis
606 5745 804 5790 nomen
859 5728 975 5801 ejus
1019 5731 1203 5788 Iesum
1221 5749 1244 5798 ;
1281 5731 1371 5786 hic
1411 5731 1517 5787 erit
1565 5747 1791 5805 magnus
1841 5745 1894 5796 et

2012 694 2219 746 sancta
2249 689 2431 746 Maria
2460 688 2610 746 dixit
2638 688 2712 745 ad
2746 687 3056 762 angelum:
3078 685 3367 758 Quomodo
3395 687 3497 759 ﬁet
3530 687 3704 756 istud,

2008 781 2273 851 quoniam
2301 780 2484 834 virum
2511 795 2624 834 non
2654 782 2958 848 cognosco?
2986 785 3039 834 et
3073 775 3424 850 respondens
3465 776 3708 848 angelus

2007 867 2154 924 dixit
2177 869 2248 936 ei,
2283 885 2399 924 non
2430 867 2502 923 de
2534 866 2828 940 presenti,
2847 867 2948 922 sed
2977 867 3052 922 de
3083 867 3288 922 futuro
3319 865 3703 938 praedicens:

2006 957 2246 1029 Spiritus
2272 964 2495 1012 sanctus
2524 957 2870 1028 superveniet
2898 957 2957 1012 in
2987 961 3061 1021 te,
3091 959 3149 1012 et
3179 957 3367 1010 virtus
3417 955 3712 1010 Altissimi

2006 1047 2352 1102 obumbrabit
2381 1046 2502 1113 tibi,
2534 1045 2760 1116 ideoque
2800 1052 2854 1101 et
2897 1043 3040 1117 quod
3081 1047 3357 1100 nascetur
3403 1052 3705 1108 sanctum,

2006 1135 2284 1190 vocabitur
2311 1135 2492 1190 Filius
2521 1134 2640 1203 Dei,
2672 1134 3005 1206 usquedum
3039 1132 3336 1190 Mariaita
3363 1131 3704 1188 conclusit:

2008 1226 2138 1280 Ecce
2183 1224 2391 1279 ancilla
2437 1223 2680 1288 Domini,
2712 1237 2828 1278 non
2874 1221 3214 1289 indicando,
3262 1221 3372 1277 sed
3425 1221 3710 1294 Optanda

2007 1313 2088 1368 ait
2119 1329 2132 1367 :
2171 1313 2295 1367 Fiat
2322 1311 2467 1367 mihi
2507 1310 2808 1366 secundum
2837 1312 3063 1366 verbum
3113 1318 3298 1366 tuum.
3336 1309 3448 1366 His
3495 1309 3707 1364 verbis

2006 1400 2151 1456 satis
2163 1398 2622 1472 daturintelligi,
2641 1400 2798 1472 quod
2816 1415 2986 1455 nemo
3002 1415 3271 1472 unquam
3283 1398 3448 1455 scire
3464 1396 3700 1471 potuit,

2005 1493 2216 1562 potest,
2249 1487 2337 1544 vel
2369 1488 2914 1560 poterit,quomodo
2949 1487 3136 1544 Filius
3168 1487 3273 1544 Dei
3303 1503 3416 1560 per
3447 1491 3708 1544 uterum

2006 1577 2234 1632 intacta:
2265 1577 2510 1649 virginis
2529 1577 2600 1632 ad
2636 1576 3020 1632 salvationem
3042 1576 3297 1632 humani
3328 1577 3586 1649 generis
3611 1577 3710 1631 in-

2005 1664 2198 1731 travit,
2217 1669 2275 1720 et
2299 1664 2498 1721 clauso
2531 1669 2746 1720 8&1)le
2775 1664 3064 1720 castitatis
3093 1663 3294 1738 sigillo
3325 1664 3540 1722 exivit.
3559 1665 3708 1738 Ipso

2003 1754 2159 1809 enim
2174 1753 2346 1825 juxta
2362 1752 2680 1809 Ezechielis
2708 1752 3049 1808 vaticinium
3072 1753 3466 1826 praefigurata
3487 1752 3710 1810 estilla

2006 1846 2174 1914 porta
2222 1843 2445 1915 jugiter
2491 1847 2704 1908 serata,
2745 1841 2854 1897 soli
2903 1847 3015 1898 Deo
3063 1841 3285 1915 pervia,
3325 1845 3709 1915 cooperante

2003 1930 2225 2004 Spiritu
2249 1936 2452 1986 sancto
2483 1929 2858 1986 inetl'abiliter
2897 1929 3073 2003 Virgo
3124 1929 3346 1986 Filium
3398 1929 3510 1986 Dei
3551 1947 3709 2004 con-

2007 2019 2176 2092 cepit,
2202 2018 2338 2074 etin
2371 2019 2596 2074 unitate
2620 2033 2883 2090 persona:
2913 2035 3120 2074 verum
3152 2019 3345 2074 Deum
3384 2023 3448 2075 et
3478 2035 3704 2076 verum

2006 2107 2304 2164 hominem
2337 2106 2514 2179 Virgo
2540 2107 2788 2179 peperit,
2820 2110 2878 2163 et
2909 2110 3042 2180 post
3067 2111 3310 2178 partum
3341 2106 3536 2181 Virgo
3557 2123 3707 2180 per-

2006 2197 2244 2252 mansit.
2278 2195 2444 2251 Unde
2475 2195 2534 2250 in
2565 2194 2666 2252 illo
2696 2195 3070 2268 responsorio
3104 2213 3118 2252 :
3152 2196 3388 2268 Suscipe
3424 2198 3701 2253 Verbum:

2005 2285 2105 2341 ubi
2138 2302 2245 2340 nos
2275 2285 2545 2340 canimus
2573 2285 2870 2356 :concipies
2895 2300 2996 2354 per
3023 2301 3244 2352 aurem,
3257 2285 3490 2341 rectius
3532 2285 3706 2342 dice-

2005 2390 2203 2430 remus
2228 2389 2241 2430 :
2275 2374 2556 2444 Concipies
2579 2373 2642 2428 in
2667 2380 2840 2428 utero.
2875 2370 3026 2428 Illud
3056 2389 3194 2429 vero
3220 2390 3234 2430 :
3262 2373 3702 2430 Annuntiatum

2001 2467 2080 2519 est
2123 2479 2221 2534 per
2267 2463 2574 2519 Gabrietem
2623 2461 3037 2532 archangelum,
3059 2461 3200 2532 jure
3231 2478 3267 2518 a
3296 2461 3704 2535 sapientibus

2003 2551 2232 2606 videtur
2258 2567 2387 2607 esse
2419 2550 2814 2622 reprobatum,
2835 2550 2990 2606 sicut
3010 2555 3069 2606 et
3097 2549 3268 2618 illud,
3284 2552 3447 2623 quod
3469 2549 3538 2606 in
3558 2551 3705 2626 ipsa

2003 2643 2206 2695 sancta
2225 2637 2553 2694 Nativitatis
2584 2642 2752 2695 nocte
2781 2637 3014 2694 canitur
3051 2654 3066 2692 :
3108 2639 3404 2696 Descendit
3431 2639 3504 2696 de
3532 2642 3708 2698 artis

2000 2729 2198 2783 missus
2242 2729 2311 2782 ab
2344 2741 2469 2782 arce
2496 2728 2704 2792 Patris,
2734 2727 2986 2782 introivit
3026 2743 3128 2799 per
3171 2743 3372 2784 aurem
3429 2731 3696 2801 Virginis

2001 2817 2064 2871 in
2108 2818 2385 2887 regionem
2431 2823 2676 2871 nostram
2723 2815 2928 2871 merito
2978 2816 3290 2882 refutatur,
3333 2821 3394 2872 et
3446 2834 3561 2890 pro
3615 2834 3694 2875 eo

2001 2904 2208 2960 multis
2238 2903 2559 2960 Galliarum
2591 2903 2891 2974 Ecclesiis,
2923 2904 3079 2976 quod
3110 2905 3317 2960 subter
3347 2906 3693 2963 scribendo

2001 2993 2386 3065 subjecimus,
2413 2991 2604 3047 taliter
2648 2990 2988 3048 modulatur
3021 3008 3035 3048 :
3070 2993 3361 3050 Descendit
3407 2993 3481 3050 de
3529 2996 3696 3052 aclis

2001 3086 2145 3139 Deus
2173 3099 2330 3139 verus
2350 3099 2385 3138 a
2412 3087 2578 3138 Patre
2605 3082 2842 3150 genitus,
2876 3082 3130 3137 introivit
3171 3083 3234 3138 in
3264 3089 3492 3139 uterum
3550 3085 3689 3140 Vir-

1999 3173 2173 3240 ninis,
2206 3171 2364 3228 nobis
2395 3179 2455 3226 ut
2476 3179 2764 3244 appareret
2795 3171 3054 3238 visibilis,
3090 3171 3322 3228 indutus
3349 3189 3526 3230 carne
3566 3175 3689 3229 hu-

1943 3291 1959 3334 :
1998 3277 2165 3316 mana
2191 3261 2592 3333 protoparentis
2620 3261 2772 3327 Adae,
2803 3264 2858 3316 et
2894 3262 3070 3316 exivit
3111 3277 3216 3333 per
3243 3265 3503 3318 clausam
3541 3279 3688 3334 por-

1998 3354 2115 3406 tam
2142 3351 2283 3405 Deus
2328 3357 2380 3404 et
2424 3349 2602 3418 homo,
2634 3349 2736 3405 lux
2772 3357 2824 3406 et
2867 3350 3000 3418 vita,
3035 3350 3300 3406 Conditor
3347 3351 3586 3408 mundi.
3624 3356 3687 3417 ἢ.

1999 3440 2278 3511 Tanquam
2304 3453 2554 3510 sponsus.

2066 3525 2217 3583 Illud
2245 3543 2479 3599 quoque
2510 3527 2976 3600 responsorium,
3010 3528 3168 3600 quod
3201 3527 3260 3584 in
3293 3528 3428 3602 ipsa
3473 3545 3691 3587 sacra-

1997 3615 2230 3672 tissime
2258 3620 2427 3671 nocte
2457 3615 2710 3685 canitur,
2743 3615 2824 3671 ita
2852 3614 3145 3689 incipiens
3174 3634 3188 3674 :
3222 3616 3434 3674 Sancta
3457 3627 3514 3676 et
3569 3622 3695 3677 im-

1994 3704 2274 3760 maculata
2301 3705 2618 3773 virginitas,
2649 3705 2848 3777 quibus
2879 3712 2928 3760 te
2980 3705 3238 3762 laudibus
3281 3708 3557 3778 referam,
3587 3727 3692 3767 ne-

1993 3795 2102 3849 scio
2130 3794 2260 3866 quia
2283 3808 2443 3865 quem
2471 3794 2602 3849 caeli
2627 3809 2822 3866 capere
2865 3809 2978 3849 non
3013 3798 3294 3866 poterant,
3321 3803 3417 3852 tuo
3459 3800 3688 3868 gremio

1993 3882 2294 3950 contulisti,
2328 3898 2507 3954 quam
2525 3880 2688 3952 jusle
2733 3885 2909 3955 queat
2937 3883 3319 3956 reprehendi,
3351 3884 3529 3942 facile
3579 3904 3689 3960 ρος

1993 3975 2110 4028 test
2165 3970 2424 4038 adverti;
2472 3970 2556 4025 ait
2597 3971 2756 4026 enim
2807 3970 2877 4025 ad
2919 3970 3320 4044 virginitatem
3371 3975 3550 4046 quasi
3603 3976 3684 4032 ad

1995 4058 2311 4132 quamdam
2330 4057 2636 4114 feminam:
2653 4058 2856 4116 Sancta
2871 4067 2922 4116 et
2947 4061 3312 4117 immaculata
3355 4064 3684 4136 virginitas

1995 4165 2130 4204 cum
2159 4143 2465 4219 virginitas
2496 4163 2612 4202 non
2645 4146 2723 4203 sit
2753 4147 2991 4217 femina,
3006 4149 3110 4205 sed
3140 4148 3418 4222 quaedam
3449 4152 3676 4220 virtus,

1995 4253 2031 4294 a
2061 4236 2318 4302 nomine,
2345 4233 2499 4307 quod
2525 4238 2617 4290 est
2643 4235 2825 4308 virgo,
2845 4236 2931 4292 sic
2962 4237 3380 4309 denominata;
3408 4244 3472 4297 et
3503 4241 3684 4300 finito

1996 4323 2795 4398 responsorioapostropham
2825 4325 2896 4381 ad
2924 4325 3114 4398 ipsam
3151 4325 3468 4396 facit,cum
3503 4329 3679 4387 dicit:

1996 4413 2285 4470 Benedicta
2347 4415 2410 4468 tu
2457 4413 2514 4468 in
2566 4413 2918 4482 mulieribus,
2969 4419 3024 4470 et
3068 4415 3386 4474 benedictus
3453 4421 3685 4490 fructus

1994 4503 2198 4560 ventris
2221 4502 2306 4558 tui
2320 4520 2340 4569 ,-
2369 4516 2506 4556 cum
2561 4501 2780 4558 rectius
2807 4506 2865 4558 et
2926 4503 3118 4577 magis
3167 4504 3463 4564 catholica
3512 4507 3682 4566 idem

1997 4589 2434 4664 responsorium
2468 4587 2660 4645 taliter
2705 4590 3048 4648 modulatur
3079 4608 3095 4649 :
3121 4595 3328 4650 Sancta
3370 4599 3425 4651 et
3466 4597 3680 4654 imma-

1993 4681 2179 4737 culata
2211 4680 2361 4747 virgo
2391 4676 2586 4747 Maria,
2600 4679 2800 4750 quibus
2836 4683 2889 4735 te
2903 4680 3161 4738 laudibus
3175 4684 3442 4754 referam,
3455 4687 3679 4755 nescio,

1995 4771 2128 4843 quia
2146 4783 2313 4840 quem
2337 4767 2466 4822 cali
2491 4783 2684 4839 capere
2710 4785 2822 4824 non
2846 4774 3121 4840 poterant,
3154 4779 3249 4828 tuo
3291 4775 3510 4844 gremio
3538 4790 3678 4831 con-

2003 4857 2202 4914 tulisti.
2239 4857 2291 4923 h.
2343 4854 2643 4912 Benedicta
2673 4863 2732 4912 tu
2781 4857 2841 4912 in
2869 4859 3218 4929 mulieribus,
3248 4869 3303 4916 et
3356 4859 3681 4920 benedictus

1997 4949 2212 5020 fructus
2243 4944 2448 5000 ventris
2477 4945 2581 5000 tui.

2071 5033 2178 5092 Illa
2207 5031 2697 5106 antiphona,quaa
2730 5033 2788 5089 in
2825 5033 3024 5108 vigilia
3053 5037 3327 5108 ejusdem
3351 5037 3679 5098 Dominica

1999 5123 2323 5182 nativitatis
2369 5121 2604 5178 canitur
2635 5138 2648 5177 :
2683 5123 2822 5178 Dum
2867 5131 3016 5180 ortus
3068 5127 3246 5197 fuerit
3295 5128 3379 5184 sol
3411 5128 3483 5185 de
3510 5130 3677 5198 caelo,

1995 5213 2254 5270 videbitis
2281 5213 2476 5282 Regem
2503 5227 2694 5282 regum
2716 5211 2805 5276 ;in
2838 5211 3198 5284 quibusdam
3229 5215 3542 5276 codicibus
3573 5218 3680 5276 ha-

1998 5303 2169 5358 betur
2195 5299 2481 5372 scriptum
2505 5316 2518 5354 :
2543 5299 2920 5372 procedentem
2945 5318 2980 5356 a
3003 5307 3176 5360 Patre
3207 5307 3487 5378 tanquam
3508 5323 3675 5379 spon-

1997 5407 2120 5448 sum
2159 5389 2227 5445 de
2270 5389 2512 5445 thalamo
2559 5403 2677 5456 suo,
2710 5389 2980 5460 quamvis
3023 5390 3104 5459 id,
3137 5409 3174 5447 a
3211 5398 3407 5462 Patre,
3455 5412 3493 5451 a
3542 5412 3675 5452 mo-

2000 5478 2199 5536 dernis
2227 5477 2304 5534 sit
2331 5477 2644 5545 abrasum;
2677 5493 2794 5533 non
2843 5476 3001 5534 enim
3031 5478 3208 5548 Deus,
3242 5481 3347 5538 Dei
3387 5482 3606 5552 Filius,
3639 5503 3675 5542 a

2000 5569 2116 5624 Deo
2148 5567 2314 5623 Patre
2342 5571 2626 5638 tanquam
2674 5582 2930 5638 sponsus
2979 5565 3052 5624 de
3083 5567 3349 5627 thalamo
3381 5588 3494 5628 suo
3536 5590 3673 5646 pro-

2001 5655 2315 5723 cessit,sed
2348 5655 2407 5710 in
2439 5653 2678 5728 Virgine
2702 5659 2889 5712 matre
2908 5654 3238 5714 humanam
3251 5663 3535 5717 naturam
3557 5663 3674 5718 sibi

2004 5741 2501 5809 associavit,etsic
2529 5743 2602 5800 de
2622 5742 2878 5816 Virginis
2911 5747 3074 5800 utero
3091 5752 3384 5820 tanquam
3408 5767 3674 5823 sponsus
