4868 6456
632 557 776 622 1149

1573 551 1675 614 DE
1716 549 1959 613 VARlA
2000 551 2281 614 PSALM.
2327 550 2428 614 ET
2471 550 2698 614 GANT.
2746 549 3041 615 MODUL.

3852 542 4009 616 1150

628 687 901 765 processit
931 686 1001 743 de
1032 682 1289 742 thalamo
1312 701 1419 742 suo
1445 684 1604 740 :ideo
1630 685 1843 742 rectius
1875 686 2136 742 canitur:
2170 687 2260 742 Vi-
2290 686 2345 753 Α
2376 685 2640 758 pertinet,
2674 685 2919 758 ideoque
2949 677 3175 740 rectius
3234 682 3348 740 dici
3408 687 3632 757 poterat
3665 701 3677 741 :
3711 688 4011 745 lnnovatur

633 779 817 837 debitis
846 780 1037 848 Regem
1094 791 1284 846 regum
1318 774 1693 844 procedentem
1722 792 1756 831 a
1784 777 1950 832 Matre
2001 783 2263 848 tanquam

631 884 878 941 sponsum
906 865 971 921 de
1003 865 1241 920 thalamo
1269 880 1387 919 suo.

698 958 782 1012 10.
814 955 999 1022 Nunc,
1033 952 1170 1009 licet
1199 956 1552 1025 praepostero
1583 952 1806 1018 ordine,
1838 952 1969 1009 illas
1992 952 2260 1026 antipho-
2340 978 2351 989 -

633 1062 732 1101 nas
762 1041 1024 1099 convenit
1056 1039 1412 1112 conspicere,
1440 1056 1567 1111 quae
1590 1040 1661 1095 ad
1686 1039 2265 1096 invitandum.Domi-‘

632 1149 767 1189 num
797 1131 866 1188 ab
922 1127 1528 1200 litteraOincipiunt,
1588 1130 1646 1183 et
1701 1128 1784 1183 sic
1843 1145 1945 1200 per
2000 1129 2262 1184 ordinem

633 1219 884 1292 ejusdem
916 1216 1126 1272 litterae
1155 1216 1394 1271 vadunt.
1428 1216 1574 1271 Nam
1606 1215 1757 1272 sicut
1790 1217 2081 1272 sancitum
2113 1220 2201 1272 est
2233 1233 2267 1272 a

633 1307 841 1364 sanctis
870 1304 1166 1371 Patribus,
1193 1303 1289 1359 ille
1319 1302 1696 1376 peroptabilis
1727 1304 1957 1360 Domini
1985 1304 2266 1362 adventus

634 1396 802 1453 trium
814 1393 1571 1450 heddomadarumnumero
1584 1393 2025 1448 anteadventum
2038 1393 2265 1448 Domini

633 1489 715 1542 est
744 1483 1121 1547 constitutus,
1153 1498 1281 1553 quae
1312 1497 1415 1552 per
1448 1480 1712 1553 singulos
1741 1481 1867 1537 dies
1896 1480 2073 1536 variis
2116 1480 2267 1537 anti-

633 1573 949 1646 phonarum
964 1569 1773 1641 cantilenissuntprzesoriptm
1788 1570 2265 1641 etpraeordinatze,

633 1662 734 1718 Sed
757 1664 812 1716 et
831 1660 942 1715 tria
961 1657 1158 1715 ofﬁcia
1168 1673 1272 1729 per
1290 1657 1553 1730 singulas
1572 1658 1753 1713 trium
1766 1658 2266 1714 hebdomadarum

634 1748 953 1805 Dominicas
995 1750 1139 1803 sunt
1163 1746 1501 1811 constituta,
1530 1749 1587 1801 et
1624 1746 1763 1818 quia
1791 1745 1945 1802 idem
1979 1746 2268 1802 terminus

590 1882 591 1885 η
635 1839 904 1894 adventus
933 1835 1173 1892 Domini
1205 1853 1238 1890 a
1258 1835 1462 1908 quinta
1493 1833 1618 1890 Kal.
1643 1834 1979 1891 Decembris
2003 1851 2187 1907 usque
2206 1836 2268 1891 in

590 1956 591 1963 η
635 1928 816 1984 Nonas
844 1925 1114 1998 ejusdem
1147 1920 1367 1979 m‘ensis
1390 1922 1536 1979 solet
1563 1923 1814 1987 extendi,
1834 1940 1903 1979 ex
1924 1922 2015 1980 his
2037 1924 2265 1991 diebus,

636 2030 754 2085 quae
783 2014 852 2112 de
873 2017 1090 2118 quarta
1120 2012 1488 2118 heb‘do‘mada
1518 2015 2146 2118 supercrescunt,unus
2169 2016 2270 2118 aut
2299 2053 2349 2118 B
2378 2032 2491 2087 que
2523 2015 2869 2071 festivitates
2927 2014 3266 2071 solemniter
3296 2016 3367 2070 ad
3427 2015 3839 2073 celebrandum
3880 2022 4022 2074 sunt

590 2492 595 2525 ι

639 2102 751 2157 duo
769 2101 890 2157 dies
906 2100 992 2157 vel
1009 2099 1248 2169 tres,vel
1271 2099 1586 2172 aliquando
1604 2099 1862 2173 intregra
1885 2100 2269 2166 hebdomade,

637 2190 843 2264 placuit
856 2189 1254 2263 antiphonarii
1271 2189 1589 2245 ordinatori
1608 2206 1709 2261 per
1724 2188 1986 2261 singulas
2003 2193 2199 2245 noctes
2211 2189 2271 2246 in

635 2277 730 2334 illa
750 2282 957 2351 quarta
976 2278 1369 2345 hebdomade,
1385 2294 1517 2333 cum
1537 2294 1969 2350 supercrescere
1982 2277 2272 2345 solet,ma—

636 2366 901 2424 tutinales
916 2366 1128 2423 laudes
1145 2382 1490 2438 componere
1502 2372 1558 2421 et
1570 2367 1641 2422 ad
1653 2366 2271 2438 vespertinaleslaudes

638 2457 700 2510 ad
725 2457 1093 2513 invitandum
1114 2457 1297 2511 Deum
1319 2455 1671 2527 antiphonas
1689 2455 2097 2523 ordinare,inci
2106 2455 2270 2527 piens

590 2582 593 2617 ί
638 2562 669 2601 a
695 2545 1008 2614 Dominica,
1036 2549 1097 2601 et
1127 2545 1469 2617 perveniens
1492 2561 1676 2616 usque
1704 2544 1771 2598 ad
1798 2547 2019 2599 sextam
2046 2544 2269 2599 feriam.

590 2672 594 2683 ν

590 2700 596 2707 ρ

590 2760 593 2797 l

638 2633 820 2689 Prima
865 2633 1196 2706 antiphona
1251 2632 1335 2688 sic
1368 2632 1572 2704 incipit
1605 2649 1618 2687 :
1652 2634 1690 2687 0
1721 2632 2021 2703 Sapientia,
2055 2648 2179 2705 qua:
2206 2650 2275 2689 ea:

639 2739 724 2778 ore
743 2723 1009 2779 Altissimi
1028 2721 1288 2794 prodisti,
1312 2720 1711 2776 concluditur:
1740 2722 1872 2781 Veni
1889 2721 1958 2776 ad
1977 2722 2275 2777 docendum

590 2852 596 2879 ε
641 2826 728 2867 nos
760 2812 903 2867 viam
926 2811 1289 2884 prudentiae,-
1321 2810 1595 2876 secunda,
1626 2814 1676 2867 0
1710 2810 1978 2877 Adonei;
2011 2810 2201 2879 tertia,
2226 2813 2273 2868 Ο

590 2940 595 2957 l

590 3028 595 3065 ἱ

590 3212 592 3244 l

590 3300 595 3333 Ι

589 3476 597 3515 l

590 3656 596 3695 l

640 2900 809 2955 Radix
860 2902 1049 2967 Iesse;
1110 2902 1336 2971 quarta,
1399 2897 1438 2953 0
1486 2899 1656 2953 clavis
1703 2898 1916 2965 David;
1974 2899 2200 2970 quinta,
2232 2899 2271 2955 0

644 2988 843 3055 Oriens,
894 2988 1154 3062 splendor
1206 2988 1341 3043 lucis
1397 2995 1623 3044 aeterna
1653 3005 1672 3052 ,°
1702 2990 1883 3055 sexta,
1912 2986 1951 3041 0
1982 2989 2095 3043 Rea:
2141 3004 2272 3057 gen-

636 3079 809 3143 tium;
846 3078 1126 3151 septima,
1161 3077 1201 3133 0
1232 3076 1583 3142 Emmanuel,
1617 3093 1741 3147 quae
1773 3092 1975 3132 omnes
1997 3093 2098 3148 per
2126 3076 2272 3132 illud

635 3166 873 3222 verbum
903 3166 1034 3223 veni
1069 3166 1128 3220 in
1154 3165 1268 3220 fine
1298 3164 1671 3220 clauduntur.
1732 3164 1885 3228 Quas
1916 3164 2042 3221 ideo
2075 3169 2274 3221 notare
2302 3203 2321 3217 .

637 3255 845 3324 curavi,
878 3259 947 3312 ut
976 3258 1181 3328 aperte
1211 3254 1445 3309 daretur
1474 3251 1719 3327 intelligi
1750 3252 1881 3309 illas
1936 3253 2091 3310 solas
2120 3270 2270 3321 esse,

635 3359 755 3414 quas
779 3344 1131 3417 regulariter
1159 3359 1224 3399 ac
1255 3346 1404 3398 recte
1426 3342 1757 3413 compositae
1787 3342 2057 3397 videntur
2085 3343 2156 3397 ad
2179 3342 2275 3397 ad-

2368 778 2607 842 natura;
2639 772 2797 829 velut
2827 773 3180 846 quibusdam
3215 772 3405 846 placet
3435 790 3447 828 :
3474 774 3763 831 Innovator
3792 784 4012 836 natura:

2369 864 2509 919 Deus
2539 865 2694 919 homo
2720 865 2897 934 factus
2921 871 3019 919 est.

2442 952 2589 1008 Illud
2615 952 3047 1024 responsorium
3082 953 3190 1008 :‘I'n
3246 952 3514 1009 columbae
3565 954 3744 1024 specie
3771 954 4013 1027 Spiritus

2369 1049 2590 1096 sanctus
2618 1041 2765 1095 visus
2818 1048 2915 1106 est,
2971 1041 3210 1096 Paterna
3238 1056 3344 1095 vox
3396 1040 3591 1097 audita
3647 1050 3724 1097 est
3755 1060 3775 1098 :
3806 1044 3906 1099 Hic
3931 1048 4013 1100 est

2372 1130 2545 1184 Filius
2573 1145 2724 1183 meus
2752 1129 3005 1194 dilectus,
3059 1131 3119 1183 in
3169 1145 3271 1201 quo
3320 1128 3461 1184 mihi
3512 1130 3645 1185 bene
3690 1133 4016 1203 complacui,

2373 1218 2472 1274 ubi
2505 1218 2706 1272 finitur
2736 1220 2792 1271 et
2844 1216 3215 1281 terminatur,
3275 1220 3332 1272 et
3389 1217 3628 1289 quidam
3680 1218 4012 1291 adjiciunt:

2372 1309 2555 1378 Ipsum
2599 1305 2806 1370 audite,
2837 1321 2963 1376 quas
2988 1322 3096 1361 vox
3153 1321 3267 1360 non
3300 1305 3359 1359 in
3410 1306 3760 1377 baptismate
3789 1313 3879 1364 est
3908 1326 4013 1365 au-

2375 1395 2518 1463 dita,
2552 1395 2651 1450 sed
2685 1394 2741 1449 in
2772 1398 2992 1462 monte,
3026 1393 3126 1449 ubi
3156 1394 3610 1467 transfiguratus
3640 1395 3949 1467 Dominus,
3982 1414 4017 1454 a

2373 1484 2540 1539 Patre
2569 1488 2660 1538 est
2685 1482 2929 1555 prolata,
2957 1487 3012 1539 et
3040 1482 3169 1539 ideo
3202 1483 3338 1538 huic
3369 1484 3738 1555 responsorio
3770 1502 3886 1542 non
3926 1490 4015 1542 est

2376 1572 2720 1644 copulanda.

2446 1661 2533 1717 lt.
2565 1662 2731 1716 Nunc
2762 1659 2940 1734 igitur
2968 1660 3362 1717 necessarium
3391 1660 3622 1716 videtur
3651 1660 3869 1735 aliquid
3892 1666 4015 1720 tra-

2377 1751 2653 1805 ctandum
2677 1751 2747 1806 de
2763 1749 3151 1817 solemnitate,
3167 1767 3293 1822 quae
3305 1751 3746 1823 Septuagesima
3764 1748 4020 1825 praetitu4

2376 1837 2551 1905 latur,
2585 1855 2712 1910 quae
2744 1838 2815 1893 ad
2842 1854 3141 1910 vesperam
3190 1838 3396 1910 incipit
3432 1842 3489 1895 et
3544 1843 3747 1895 contra
3797 1858 4017 1898 morem

2376 1926 2835 1982 ecclesiasticum
2860 1927 2931 1982 ad
2945 1927 3269 1983 matutinas
3291 1926 3522 1983 desinit.
3549 1928 3733 2000 Igitur
3751 1945 4020 2002 quacun-

2379 2105 2771 2170 constitutee,a
2799 2103 2975 2177 priori
3005 2120 3251 2175 vespera
3284 2102 3477 2160 solent
3505 2102 3785 2173 inchoari,
3817 2110 3874 2162 et
3921 2123 4024 2180 per

2379 2198 2652 2249 nocturas
2682 2197 2738 2248 et
2767 2192 3091 2248 matutinas
3128 2191 3304 2249 horas
3332 2210 3438 2265 per
3493 2193 3788 2266 regulares
3845 2194 4023 2253 totius

2379 2281 2493 2338 diei
2523 2298 2731 2337 cursus
2760 2280 3133 2351 conveniunt,
3165 2285 3223 2336 et
3253 2282 3336 2337 sic
3367 2282 3439 2338 ad
3468 2278 4017 2357 secundam'vespe-

2381 2387 2505 2425 ram
2537 2370 2895 2442 pertingunt.
2930 2369 3059 2424 Haec
3088 2368 3212 2425 sola
3250 2386 3405 2437 vero,
3440 2375 3506 2425 ut
3562 2387 3741 2443 supra
3798 2372 4020 2429 dictum
4050 2358 4057 2365 ’

2380 2464 2487 2527 est,
2514 2460 2585 2514 ad
2614 2475 2915 2531 vesperam
2948 2457 3169 2530 incipit,
3197 2461 3253 2513 et
3281 2459 3371 2513 vix
3404 2458 3474 2513 ad
3499 2460 3817 2515 matutinas
3847 2460 4022 2517 horas

2380 2548 2659 2619 pervenit.
2693 2547 2837 2603 Hinc
2870 2547 3178 2618 conjicitur
3207 2548 3360 2619 quod
3393 2545 3571 2619 aliqui
3603 2547 3906 2605 dulcedine
3936 2562 4026 2605 ca-‘

2380 2652 2533 2691 noras
2550 2635 2741 2690 laudis
2754 2635 2949 2690 attacti
2966 2634 3044 2689 hu
3054 2652 3121 2689 nc
3135 2634 3303 2690 termi
3313 2652 3388 2689 nu
3398 2647 3452 2690 ω
3469 2635 3772 2707 posuerint
3794 2632 4025 2694 alleluia

2383 2723 2786 2779 modulationi.
2822 2723 2984 2779 Unde
3014 2724 3194 2795 hujus
3226 2724 3494 2779 nocturni
3548 2724 3725 2780 ofﬁcii
3759 2729 3962 2781 auctor
3991 2743 4027 2781 a

2382 2812 2737 2885 quibusdam
2762 2811 3227 2885 reprehenditur,
3259 2828 3324 2868 eo
3354 2813 3507 2885 quod
3540 2814 3665 2868 sine
3682 2831 3857 2869 sacras
3874 2814 4025 2870 Scri-

2381 2906 2563 2974 ptura:
2595 2900 2929 2957 testimonio
2952 2901 3023 2955 ad
3043 2901 3238 2975 ipsum
3267 2902 3499 2958 alleluia
3520 2901 3688 2974 quasi
3711 2905 4027 2975 quamdam

2381 3006 2690 3062 personam
2723 2988 3075 3061 alloquendo
3106 2988 3284 3045 talem
3317 2989 3557 3045 musicae
3575 2991 3873 3047 cantilenae
3889 3006 4031 3047 nar-‘

2379 3078 2663 3133 rationem
2704 3078 2996 3133 studuerit
3024 3081 3343 3133 contexere.
3377 3079 3485 3133 Sed
3522 3096 3629 3135 nos
3661 3096 3748 3145 ea,
3804 3096 3931 3152 quis
3962 3096 4030 3135 ex

2382 3166 2731 3222 authenticis
2753 3166 3067 3238 Scripturis
3091 3165 3289 3238 aliquo
3313 3167 3485 3222 modo
3507 3172 3745 3239 sumpta
3764 3166 4031 3241 cognovi-

2382 3271 2537 3323 mus,
2567 3254 2806 3311 reticere
2827 3254 3121 3311 nolumus.
3146 3256 3290 3310 Nam
3313 3255 3371 3309 in
3400 3254 3547 3311 libro
3562 3251 3839 3311 Judicum
3892 3256 4032 3328 legi-

2381 3360 2514 3398 mus
2536 3344 2688 3415 quod
2714 3342 2952 3416 quidam
2976 3358 3257 3415 generum
3282 3359 3455 3397 suum
3483 3343 3773 3415 proficisci
3794 3343 4031 3416 cupien-

636 3415 868 3488 ventum
891 3429 1640 3488 dominicuminvitandum
1665 3429 2101 3502 pertinereJllaa
2120 3448 2275 3499 vero,
2306 3415 2351 3484 Cu
2385 3434 2504 3487 tem
2538 3432 2618 3487 ita
2654 3415 3049 3487 sitallocutus
3083 3449 3096 3486 :
3126 3430 3418 3487 Considera
3473 3430 3613 3503 quod
3648 3431 3764 3486 dies
3804 3431 3886 3517 ad
3941 3446 4028 3487 oc-

637 3536 758 3592 qute
788 3521 860 3577 ad
890 3520 1110 3576 harum
1157 3518 1607 3575 similitudinem
1654 3518 2049 3589 modulantur,
2083 3523 2281 3575 utrum

2389 3537 2577 3575 casum
2602 3520 2856 3576 declivior
2888 3520 2958 3575 sit
2986 3527 3037 3575 et
3060 3521 3387 3591 propinquet
3412 3520 3510 3575 'ad
3538 3534 3833 3591 vesperam,
3867 3534 4030 3575 mane

639 3624 811 3665 sensu
842 3613 901 3665 et
928 3608 1132 3665 verbis
1184 3608 1553 3677 conveniant,
1579 3607 1678 3680 qui
1737 3606 2024 3664 voluerint
2051 3607 2284 3664 videant
2390 3608 2536 3680 apud
2554 3625 2642 3663 me
2670 3610 2837 3664 etiam
2866 3608 3041 3674 hodie,
3070 3616 3121 3663 et
3141 3607 3244 3663 duo
3274 3608 3462 3665 laetum
3490 3607 3654 3675 diem,
3686 3615 3738 3663 et
3768 3623 3889 3663 cras
3906 3620 4032 3680 pro-'

590 3748 593 3769 ,
636 3701 690 3751 et
720 3697 1075 3771 intelligant.

701 3786 763 3841 In
794 3786 898 3843 illa
926 3785 1273 3858 antiphona,
1299 3802 1424 3857 quae
1452 3786 1682 3841 canitur
1703 3785 1763 3840 in
1790 3789 1988 3842 octava
2007 3784 2240 3841 Domini
2264 3802 2276 3840 :

633 3875 879 3932 Mirabile
901 3875 1233 3948 mysterium
1260 3874 1576 3929 declaratur
1606 3874 1784 3940 hodie,
1811 3874 2092 3946 scriptum
2123 3874 2278 3929 inve-

635 3962 827 4019 nimus
862 3982 876 4019 :
910 3966 1253 4019 innovantur
1279 3966 1537 4027 naturae;
1569 3966 1625 4017 et
1654 3962 1851 4017 mirari
1885 3979 2106 4035 nequeo
2152 3980 2279 4035 quas

590 4200 595 4237 l

590 4404 593 4413 γ

632 4049 737 4129 illa:
768 4050 891 4125 sint
920 4056 1151 4107 naturae
1181 4067 1307 4122 quas
1331 4050 1609 4105 dicuntur
1627 4049 1930 4106 innovatae.
1958 4051 2103 4106 Nam
2126 4051 2279 4107 Deus

631 4154 697 4193 ex
725 4139 1062 4196 substantia
1108 4138 1298 4195 Patris
1321 4142 1454 4194 ante
1495 4138 1705 4194 saecula
1724 4139 1976 4211 genitus,
2008 4139 2183 4195 homo
2212 4156 2280 4195 ex

630 4227 966 4285 substantia
984 4227 1193 4283 matris
1214 4227 1275 4282 in
1298 4225 1508 4282 saeculo
1530 4231 1704 4282 natus
1722 4228 1991 4299 apparuit
2012 4228 2164 4283 inter
2184 4228 2281 4283 ho-

630 4310 816 4373 mines
836 4333 1018 4373 verus
1038 4306 1195 4372 Deus
1217 4320 1274 4371 et
1293 4332 1465 4371 verus
1487 4314 1685 4383 homo,
1705 4316 2034 4372 subsistens
2057 4316 2112 4371 in
2140 4317 2279 4372 dua-

629 4402 738 4459 bus
758 4405 1016 4472 naturis,
1041 4404 1101 4459 id
1131 4407 1222 4460 est
1250 4403 1447 4459 divina
1474 4407 1531 4459 et
1561 4403 1838 4472 humana,
1863 4408 1920 4460 et
1940 4403 1998 4458 in
2016 4421 2135 4459 una
2154 4421 2280 4476 per-

627 4507 788 4548 sona.
823 4493 994 4549 Unde
1028 4492 1111 4549 sic
1141 4492 1394 4565 legimus
1423 4492 1483 4548 in
1515 4493 1768 4564 quadam
1799 4492 2019 4565 synodo
2044 4492 2102 4546 in
2137 4492 2277 4547 civi-

622 4581 736 4635 tate
767 4571 1435 4653 SpalensiIHispalensi]
1469 4579 1670 4636 habita
1695 4596 1708 4635 :
1733 4603 1761 4629 «
1788 4580 1846 4635 Si
1871 4578 2003 4651 quis
2023 4579 2277 4652 igiturin

623 4669 871 4725 Domino
904 4673 1109 4725 nostro
1137 4670 1280 4726 Josu
1312 4668 1543 4724 Christo
1574 4672 1676 4724 aut
1705 4668 1852 4723 duas
1883 4671 2142 4737 naturas,
2178 4671 2280 4724 aut

2385 3698 2664 3768 ﬁcisceris,
2712 3700 2777 3751 ut
2804 3696 2968 3751 vadas
3011 3697 3068 3751 in
3118 3696 3335 3752 domum
3392 3703 3563 3751 tuam.
3593 3696 3674 3751 Ex
3731 3694 4031 3752 occasione

2390 3784 2568 3855 hujus
2598 3785 2901 3841 sententiae
2932 3800 3172 3864 exorsus
3202 3788 3293 3840 est
3317 3783 3400 3840 sic
3431 3785 3503 3840 ad
3533 3785 3763 3841 alleluia
3788 3783 3978 3840 dicere
4011 3802 4024 3840 :

2390 3875 2543 3929 Mane
2568 3874 2713 3945 apud
2742 3889 2840 3929 nos
2870 3873 3030 3929 hodie
3059 3875 3117 3928 et
3146 3876 3353 3929 caetera
3397 3889 3525 3944 quae
3582 3870 3929 3944 sequuntur.
3966 3872 4032 3928 In

2388 3961 2537 4018 libro
2565 3961 2869 4035 Sapientiae
2900 3961 3151 4033 legimus
3183 3977 3197 4016 :
3232 3962 3272 4017 0
3302 3978 3466 4033 quam
3501 3960 3731 4034 pulchra
3779 3968 3857 4016 est
3882 3969 4033 4016 casta

2386 4052 2664 4119 generatio
2693 4066 2817 4105 cum
2830 4050 3081 4106 claritate
3102 4056 3120 4104 ,ν
3147 4050 3475 4105 immortalis
3501 4053 3581 4104 est
3599 4050 3747 4104 enim
3764 4050 4032 4104 memoria

2388 4139 2564 4204 illius,
2597 4140 2855 4210 quoniam
2883 4142 2935 4194 et
2962 4137 3108 4209 apud
3138 4139 3309 4193 Deum
3334 4142 3464 4195 nota
3493 4145 3573 4194 est
3603 4146 3654 4194 et
3682 4136 3827 4210 apud
3848 4137 4031 4193 homi-

2384 4242 2498 4282 nes.
2541 4227 2676 4282 Cum
2698 4240 2944 4298 praesens
2971 4233 3068 4291 est,
3102 4227 3402 4282 imitantur
3430 4227 3590 4283 illam
3621 4229 3673 4281 et
3723 4224 4031 4281 desiderant
4082 4294 4089 4299 Α

2385 4332 2525 4383 eam,
2572 4331 2698 4371 cum
2753 4331 2810 4370 se
2864 4314 3135 4381 eduxerit,
3189 4321 3239 4370 et
3282 4316 3340 4369 in
3394 4319 3723 4387 perpetuum
3774 4320 4032 4370 coronata

2370 4398 2702 4476 triumphat.
2753 4402 2823 4458 Et
2877 4402 2937 4457 in
2993 4404 3194 4458 eodem
3253 4401 3425 4459 libro.
3465 4404 3759 4460 Delectatio
3803 4403 4032 4458 bona-in

2387 4493 2635 4564 operibus
2664 4507 2930 4547 manuum
2958 4491 3132 4558 illius,
3175 4491 3426 4547 honestas
3452 4492 3572 4546 sine
3614 4491 3930 4562 defectione.
3964 4490 4032 4545 Et

2384 4581 2625 4637 Tobiam
2656 4580 2905 4653 legimus
2935 4579 3007 4635 ad
3036 4594 3273 4633 uxorem
3305 4579 3377 4633 de
3433 4578 3551 4633 ﬁlio
3602 4594 3709 4634 suo
3765 4576 3981 4634 dixisse
4011 4595 4025 4634 :

2390 4670 2553 4726 Credo
2573 4672 2722 4726 euim
2748 4669 3007 4741 quoniam
3055 4668 3281 4736 angelus
3314 4668 3412 4723 Dei
3453 4667 3621 4723 bonus
3665 4668 3951 4723 comitetur
3977 4668 4030 4721 ei

590 4738 593 4767 ⁵
628 4772 806 4813 unam
832 4757 1093 4814 noluerit
1116 4758 1349 4814 credere
1371 4774 1437 4813 ac
1458 4756 1767 4829 praedicare
1784 4756 2207 4828 personam,vel
2230 4755 2279 4812 si
2306 4777 2357 4846 D
2386 4766 2439 4814 et
2467 4760 2596 4814 bene
2622 4738 2873 4830 disponat
2903 4758 3109 4824 omnia,
3142 4771 3268 4829 quae
3314 4757 3460 4811 circa
3508 4756 3689 4826 ipsum
3737 4761 4026 4825 geruntur,

590 4918 592 4947 l

590 5002 593 5037 ἰ

626 4845 755 4915 quis
788 4845 1055 4902 noluerit
1081 4846 1346 4902 confiteri
1399 4846 1670 4901 eumdem
1696 4845 1883 4925 Deum
1901 4849 2075 4917 atque
2096 4845 2279 4902 homi-

622 4949 776 5000 nem,
814 4935 875 4990 id
908 4938 1005 4990 ost
1034 4934 1289 4991 Verbum
1323 4935 1691 4991 incarnatum
1719 4935 1790 4989 de
1822 4933 2004 4989 Maria
2030 4933 2271 5007 virgine,

617 5037 720 5092 pro
756 5026 966 5079 nostra
1028 5022 1214 5078 salute
1266 5022 1543 5079 veraciter
1598 5027 1821 5090 natum,
1855 5026 2084 5078 tantum
2115 5040 2149 5079 a
2179 5039 2275 5078 ca-

615 5109 837 5167 tholica
867 5111 987 5167 fide
1020 5111 1466 5184 reprehenditur
1493 5128 1559 5167 ac
1608 5112 2044 5168 demonstratur
2082 5116 2272 5168 extra-

2386 4849 2466 4903 ita
2496 4854 2558 4903 ut
2583 4863 2707 4903 cum
2737 4846 2948 4915 gaudio
2978 4851 3279 4900 revertatur
3333 4844 3403 4899 ad
3432 4859 3548 4899 nos.
3606 4842 3754 4899 Illud
3788 4858 4028 4913 respon-

2384 4937 2605 4993 siorum
2635 4952 2649 4990 :
2674 4935 3105 5006 Multiplicentur
3119 4951 3153 4988 a
3172 4934 3400 4988 Domino
3420 4934 3557 4987 anni
3576 4934 3676 5001 tui,
3696 4932 3767 4988 de
3787 4931 4029 5003 parabo-

2383 5023 2457 5080 lis
2474 5023 2804 5080 Salomonis
2829 5040 2895 5078 ex
2912 5021 3213 5077 occasione
3233 5021 3411 5093 hujus
3435 5021 3722 5077 sermonis
3740 5020 4026 5093 scriptum

2383 5129 2511 5170 esse
2542 5112 2836 5167 credimus
2870 5127 2883 5166 :
2916 5110 3077 5178 Audi,
3108 5111 3197 5182 ﬁli
3217 5111 3316 5176 mi,
3348 5119 3400 5166 et
3433 5112 3643 5181 suscipe
3675 5110 3839 5165 verba
3882 5125 4026 5175 mea,

590 5188 591 5221 ‘
617 5215 791 5270 neus,
818 5203 886 5255 ut
905 5205 1278 5256 sacramento
1304 5200 1719 5272 redemptionis
1741 5197 2013 5256 humanae
2038 5200 2276 5256 resistat
2383 5211 2444 5259 ut
2474 5198 2913 5273 multiplicemur
2937 5200 3040 5255 tibi
3063 5200 3202 5255 anni
3230 5200 3357 5256 vitae
3383 5218 3396 5268 ;
3429 5200 3579 5254 viam
3614 5201 3903 5271 sapientiae
3942 5198 4036 5254 de-‘

617 5285 913 5360 ingratus.
948 5289 1209 5358 Apparet
1235 5287 1413 5361 igitur
1444 5289 1598 5361 quod
1638 5288 1834 5343 divina
1892 5291 2104 5343 natura
2157 5287 2273 5344 exi-

590 5364 729 5430 ‘stat
754 5372 1102 5443 invisibilis,
1135 5375 1544 5448 impassibilis,
1575 5374 1984 5443 immutabilis,
2012 5392 2115 5430 nec
2146 5392 2273 5432 mu-

590 5463 749 5530 tari,
784 5479 893 5519 nec
926 5463 1211 5534 reparari,
1245 5481 1348 5520 nec
1400 5464 1662 5520 innovari
1693 5463 1915 5536 potuit:
1948 5463 2267 5522 humanam

590 5567 745 5607 vero
777 5555 1062 5607 naturam
1095 5565 1266 5606 verus
1298 5552 1450 5607 Deus
1468 5552 1569 5607 Dei
1603 5552 1781 5607 Filius
1814 5551 1872 5606 in
1905 5551 2124 5607 unitate
2148 5568 2269 5624 per-

590 5630 769 5694 sonte
802 5640 937 5694 sine
970 5638 1257 5694 divisione
1287 5644 1388 5695 aut
1417 5640 1819 5696 commistione
1850 5639 2189 5711 assumpsit,
2213 5646 2270 5697 et

609 5744 715 5784 nos
746 5728 807 5783 in
839 5726 1010 5799 ligno
1040 5726 1233 5782 crucis
1282 5729 1547 5795 redemit,
1579 5728 1887 5802 reparavit,
1921 5727 2217 5784 innovavit
2249 5748 2262 5786 :

609 5831 676 5871 ac
706 5831 810 5887 per
840 5816 955 5872 hoc
986 5814 1287 5871 innovatio
1317 5817 1388 5873 ad
1436 5816 1619 5874 solam
1678 5819 1949 5873 naturam
2007 5816 2264 5874 hominis

2380 5291 2687 5347 monstrabo
2718 5290 2839 5356 tibi,
2872 5287 3072 5343 ducam
3101 5295 3153 5343 te
3177 5305 3279 5359 per
3300 5289 3523 5343 semitas
3551 5289 3854 5359 aequitatis.
3881 5286 4027 5342 Item

2379 5378 2523 5434 illud
2540 5377 2997 5449 responsorium,
3018 5376 3169 5448 quod
3192 5375 3458 5431 canimus
3494 5393 3506 5431 :
3529 5377 3770 5432 Alleluia
3794 5394 3817 5441 ,'
3831 5391 4029 5430 nomen

2380 5470 2579 5524 bonum
2602 5466 2797 5521 melius
2826 5472 2901 5519 est
2933 5481 3098 5537 quam
3128 5463 3347 5521 divitiae
3384 5466 3599 5531 multm,
3665 5462 3933 5519 similiter
3963 5459 4023 5516 in

2378 5553 2667 5628 parabolis
2697 5551 3027 5607 Salomonis
3077 5551 3427 5607 invenimus.
3464 5556 3674 5606 Caetera
3724 5568 3874 5617 vero,
3910 5565 4015 5604 ex-

2377 5644 2559 5716 ceptis
2588 5642 2681 5697 his
2711 5657 2838 5711 quae
2872 5640 2941 5694 de
2975 5639 3219 5710 psalmis
3250 5641 3574 5712 composita
3604 5643 3765 5702 sunt,
3797 5654 3863 5692 ex
3892 5634 4018 5705 qui-

2375 5734 2486 5789 bus
2514 5729 2823 5801 Scripturte
2842 5726 2984 5783 locis
3007 5727 3234 5799 possint
3255 5727 3499 5784 inveniri
3524 5726 3781 5781 nondum
3808 5720 4009 5791 reperi.

2377 5819 2557 5893 Igitur
2587 5814 2802 5874 rectius
2833 5814 2978 5872 mihi
3012 5814 3308 5871 videretur
3337 5817 3400 5869 ut
3421 5812 3602 5885 ipsius
3631 5808 3859 5865 alleluia
3881 5818 4008 5858 can-
