4868 6402
609 490 744 558 H53

1533 492 1634 552 DE
1679 491 1916 555 YARIA
1961 488 2244 560 PSALM.
2291 489 2392 554 ET
2440 490 2673 559 CANT.
2719 493 3018 560 MODU'L.

3815 478 3971 570 4134

615 622 1366 695 sM-WMM,—-etetit
1387 621 1664 679 Jesusin.
1710 624 1921 692 medio,
1971 629 2050 680 et.
2080 624 2234 680 dixit
2254 627 2324 691 Αη
2395 624 2537 680 tiom

2080 624 2234 680 dixit
2254 627 2324 691 A..
2395 624 2626 681 tionem
2659 640 2870 698 meum,
2899 633 2958 684 et
3007 635 3283 688 converte
3333 631 3562 690 luctum
3613 641 3876 694 nostrum
3914 640 3973 694 ia

601 727 786 868 melissti.
802 712 947 855 eluant.
965 800 1121 873 agni.
1157 802 1209 870 Ῡ.
1246 805 1307 856 la
1340 805 1654 874 conspectu
1677 800 1838 874 Agni
1863 801 2063 857 amicti
2087 805 2226 856 sunt

661 887 814 943 stolis
843 886 1011 954 albis,
1043 893 1102 945 et
1130 889 1338 961 palma:
1369 889 1427 944 in
1460 890 1732 944 manibus
1773 906 1996 946 eorum.
2030 889 2220 946 Modo.
2268 905 2272 908 '

597 993 649 1066 ῐῖ.
679 993 753 1051 De
804 1011 898 1051 ore
956 994 1283 1067 prudentis.
1343 997 1395 1066 Ῡ.
1449 995 1746 1068 Sapientia
1803 997 2115 1068 requiescit
2164 997 2225 1052 in

657 1076 818 1142 corde
846 1085 997 1156 ejus;
1029 1087 1087 1140 et
1111 1082 1422 1156 prudentia
1447 1081 1515 1138 in.
1541 1099 1812 1142 sermone
1829 1085 1982 1155 ejus.
2017 1084 2222 1142 Favus.

595 1191 646 1259 εξ.
679 1191 935 1247 Locutus
954 1193 1064 1246 est.
1100 1192 1153 1262 ᾗ.
1189 1190 1255 1245 Et
1279 1189 1520 1246 sustulit
1545 1190 1712 1246 mein
1743 1190 1956 1264 spiritu
1987 1190 2045 1246 in
2067 1208 2229 1248 mon-

2449 712 2711 770 audium.

2449 728 2711 770 auarum.

2331 728 2598 873 mgSpem
2630 802 2688 858 in
2719 803 2919 862 alium.
2954 809 3006 876 ᾖ.
3045 808 3302 876 Domine,
3335 809 3488 866 Deus
3519 811 3647 868 coeli
3697 818 3753 870 et
3788 819 3975 885 terra,

2398 890 2618 962 respice
2647 893 2720 947 ad
2748 893 3138 952 humilitatem
3171 903 3450 954 nostram.
3485 902 3548 966 Ο.

2338 977 2397 1048 ii].
2432 977 2557 1034 Tua
2587 983 2674 1035 est
2703 983 2981 1053 potentia.
3007 986 3059 1052 ᾗ.
3101 985 3337 1041 Creator
3365 989 3628 1045 omnium
3659 991 3836 1062 Deus,
3863 996 3979 1048 ter-

2409 1065 2598 1124 ribilis
2626 1072 2682 1123 et
2709 1070 2896 1142 fortis,
2916 1072 3124 1142 justus
3139 1079 3198 1129 et
3228 1074 3576 1132 misericors.

2336 1172 2393 1239 ii).
2429 1173 2537 1239 Tu,
2569 1173 2812 1231 Domine
2855 1178 3283 1236 universorum.
3325 1183 3378 1251 ᾖ.
3413 1183 3521 1251 Tu,
3578 1185 3838 1257 Domine,
3884 1189 3979 1246 cui

2408 1258 2725 1400 léumilium
2767 1268 2826 1320 et
2873 1271 3309 1324 mansuetcrum
3362 1270 3582 1341 placuit
3624 1275 3976 1346 deprecatio.

2454 1363 2547 1400 on.

2454 1363 2547 1401 0n.

2341 1434 2402 1501 li).
2435 1433 2808 1510 Disrumpam
2839 1441 3089 1499 vincula.
3119 1445 3171 1512 ᾖ.
3206 1445 3476 1503 Revertar
3504 1449 3576 1506 ad
3615 1451 3977 1510 Hierusalem

2405 1521 2462 1576 in
2489 1524 2908 1597 misericordia,
2927 1531 3137 1586 domus
3156 1549 3284 1588 mea
3309 1535 3768 1595 azdiﬁcabitur'in
3787 1557 3877 1597 ea.
3909 1543 3973 1598 Ει

2338 1627 2395 1696 ἢ.
2425 1627 2587 1686 Mum
2616 1635 2719 1688 tuo
2747 1633 2938 1708 inexp.
2969 1638 3023 1705 ᾖ.
3057 1638 3204 1693 Erue
3235 1656 3341 1696 nos
3372 1641 3428 1695 in
3462 1642 3830 1703 mirabilibus
3859 1648 3979 1704 tuis

2409 1723 2462 1772 el
2489 1718 2564 1774 da
2593 1719 2838 1792 gloriam
2871 1723 3094 1780 nomini
3125 1730 3242 1782 tuo.
3278 1727 3502 1786 Libera.

2337 1820 2394 1890 ἡ.
2431 1820 2730 1882 Civitatem
2761 1827 2955 1885 istam.
2989 1833 3042 1898 in
3065 1832 3702 1906 Avertaturt‘urortuus,
3718 1839 3980 1906 Domine,

2407 1927 2443 1964 a
2471 1914 2683 1984 populo
2714 1920 2816 1971 tuo
2844 1921 2900 1972 et
2930 1934 2964 1972 a
2993 1919 3228 1976 civitate
3253 1926 3454 1978 sancta
3486 1928 3603 1980 tua.
3637 1926 3878 1983 Exaudi.
3974 1959 3977 1961 -

2260 1990 2306 2054 Β
2340 2016 2398 2085 ﬁ).
2436 2016 2542 2080 Qui
2575 2019 2850 2075 cmlorum
2883 2024 3164 2080 contines.
3219 2028 3272 2094 ἓ.
3322 2027 3445 2083 Non
3500 2030 3654 2087 enim
3693 2033 3982 2104 justifica-

2413 2104 2669 2162 tionibus
2703 2111 2917 2166 nostris
2951 2114 3377 2184 prosternimus
3398 2135 3596 2188 preces
3625 2126 3758 2176 ante
3775 2122 3983 2179 faciem

2413 2198 2596 2265 tuam,
2630 2199 2729 2253 sed
2762 2198 2819 2253 in
2852 2199 3326 2262 miserationibus
3356 2207 3474 2261 tuis
3507 2207 3979 2270 multis.Exaudi.

2415 2300 2498 2355 13.
2525 2305 2682 2358 Inter
2705 2303 2826 2359 haec
2847 2305 3150 2363 sciendum
3183 2308 3342 2381 quia,
3374 2311 3482 2366 etsi
3508 2313 3746 2384 quidam
3777 2334 3982 2375 versus

2342 2403 2475 2442 cum
2508 2391 2631 2446 suis
2662 2395 3051 2465 responsoriis
3078 2399 3448 2467 conveniunt,
3479 2417 3547 2457 ex
3577 2401 3759 2460 nimia
3784 2409 3979 2463 tamen

2343 2477 2705 2547 assiduitate,
2752 2499 2867 2553 qua
2922 2484 3133 2556 saepius
3184 2492 3501 2557 ponuntur,
3549 2492 3980 2563 quodammodo

2341 2564 2645 2635 vilescunt,
2677 2573 2733 2624 et
2765 2570 3064 2627 fastidium
3097 2570 3388 2647 ingerunt,
3441 2577 3593 2633 sicut
3623 2585 3760 2636 sunt
3793 2599 3806 2637 :
3839 2587 3982 2639 Deus

2343 2670 2376 2706 a
2408 2655 2612 2712 Libano
2632 2659 2847 2724 veniet;
2876 2677 2909 2714 a
2928 2661 3060 2716 solis
3082 2670 3205 2717 ortu
3227 2683 3246 2729 ;
3267 2666 3364 2734 qui
3387 2667 3528 2735 regis
3555 2668 3741 2737 Israel,
3776 2671 3979 2726 multi-

2343 2755 2457 2811 que
2478 2742 3073 2814 hujuscemodi.Unde
3093 2757 3149 2806 et
3170 2767 3276 2807 nos
3289 2768 3404 2808 non
3428 2753 3618 2810 solum
3639 2771 3742 2812 eos
3757 2773 3980 2828 versus,

2343 2844 2490 2899 quos
2521 2830 2579 2885 in
2610 2835 3107 2892 emendatioribus
3136 2838 3580 2912 Antiphonariis
3611 2842 3870 2902 invenire
3889 2863 3985 2919 poi

2341 2917 3016 2986 tuimus,emendationis
3046 2941 3224 2981 causa
3247 2927 3777 3000 posuimus,verum
3808 2917 3981 2990 etiam

2342 3004 2486 3059 alios
2537 3023 2639 3077 pro
2688 3010 3086 3082 superioribus
3135 3015 3356 3071 noviter
3402 3019 3666 3076 conditos
3705 3022 3982 3080 adnotare

2342 3094 2694 3151 curavimus.
2731 3097 2830 3153 Ille
2860 3115 3083 3166 versus,
3119 3102 3217 3173 qui
3251 3104 3322 3159 ad
3356 3103 3498 3160 illud
3545 3110 3980 3179 responsorium

2343 3181 2607 3252 pertinet,
2639 3186 2792 3255 quod
2828 3189 2885 3241 in
2913 3188 3106 3244 sudore
3133 3191 3325 3247 vultus
3362 3195 3447 3248 tui
3487 3180 3734 3265 canitur,
3768 3198 3867 3270 qui
3899 3199 3980 3254 ita

2343 3270 2568 3326 orditur
2613 3275 2687 3338 §.:
2735 3279 2845 3330 Pro
2872 3292 2933 3332 eo
2976 3277 3115 3348 quod
3161 3279 3389 3336 obedisti
3442 3283 3561 3337 voci
3604 3286 3802 3340 uxoris“
3843 3293 3975 3358 tuae,

2345 3358 2580 3428 quidam
2613 3366 2853 3418 cantant
2877 3365 3167 3437 plusquam
3194 3384 3312 3436 me;
3345 3385 3479 3425 cum
3513 3371 3728 3427 rectius
3749 3374 3980 3430 dicatur

2335 3447 2627 3519 plusquam
2654 3451 2878 3520 meaz,id
2909 3458 2998 3509 est
3025 3455 3212 3527 magis
3237 3456 3476 3513 deberes
3508 3474 3646 3514 meai
3674 3462 3798 3516 voci
3832 3463 3973 3517 obe-

2338 3532 2460 3622 dire
2485 3552 2660 3607 quam
2710 3540 2832 3595 voci
2884 3542 3082 3598 uxoris
3129 3548 3260 3598 tute.
3303 3544 3406 3601 Ille
3451 3559 3699 3604 versus:
3736 3549 3973 3622 Cumque

2337 3621 2555 3680 abiisset
2581 3625 2771 3682 Ruben
2801 3628 2872 3683 ad
2917 3639 3143 3700 puteum
3188 3640 3240 3688 et
3284 3649 3394 3688 non
3440 3635 3731 3693 invenisset
3763 3621 3907 3705 eum,
3938 3656 3977 3696 ε

2337 3710 2688 3782 quibusdam
2718 3717 3055 3774 modulatur
3090 3737 3104 3775 :
3136 3721 3432 3793 Scissisque
3462 3726 3725 3793 vestibus;
3745 3727 3846 3782 sed
3866 3743 3973 3800 que-

655 1282 767 1334 tem
798 1289 1080 1351 magnum
1102 1283 1160 1335 et
1187 1277 1393 1335 altum.
1434 1279 1504 1334 Et
1529 1277 1672 1334 vidi.

590 1386 642 1452 ii.
675 1383 796 1439 Haec
826 1387 913 1442 est
944 1381 1335 1440 Hierusalem.
1372 1385 1423 1454 ᾖ.
1458 1384 1640 1440 Porta
1666 1384 1792 1454 ejus
1816 1401 1929 1440 non
1963 1384 2228 1442 clauden-

651 1477 741 1528 tur
767 1488 868 1546 per
897 1472 1093 1540 diem;
1128 1489 1241 1530 nox
1271 1473 1428 1528 enim
1462 1489 1577 1528 non
1612 1473 1721 1528 erit
1749 1471 1808 1528 in
1842 1489 1926 1530 ea.
1959 1475 2022 1540 Ο.

585 1581 639 1648 1i.
671 1579 790 1636 Non
819 1579 1226 1636 conturbatur.
1251 1580 1302 1649 ἲ.
1337 1579 1452 1652 Ego
1474 1579 1689 1653 rogabo
1708 1579 2021 1650 Patrem,et
2046 1581 2227 1639 alium

650 1667 1012 1736 Paracletum
1037 1667 1198 1724 dabit
1225 1665 1410 1722 vobis.
1446 1667 1530 1724 Et.

584 1775 637 1843 Ii).
669 1774 1021 1848 Priusquam
1053 1778 1129 1831 te.
1166 1776 1216 1843 ὲ.
1249 1774 1420 1830 Posui
1451 1774 1627 1831 verba
1647 1789 1778 1831 mea
1806 1775 1869 1830 in-
1896 1791 1994 1832 ore
2024 1779 2142 1833 tuo.
2164 1777 2230 1836 Et

579 1867 1005 2017 ιῑπιῗιξξιιησι·
1051 1951 1303 2010 Domini.
1355 1953 1408 2020 9-.
1459 1951 1564 2008 Hic
1609 1957 1700 2008 est
1745 1952 1902 2008 enim
1947 1953 2230 2025 propheta

642 2043 702 2096 et
724 2039 1050 2113 plusquam
1075 2039 1377 2112 propheta,
1413 2039 1566 2098 sicut
1584 2039 1848 2096 Salvator
1879 2041 1978 2097 ait.
2007 2043 2154 2098 Non.

576 2147 631 2215 ἢ.
663 2145 821 2202 Puer
844 2157 1043 2214 meus,
1079 2147 1132 2216 i‘.
1167 2144 1450 2200 Liberabo
1465 2150 1520 2201 te
1535 2145 1794 2201 demanu
1817 2147 2228 2220 pessimorum,

636 2238 693 2290 et
721 2245 935 2291 eruam
964 2238 1032 2290 te
1056 2235 1124 2292 de
1159 2247 1336 2290 manu
1364 2235 1623 2290 fortium.

572 2342 625 2406 it.
659 2339 1092 2416 O’Hyppolyte,
1125 2339 1174 2396 si
1207 2341 1414 2396 credis.
1445 2341 1498 2409 ἢν.
1528 2341 1585 2395 Si
1616 2340 1809 2416 dictis,
1842 2341 2050 2414 inquit,
2087 2343 2236 2398 facta

635 2430 1246 2503 compen‘sas,faciam
1279 2430 1434 2502 quod
1469 2429 1843 2498 hortaris,cui
1865 2431 2067 2486 beatus
2094 2432 2232 2485 Laus

633 2519 866 2582 rentius
901 2519 1077 2575 dixit.
1113 2519 1200 2573 Et.

563 2607 620 2674 li).
659 2605 765 2663 Hic
795 2612 894 2664 est
921 2607 1048 2674 vir.
1069 2608 1123 2674 ἲ.
1156 2606 1528 2662 Strinxerunt
1555 2606 1816 2680 corporis
1845 2607 2108 2662 membra
2141 2624 2234 2678 po-

627 2695 837 2752 sita‘in
862 2695 1174 2763 craticula,
1225 2695 1678 2767 subiicientibus
1726 2713 1946 2768 prunas
1992 2695 2236 2752 insultat

629 2783 811 2841 levita
839 2771 1092 2840 Christi.
1127 2785 1192 2852 Q.

556 2874 610 2932 It.
649 2877 715 2928 ln
745 2875 1084 2945 conspectu
1118 2871 1398 2945 gentium.
1437 2873 1490 2941 ὲ.
1523 2871 1762 2927 Cantate
1784 2871 2028 2927 Domino
2049 2872 2231 2928 canti-

629 2979 771 3018 cum
804 2977 1064 3030 novum,
1097 2962 1243 3016 bene
1275 2960 1505 3033 psallite
1537 2962 1590 3016 ei
1613 2961 1669 3016 in
1695 2960 2062 3032 jubilatione.
2095 2963 2160 3017 A.

645 3068 691 3124 Ο
726 3068 987 3124 beatum
1018 3066 1232 3122 virum.
1260 3068 1312 3135 ἳ.
1346 3066 1541 3123 Oculis
1571 3084 1635 3123 ac
1657 3067 2002 3122 manibusin
2023 3066 2231 3123 coelum

616 3173 872 3229 semper
905 3155 1196 3221 intentus,
1231 3155 1510 3211 invictum
1543 3157 1613 3212 ab
1647 3156 1905 3212 oratione
1951 3156 2226 3229 spiritum

613 3263 737 3301 non
772 3245 1115 3301 relaxabat.
1149 3246 1212 3312 Ο.
1893 3254 1896 3256 ⁷

549 3327 609 3404 ἱ.
649 3335 696 3392 0
729 3335 921 3392 beata
944 3333 1196 3390 Caecilia.
1229 3334 1281 3403 ᾗ.
1317 3335 1492 3390 Beata
1521 3351 1582 3390 es
1612 3335 1772 3408 virgo
1802 3339 1860 3392 et
1887 3334 2233 3408 gloriosa,et
2263 3353 2306 3421 α

601 3422 985 3478 benedictus
1019 3437 1212 3478 sermo
1243 3422 1360 3480 oris
1384 3423 1487 3478 tui.
1517 3422 1671 3486 Quae.

549 3530 585 3597 ε.
624 3530 820 3604 Virgo
843 3527 1136 3603 gloriosa.
1170 3529 1221 3599 Ῠ.
1260 3528 1458 3586 Cilicio
1490 3528 1714 3586 Caecilia
1743 3531 2007 3586 membra
2035 3531 2230 3587 doma-

593 3620 724 3690 bat,
759 3621 976 3676 Deum
1008 3616 1328 3690 gemitibus
1353 3618 1646 3676 exorabat.
1671 3618 1764 3677 Et.

549 3724 585 3792 ξ’.
625 3724 854 3782 Cilicio
887 3721 1150 3780 Gmilia.
1183 3724 1236 3792 ᾖ.
1267 3725 1382 3780 Non
1417 3723 1602 3780 diebus
1628 3739 1801 3795 neque
1851 3739 2038 3798 usque
2081 3725 2228 3782 divi-

584 3816 704 3869 m’s.
746 3811 1146 3872 Tiburtium.

550 3931 574 3954 η.
614 3900 816 3956 Beata
851 3897 1120 3955 Caecilia.
1155 3899 1207 3967 ἲ.
1258 3897 1417 3954 Sicut
1456 3899 1612 3956 enim
1644 3916 1810 3956 amor
1840 3899 1937 3956 Dei
1989 3902 2226 3959 fratrem

577 3995 774 4045 tuum
815 3987 988 4047 mihi
1048 3988 1358 4060 conjugem
1409 3987 1562 4056 fecit,
1613 3988 1692 4045 ita
1740 3993 1796 4044 te
1834 3989 1978 4046 mihi
2011 4007 2221 4063 cogna-

585 4081 754 4136 tum.
795 4078 876 4141 Ο.

550 4208 562 4222 .
601 4165 868 4226 (Racilia
907 4161 1228 4222 me'misit.
1263 4164 1314 4232 Ῡ.
1350 4162 1669 4220 Inveniens-
1700 4163 2044 4226 Valerianus
2086 4184 2225 4240 pau.

577 4269 773 4326 peres
809 4251 990 4312 dixit
1023 4268 1035 4308 :
1069 4251 1372 4312 Ostendite
1402 4251 1548 4310 mihi
1581 4256 1853 4309 sanctum
1896 4254 2220 4314 Urbanum.

588 4341 837 4399 Dilcxit
858 4339 1206 4400 Andream.
1242 4340 1294 4410 iv.
1327 4339 1511 4412 Elegit
1541 4356 1675 4400 eum
1717 4342 1995 4399 Dominus
2026 4347 2084 4399 et
2113 4344 2220 4400 ho-

564 4436 840 4490 nestum
883 4427 1042 4488 fecit
1065 4427 1250 4486 illum.
1284 4428 1489 4492 QUL'm'.

583 4530 984 4602 Exaudisti,
1008 4529 1274 4589 Domine.
1307 4535 1361 4603 ᾖ.
1396 4535 1656 4604 Domine,
1690 4535 1790 4607 qui
1820 4537 2082 4594 custodis
2111 4555 2218 4610 pa-

556 4632 752 4682 ctum
788 4628 861 4681 et
894 4621 1374 4679 misericordiam
1407 4624 1588 4679 servis
1610 4624 1750 4693 tuis,
1783 4625 1881 4697 qui
1913 4626 2228 4683 ambulant

549 4716 906 4772 coram—te
939 4709 1021 4765 i—n-
1042 4714 1160 4766 tote
1191 4711 1362 4766 corde
1395 4727 1522 4766 suo.
1558 4712 1696 4768 Ben.

571 4821 909 4886 Domine,
953 4815 1011 4872 si
1042 4825 1378 4873 conversus.
1413 4817 1466 4886 Ῡ.
1499 4817 1917 4892 Βί·ρροεεινθι·ἱῐ·
1941 4821 1997 4875 in
2029 4826 2086 4877 te
2114 4839 2215 4894 po-

549 4912 752 4983 pulus
792 4913 992 4965 tuus
1013 4910 1070 4961 et
1100 4906 1624 4979 conversus-egerit
1664 4905 2084 4981 pmnitentiam,
2116 4925 2214 4966 ve-

549 5001 748 5055 iiens
775 4994 1084 5054 oraverit
1111 4993 1169 5048 in
1203 4993 1328 5049 loco
1358 4993 1492 5050 isto.
1529 4994 1653 5050 Lib.

555 5106 865 5170 Initium,
909 5099 1247 5172 sapientiae.
1283 5101 1335 5168 ᾖ.
1369 5099 1608 5156 Dilectio
1639 5099 1798 5159 illius
1829 5103 2098 5165 custodia
2133 5103 2229 5161 le-'

549 5211 707 5268 gum
745 5196 893 5258 est,
965 5188 1110 5260 quia
1157 5187 1351 5244 omnis
1399 5187 1691 5260 sapientia
1737 5190 1911 5249 timor
1958 5191 2208 5248 Domini.

549 5283 798 5340 .auda.
2005 5334 2007 5337 .

550 5374 750 5441 Peto,
795 5362 1111 5425 Domine.
1149 5365 1200 5434 3'.
1247 5363 1458 5420 Omnia
1479 5363 1704 5436 judicia
1732 5369 1835 5422 tua
1862 5367 2027 5438 justa
2055 5373 2209 5434 sunt,

549 5469 573 5521 t
615 5469 893 5518 omnes
935 5450 1055 5506 viae
1087 5457 1198 5514 tute
1231 5452 1632 5516 misericordia
1661 5459 1718 5510 et
1747 5456 1979 5516 veritas.
2007 5457 2082 5514 Ν.

2336 3800 2665 3870 coniunctio
2691 3802 2771 3858 ibi
2819 3806 3116 3877 superﬂua
3161 3813 3270 3875 est,
3302 3815 3358 3866 et
3404 3811 3591 3883 magis
3630 3814 3976 3886 regulariter.

2335 3887 2548 3946 dicimr
2579 3907 2592 3946 :
2624 3889 2819 3947 Smsis
2846 3895 3083 3951 vestibus
3109 3912 3333 3967 pergens
3362 3899 3433 3953 ad
3453 3902 3674 3970 fratres,
3703 3905 3806 3959 ait.

2405 3978 2605 4034 Restat
2633 3979 2823 4036 adhuc
2855 3998 3040 4038 unum
3071 3985 3686 4059 responsorium,quod
3721 3990 3864 4046 mihi
3889 3992 3972 4046 vis

2331 4067 2500 4122 detur
2530 4079 2644 4123 non
2675 4070 3324 4144 praetereundum,quod
3347 4073 3761 4149 taliterincipit
3792 4084 3982 4137 :Dum:

2330 4155 2704 4211 deambularet
2727 4157 2988 4212 Dominus
3014 4159 3072 4213 in
3097 4160 3352 4230 paradiso
3370 4180 3394 4225 ;
3417 4163 3509 4217 cui
3529 4181 3970 4240 versus'suppo-

2331 4243 2490 4299 nitur
2521 4261 2534 4300 :
2563 4244 2808 4311 Domine,
2856 4245 3046 4301 audivi
3095 4248 3344 4303 auditum
3392 4258 3548 4307 tuum
3591 4261 3644 4308 et
3679 4255 3860 4312 timui.
3894 4258 3975 4315 Eb

2329 4330 2669 4404 adjungitur
2709 4333 2862 4404 quod
2916 4333 2976 4389 in
3024 4334 3292 4391 Habacuc
3337 4339 3619 4410 propheta
3665 4341 3914 4400 habetur
3945 4362 3972 4401 ι’

2329 4419 2679 4478 Consideravi
2713 4437 2876 4493 opera
2926 4430 3020 4479 tua
3063 4432 3115 4479 et
3162 4427 3378 4497 expavi,
3423 4444 3556 4484 cum
3603 4431 3820 4488 rectius
3861 4433 3973 4491 illa.

2324 4510 2999 4582 dictio-subsequeretur,
3032 4527 3160 4584 quae
3188 4513 3248 4568 in
3278 4513 3484 4573 Genesi
3506 4515 3752 4589 legitur:
3784 4519 3972 4578 Παπαῖ-ν

2322 4617 2409 4666 ne,
2441 4601 2633 4657 audivi
2658 4601 2918 4656 auditum
2936 4605 3091 4657 tuum
3117 4611 3169 4658 et
3204 4604 3367 4659 timui
3394 4620 3454 4660 eo
3483 4606 3624 4677 quod
3673 4607 3859 4664 nudus.
3877 4626 3967 4666 es,-

2244 4717 2290 4781 Ι)
2321 4705 2459 4781 sem,
2475 4694 2532 4781 et
2560 4689 2818 4781 abscondi
2846 4703 2947 4746 me.
2970 4689 3085 4781 Nec
3115 4693 3580 4763 prastereundum
3612 4697 3766 4766 quod
3804 4697 3971 4755 Deut

2324 4777 2618 4848 perditum
2649 4777 2943 4834 hominem
2960 4779 3031 4834 ad
3055 4796 3258 4836 auram
3279 4785 3410 4853 post
3428 4783 3730 4840 meridiem
3755 4787 3967 4858 quassis-

2323 4867 2404 4921 vit
2433 4883 2499 4921 ac
2517 4866 2752 4943 nudum
2783 4867 3085 4940 reperit.ln
3119 4869 3359 4926 meridie
3379 4869 3524 4926 solet
3545 4871 3630 4928 sol
3651 4872 3962 4931 ferventior

2323 4972 2474 5022 esse,
2505 4960 2564 5011 et
2594 4956 2967 5027 postmodum
3020 4955 3081 5012 in
3113 4975 3317 5015 auram
3360 4960 3671 5017 declinare.
3727 4962 3970 5022 Primus:

2323 5043 2497 5099 homo
2529 5060 2563 5098 a
2592 5044 2810 5100 fervore
2849 5043 2999 5101 Solis
3045 5045 3291 5117 justitim
3339 5047 3567 5117 defecit,
3616 5050 3848 5122 quando
3898 5051 3966 5109 in:

2322 5148 2518 5189 amore
2542 5130 2869 5188 Conditoris
2899 5149 3012 5189 non
3044 5133 3234 5204 stetit;
3267 5136 3340 5192 ad
3363 5148 3567 5194 auram
3607 5143 3738 5211 post
3785 5142 3958 5197 meri-

2320 5220 2472 5278 diem
2503 5219 2832 5287 declinavit,
2865 5222 3098 5294 quando
3130 5223 3188 5278 in
3233 5225 3486 5295 perﬁdia
3535 5225 3766 5299 culpam
3819 5230 3966 5286 ruit.

2323 5309 2434 5366 Sed
2467 5326 2573 5365 nos
2600 5307 2796 5364 divino
2825 5325 3022 5367 amore
3050 5310 3355 5382 ferventes,
3385 5329 3614 5386 semper
3658 5321 3816 5374 veste
3855 5335 3960 5375 nu-

2322 5396 2484 5471 ptiali
2513 5396 2700 5454 induti
2727 5397 3387 5466 incedwtes,c¢elestem
3417 5402 3710 5474 Sponsum
3733 5421 3954 5478 quiera-

2320 5503 2453 5543 mus
2481 5485 2540 5542 in
2571 5486 2834 5555 meridie,
2866 5487 3124 5544 dicentes
3147 5505 3280 5546 cum
3309 5506 3525 5562 sponsa
3557 5509 3570 5549 :
3599 5491 3795 5549 Indica
3812 5493 3965 5550 mihi

549 5569 875 5640 Tempus
919 5560 1050 5615 est.
1077 5559 1128 5628 ἴ.
1162 5557 1491 5618 Benedicite
1511 5563 1719 5630 Doum,
1752 5559 1900 5616 coeli.
1931 5565 1987 5616 et
2012 5578 2216 5618 coram.
2317 5591 2471 5646 quem

2031 5578 2216 5618 50mm
2317 5591 2475 5646 quem
2503 5575 2690 5646 diligit
2735 5576 2923 5631 anima
2968 5591 3110 5633 mea.
3164 5576 3267 5638 Ubi
3306 5557 3516 5651 pascas,
3567 5582 3665 5638 ubi
3705 5581 3862 5637 cubes
3889 5583 3953 5638 in

549 5655 864 5714 mnibus
901 5645 1258 5705 viventibus
1289 5646 1652 5704 conﬁtemini
1684 5648 1759 5704 ei.
1789 5649 1877 5705 Et.

549 5761 878 5826 )omine,
924 5765 1045 5810 rex
1073 5751 1766 5828 omnipotens.b.E-xaudi,
1792 5754 2053 5828 Domine,
2075 5773 2207 5818 om.

2316 5664 2566 5732 meridie,
2618 5668 2906 5738 quatenus
2953 5665 3014 5722 in
3062 5667 3282 5726 fervore
3336 5671 3582 5742 geminae
3622 5669 3949 5726 dilectionis
4019 5695 4030 5701 ~

2316 5757 2642 5824 manentes,
2674 5769 2905 5830 semper
2932 5771 3067 5816 cum
3109 5756 3334 5817 Christo
3386 5757 3648 5816 latemur
3686 5759 3954 5817 ovantes.-
