4868 6396
830 513 988 576 1153

1910 509 2296 574 ΒΕιιΝοΝιε
2317 469 2668 576 annuis
2709 510 3148 574 AUGIENSIS.

4090 507 4264 574 H56

1444 755 1586 844 DE
1646 754 2178 844 CONSONA
2240 755 2826 844 TONORUM
2880 755 3624 847 DIVERSITATE

2054 923 2162 985 Ex
2192 943 2298 984 ms.
2333 923 2463 985 San
2496 923 2760 988 Gallensi
2781 944 2994 986 cowvo.

901 1085 1092 1137 Bnnno
1121 1076 1306 1150 gratia
1337 1075 1454 1144 Dei,
1487 1077 1544 1130 et
1573 1074 1620 1130 si
1654 1090 1770 1129 non
1797 1072 2024 1143 merito,
2057 1077 2254 1129 tamen
2276 1072 2466 1129 officio
2495 1074 2550 1142 Α
2580 1075 2780 1146 quitur
2803 1074 3168 1148 octavus,qui
3200 1075 3448 1148 septimo
3480 1075 3790 1144 subditur;
3821 1076 3981 1133 unde
4020 1080 4082 1134 et
4116 1077 4253 1150 pla-

827 1170 999 1234 abba,
1021 1165 1416 1224 dilectissimis
1467 1164 1526 1219 in
1557 1161 1786 1219 Christo
1835 1161 1970 1218 {iliis
2019 1162 2373 1218 Puncuanuo
2419 1167 2475 1217 et
2580 1163 2669 1235 gis
2703 1165 2994 1220 tetrardus
3024 1164 3111 1220 vel
3146 1163 3318 1237 plaga
3349 1166 3588 1221 tetrardi
3620 1168 3879 1222 vocatur.

824 1259 1117 1323 KaaUNGo,
1151 1272 1270 1310 una
1297 1270 1430 1310 cum
1463 1252 1684 1308 caeteris
1715 1252 1774 1308 in
1788 1250 2470 1307 Dominicarumschola-

822 1363 952 1402 rum
982 1342 1288 1418 gymnasio
1316 1342 1511 1414 Augiaa
1542 1340 1904 1407 vacantibus,
1932 1339 2003 1394 de
2033 1338 2242 1394 virtute
2277 1340 2332 1394 in
2366 1339 2472 1393 vir-

817 1439 1004 1492 tutem
1036 1433 1240 1490 diatim
1274 1432 1574 1504 proficere,
1622 1433 1687 1484 ut
1737 1428 1922 1484 Deum
1969 1428 2211 1484 deorum
2241 1428 2297 1483 in
2331 1427 2468 1484 Sion

815 1523 1048 1580 valeant
1074 1521 1433 1593 conspicere.

886 1628 1079 1686 Vestri
1119 1643 1358 1700 precum
1418 1625 1699 1679 instantia
1751 1640 1938 1695 nuper
1997 1622 2355 1684 admonitus.
2405 1628 2468 1678 ut

819 1719 1108 1793 quosdam
1133 1715 1449 1771 versiculos
1465 1731 1641 1786 super
1662 1730 1917 1768 consona
1937 1717 2207 1768 tonorum
2233 1713 2468 1768 diversi-

818 1812 935 1864 tate
963 1803 1316 1878 compositos
1347 1807 1549 1858 vestrae
1575 1799 1911 1873 sagacitatis
1943 1801 2241 1855 industriae
2274 1801 2344 1855 ad
2373 1799 2463 1854 di-

815 1896 1098 1954 scendum
1132 1891 1680 1958 contraderem,non
1727 1891 1924 1944 statim
1958 1889 2065 1944 hac
2095 1889 2165 1944 de
2195 1906 2372 1943 causa
2391 1889 2461 1942 ad

814 1986 874 2042 id
908 1983 1242 2041 faciendum
1274 1980 1539 2037 animum
1570 1978 1934 2052 appuli,quia
1963 1978 2206 2032 ridiculo
2241 1995 2329 2032 me
2349 1996 2461 2032 non

816 2075 1154 2131 defuturum
1183 2070 1338 2143 apud
1363 2073 1624 2141 posteros
1653 2067 2136 2134 credidi,si,inter
2165 2067 2460 2139 sapientia:

813 2163 1124 2220 thesauros
1136 2159 1502 2217 abundantes
1523 2175 1587 2213 ac
1604 2156 1931 2212 divinarum
1951 2156 2461 2228 humanarumque

813 2252 1142 2309 litterarum
1174 2247 1335 2321 larga
1364 2247 1529 2319 c0pia
1579 2247 1765 2302 instar
1813 2245 2088 2300 torrentis
2129 2247 2456 2311 affluentes,

811 2358 939 2415 ego,
968 2339 1150 2396 totius
1179 2335 1520 2410 eloquentia:
1545 2334 2060 2408 expers,quiddam
2086 2334 2297 2388 mutire
2321 2351 2459 2405 pra:-

811 2445 1126 2496 sumerem,
1171 2426 1453 2498 illamque
1503 2423 1854 2480 sententiam
1889 2423 2032 2478 mihi
2066 2439 2235 2495 posse
2285 2422 2455 2493 objici
2486 2444 2533 2510 Β

811 2537 924 2576 non
953 2516 1243 2574 immerito
1274 2514 1474 2586 expavi
1507 2530 1520 2568 :

993 2622 1057 2671 In
1087 2620 1270 2669 silvam
1301 2629 1369 2667 ne
1396 2618 1544 2681 ligna
1564 2617 1721 2676 feras,
1753 2621 1806 2666 et
1835 2617 1889 2665 in
1925 2629 2067 2665 mare
2098 2616 2270 2678 pisces

883 2727 996 2784 Sed
1015 2742 1250 2781 rursum
1265 2723 1424 2778 illam
1439 2722 1668 2778 Domini
1690 2723 2040 2777 sententiam
2054 2721 2452 2789 considerans,

815 2833 944 2888 quas
976 2814 1055 2870 ait
1088 2831 1101 2870 :
1139 2814 1246 2882 Qui
1271 2814 1408 2884 petit
1435 2829 1469 2868 a
1497 2819 1566 2881 te,
1598 2810 1668 2866 da
1713 2813 1787 2880 ei,
1818 2819 1866 2866 et
1914 2811 2118 2865 volenti
2163 2827 2194 2864 a
2243 2817 2291 2864 te
2337 2827 2455 2864 mu-

811 2905 964 2962 tuari
989 2919 1058 2958 ne
1084 2902 1370 2968 averteris,
1401 2899 1512 2956 etsi
1543 2917 1657 2954 non
1688 2903 1752 2954 ut
1776 2899 2127 2971 petentibus,
2161 2897 2365 2952 saltem
2393 2903 2455 2954 ut

813 2996 1087 3049 mutuum
1127 2989 1237 3046 sibi
1287 2988 1544 3061 praestari
1597 2987 1946 3054 volentibus,
1995 2987 2230 3060 penitus
2277 2987 2452 3042 dene-

812 3097 950 3155 gare
1002 3094 1372 3152 nequaquam
1423 3093 1552 3133 sum
1587 3093 1911 3144 ausus,non
1959 3093 2165 3148 parum
2216 3077 2452 3130 tumoris

810 3187 904 3227 me
935 3185 1178 3243 sperans
1207 3165 1652 3239 acquisiturum,
1686 3166 1756 3233 si,
1789 3182 1894 3238 pro
1934 3166 2176 3220 verbosa
2222 3165 2307 3219 vel
2343 3181 2449 3219 un-

807 3261 1113 3330 decunque
1165 3256 1455 3328 acquisita
1499 3254 2039 3327 compositiunculae
2086 3252 2448 3326 garrulitate,

807 3350 975 3406 docta
1005 3345 1336 3403 domesticae
1365 3343 1707 3416 eloquentia:
1737 3348 1940 3399 vestra:
1972 3360 2196 3398 merear
2227 3341 2452 3415 partici-

806 3437 930 3512 pari
963 3435 1295 3494 sobrietate.

880 3543 1066 3616 Igitur
1095 3545 1221 3598 octo
1252 3538 1407 3596 tonis
1439 3539 1817 3594 manifestum
1855 3544 1944 3595 est
1996 3538 2281 3595 musicam
2312 3555 2448 3594 con-

810 3631 1040 3698 sistere,
1072 3646 1174 3702 per
1204 3645 1352 3700 quos
1381 3627 1619 3684 musicas
1669 3627 2089 3684 modulationis
2128 3645 2450 3683 consonan-

809 3719 924 3786 tiae,
957 3733 1105 3790 quas
1135 3732 1292 3772 nunc
1321 3713 1559 3771 interim
1611 3716 1906 3772 brevitatis
1949 3717 2143 3772 studio
2193 3715 2446 3788 praateri-

2651 1253 2911 1324 Denique
2939 1270 3053 1308 non
3087 1253 3379 1308 immerito
3411 1253 3659 1326 primus,
3697 1254 3929 1325 tertius,
3960 1253 4253 1326 quintus,

2579 1339 2864 1412 septimus
2895 1341 3216 1396 authentici
3248 1340 3336 1396 vel
3368 1341 3722 1414 principales
3760 1342 4063 1409 dicuntur,
4102 1359 4252 1398 cum

2577 1446 2777 1484 eorum
2811 1447 2990 1485 sonus
3022 1430 3097 1486 sit
3123 1429 3313 1497 altior,
3341 1447 3622 1487 ascensus
3650 1430 3937 1503 superior.
3952 1430 4136 1497 Nam,
4169 1431 4253 1486 si-

2577 1522 2677 1574 cut
2733 1520 3140 1591 unusquisque
3171 1536 3421 1575 eoruma
3452 1537 3559 1576 suo
3574 1519 4253 1594 finaliincipiens,nove-

2576 1606 2807 1662 uarium
2841 1607 3083 1662 limitem
3112 1607 3352 1663 licenter
3379 1609 3744 1664 ascendendo
3783 1607 4100 1680 contingit,
4137 1609 4248 1665 de-

2572 1697 2904 1751 scendendo
2937 1697 2994 1750 in
3018 1696 3126 1750 sibi
3161 1697 3439 1762 vicinum,
3461 1696 3777 1768 aliquando
3802 1711 3991 1768 usque
4021 1697 4100 1752 ad
4127 1701 4250 1752 ten

2573 1785 2719 1839 tium
2735 1803 2944 1840 sonum
2971 1785 3339 1856 pcrvenit,ita
3352 1785 3655 1840 interiores
3669 1785 3726 1840 in
3741 1785 4017 1857 quintum
4033 1801 4247 1858 usque

2573 1874 2979 1938 ascendunt,in
2999 1879 3273 1946 quartum
3296 1891 3426 1929 vero
3441 1891 3650 1929 sonum
3666 1873 4245 1930 descendunt.Unde

2571 1967 2628 2016 et
2659 1963 2716 2016 hi
2753 1961 3307 2026 inferiores,scilicet
3327 1963 3641 2029 secundus,
3675 1967 3944 2036 quartus,
3997 1968 4243 2032 sextus,

2570 2054 2828 2116 octavus,
2857 2067 2890 2104 a
2919 2050 3341 2120 superioribus,
3371 2049 3526 2105 velut
3547 2049 3818 2122 discipuli
3841 2068 3875 2106 a
3896 2050 4243 2122 magistris,

2570 2155 2637 2192 ex
2667 2143 2785 2193 toto
2809 2156 2920 2193 non
2954 2139 3248 2210 recedunt,
3281 2139 3380 2193 sed
3433 2139 3687 2211 quodam
3717 2138 3907 2194 vicino
3938 2154 4238 2195 sonorum

2570 2231 2767 2281 tenore
2798 2227 3405 2298 adjuncti,quamdam
3431 2227 3521 2282 sui
3553 2227 3944 2301 discipulatus
3966 2227 4237 2284 formam

2566 2316 2638 2370 ad
2671 2315 2999 2387 superiores
3032 2316 3568 2387 prmtendunt,dum
3601 2321 3659 2372 et
3689 2333 3967 2372 ascensus
3989 2333 4235 2384 eorum,

2567 2408 2630 2458 ut
2661 2421 2840 2477 supra
2889 2404 3361 2476 prmnotavimus,
3415 2407 3478 2459 tit
3523 2405 3752 2460 brevior
3790 2410 3848 2461 et
3894 2405 4236 2463 descensus

2568 2494 2824 2549 inferior.

2637 2582 2884 2638 Omissis
2931 2581 3109 2652 igitur
3148 2581 3514 2653 singulorum
3541 2587 3812 2638 tonorum
3842 2579 4228 2652 differentiis,

2566 2688 2690 2743 quae
2725 2689 2825 2743 pro
2857 2671 3083 2726 diversa
3111 2671 3415 2726 doctorum
3439 2671 3864 2728 consuetudine
3913 2669 4229 2742 aliquibus

2565 2760 2622 2814 in
2652 2761 2868 2815 notulis
2900 2777 3106 2833 parum
3139 2761 3274 2832 quid
3305 2760 3642 2816 discordare
3661 2759 4226 2832 videntur,singulis

2565 2853 2794 2904 tantum
2824 2847 3128 2904 versiculis
3152 2848 3534 2921 principalem
3561 2849 3652 2904 sui
3685 2848 3914 2905 sonitus
3949 2852 4222 2905 tenorem

2562 2942 2679 2992 tam
2712 2937 2770 2992 in
2801 2937 3140 3009 antipbonis
3179 2955 3356 3010 quam
3407 2939 3467 2994 in
3519 2936 3907 3010 responsoriis
3957 2937 4220 3010 exempli

2560 3043 2737 3082 causa
2768 3027 3419 3099 adjunximuansuper
3447 3032 3504 3083 et
3535 3027 3681 3082 alios
3706 3026 3973 3098 ejusdem
3997 3027 4222 3099 regula:

2558 3133 2760 3171 versus
2793 3116 2864 3170 ad
2913 3115 3188 3170 introitus
3227 3120 3283 3171 et
3325 3116 3769 3172 communiones
3827 3114 4218 3187 pertinentes,

2559 3221 2693 3260 cum
2729 3205 2854 3260 suis
2884 3206 3080 3260 tamen
3108 3203 3613 3276 differentiis,quia
3643 3202 3948 3276 pauciores
3979 3207 4124 3259 sunt
4153 3208 4217 3260 et

2558 3293 2850 3358 certiores,
2909 3291 3339 3348 nihilomninus
3392 3292 3781 3365 superaddere
3847 3291 4216 3350 curavimus.

2557 3382 2717 3446 Quod
2747 3383 2792 3437 si
2815 3380 3157 3436 cbaritatem
3191 3387 3442 3436 vestram
3465 3380 3822 3436 differentias
3843 3379 3964 3436 sive
3994 3379 4219 3436 difﬁni-

2559 3470 2744 3525 tiones
2776 3468 3230 3542 antiphonarum
3279 3467 3527 3525 delectat
3572 3473 3764 3524 vestro
3797 3484 3962 3524 more
3994 3468 4217 3524 subne-

2557 3562 2729 3625 ctere,
2764 3562 2856 3614 sat
2884 3556 3110 3630 placere
3143 3557 3312 3614 nobis
3345 3558 3569 3614 scitote.
3603 3557 3886 3614 Caeterum
3933 3557 4214 3614 obedien-

2559 3647 2702 3702 tiam
2729 3652 2979 3703 vestram
3014 3647 3253 3703 omnino
3285 3652 3598 3713 contestor,
3631 3651 3923 3718 quatenus
3976 3645 4105 3702 haac
4147 3664 4215 3703 eo

2556 3736 2858 3792 charitatis
2888 3736 3096 3791 all'ectu
3127 3752 3392 3808 quoame
3423 3740 3563 3791 sunt
3583 3735 3908 3808 composita
3921 3734 4217 3808 suscipia—

809 3823 964 3874 mus,
997 3805 1185 3861 amica
1212 3805 1466 3878 quadam
1517 3821 1633 3859 SINE
1680 3805 2107 3876 conjunctionis
2165 3804 2448 3860 afﬁnitate
2477 3811 2521 3878 α
2560 3823 2731 3892 tiam,

2291 3804 2448 3897 [uate
2477 3811 2521 3878 C
2560 3823 2894 3896 tis,meique
2927 3829 3122 3897 utpote
3143 3804 3288 3879 boni
3322 3823 3422 3879 ﬁlii
3449 3824 3539 3880 sui
3563 3804 3745 3896 patris
3774 3804 4131 3881 memoriam
4153 3824 4213 3878 in

809 3894 919 3950 sibi
951 3893 1194 3950 invicem
1221 3893 1490 3949 videntur
1509 3893 2140 3958 concordare.Quorum
2165 3893 2319 3966 apud
2342 3909 2448 3948 nos

808 3983 1068 4051 nomina,
1101 4000 1136 4038 a
1164 3983 1353 4056 primo
1394 3999 1582 4054 usque
1628 3986 1918 4049 octavum,
1969 3999 2038 4038 ex
2085 3981 2308 4037 ordinis
2355 3981 2445 4037 sui

801 4072 1141 4130 auctoritate
1187 4087 1492 4145 sumpsere
1544 4070 1878 4144 primordia.
1903 4071 1984 4127 Ex
2035 4071 2250 4143 quibus
2298 4087 2450 4143 qua-

803 4167 956 4233 tuor,
986 4161 1046 4218 id
1071 4164 1162 4218 est
1189 4161 1440 4234 primus,
1459 4160 1688 4228 tertius,
1713 4159 2274 4232 quintus,septimus
2295 4161 2447 4216 Grae-

805 4267 872 4308 co
900 4249 1130 4324 eloquio
1177 4247 1496 4306 authentici
1547 4252 1846 4316 vocantur,
1901 4263 1968 4304 eo
1999 4249 2155 4320 quod
2202 4249 2445 4314 caeteris,

802 4338 1072 4396 videlicet
1098 4338 1379 4404 secundo,
1412 4340 1644 4410 quarto,
1677 4340 1856 4404 sexto,
1887 4341 2089 4393 octavo
2115 4337 2282 4410 quasi
2303 4354 2448 4410 qua-

805 4427 942 4485 dam
972 4427 1296 4502 magisterii
1322 4425 1667 4482 auctoritate
1697 4442 1944 4498 praeesse
1969 4427 2308 4496 videantur;
2344 4443 2447 4482 au-

803 4516 1131 4574 thenticum
1164 4531 1418 4587 namque
1445 4521 1716 4570 auctorem
1745 4515 1864 4571 sive
1899 4517 2226 4585 magistrum
2255 4519 2447 4583 sonat,

804 4605 968 4663 Unde
997 4605 1152 4662 sicut
1182 4604 1513 4678 superiores
1557 4603 1876 4660 authentici
1909 4609 2208 4672 vocantur,
2242 4605 2327 4661 ita
2354 4604 2448 4660 in-

804 4694 1043 4752 feriores
1073 4693 1277 4767 plagae,
1308 4692 1479 4765 quasi
1528 4696 1720 4764 partes
1769 4707 1835 4748 ex
1864 4691 2043 4750 latere
2081 4692 2449 4765 superiorum

805 4783 1204 4858 procedentes,
1236 4781 1530 4838 dicuntur.

877 4891 1005 4955 Qua
1033 4887 1252 4945 ratione
1283 4886 1523 4960 contigit
1556 4889 1743 4962 ut,qui
1775 4887 2074 4945 communi
2109 4887 2448 4945 Latinorum

805 4978 1099 5036 locutione
1126 4977 1342 5032 dicitur
1370 4976 1594 5050 primus
1625 4979 1696 5036 ab
1727 4978 1908 5050 hujus
1938 4977 2080 5048 artis
2111 4977 2448 5050 magisterio

808 5066 1054 5124 imbutis
1074 5064 1787 5124 nomineturauthenticus
1799 5067 2198 5139 protus,quasi
2219 5067 2449 5138 primus

2555 3913 2784 3969 Christo
2815 3912 3098 3968 habeatis.
3131 3912 3349 3968 Valete.

2913 4001 3154 4057 PRIMUM
3185 4017 3436 4064 omnem
3463 4001 3707 4057 REGNUI
3737 4000 3862 4056 Dm.

2627 4092 2830 4148 Gloria.
2880 4090 3221 4147 chulorum
3273 4096 3474 4146 Amen.
3529 4091 3662 4146 Ecce
3711 4106 3909 4145 nomen
3961 4091 4208 4146 Domini.

2555 4180 2790 4251 Angelus
2820 4181 3064 4237 Domini.
3095 4180 3397 4251 Antequam
3417 4181 3788 4234 convenirent.
3822 4177 4010 4236 Gloria
4027 4179 4208 4248 Patri,

2554 4276 2606 4324 et
2635 4269 2853 4336 l-‘ilio,et
2868 4269 3109 4341 Spiritui
3135 4273 3342 4324 sancto.
3367 4269 3534 4324 Beata
3562 4284 3640 4334 es,
3669 4266 3862 4323 Maria.

2824 4362 3141 4412 SECUNDUM
3181 4373 3364 4412 suum
3405 4372 3597 4412 smus
3633 4371 3734 4412 ns'r
3771 4371 3930 4411 nunc.

2629 4445 2834 4512 Gloria,
2867 4445 3227 4512 chulorum,
3279 4446 3467 4501 Amen.
3515 4445 3662 4501 Iuste
3707 4452 3759 4500 et
3799 4446 3893 4516 pie
3932 4447 4207 4500 vivamus.

2555 4534 2910 4605 Archangelc.
2943 4535 3248 4606 Assumpsit
3273 4535 3444 4591 Iesus.
3500 4534 3691 4590 Gloria
3742 4534 3923 4603 Patri,
3955 4542 4008 4590 et
4040 4535 4210 4600 Filio,

2555 4630 2606 4678 et
2631 4624 2871 4694 Spiritui
2896 4630 3099 4689 sancto,
3133 4623 3283 4690 Veni,
3315 4622 3504 4678 electa.

2731 4713 2941 4766 TERTIA
2982 4727 3108 4767 mss
3147 4728 3264 4778 EST,
3307 4727 3450 4773 QUOD
3491 4727 3613 4766 mea
3651 4727 3825 4767 FACTA
3863 4727 4033 4766 sum.

2629 4799 2833 4856 Gloria.
2867 4799 3226 4856 Sazculorum.
3275 4805 3467 4856 Amen.
3517 4801 3763 4867 Donum,
3807 4799 4057 4872 probasti
4101 4817 4208 4857 me.

2555 4888 2800 4954 Domine,
2850 4904 2965 4960 spes
3020 4888 3364 4944 Sanctorum.
3427 4888 3661 4945 Claudus
3718 4888 3963 4962 quidam.
4022 4888 4212 4945 Gloria

2556 4977 2735 5043 Patri,
2764 4985 2815 5032 et
2846 4978 3006 5042 Filio,
3038 4981 3090 5032 et
3112 4979 3354 5049 Spiritui
3381 4985 3590 5034 sancto.
3622 4977 3791 5034 Hodie
3818 4981 3952 5033 nata
3980 4987 4080 5035 est.

2893 5067 3129 5132 Qusn'ra
3165 5082 3378 5121 VIGILIA
3413 5083 3582 5120 vnsrr
3618 5082 3691 5122 an
3731 5082 3856 5122 nos.

810 5153 1160 5222 auctoralis;
1193 5157 1483 5212 secundus
1505 5155 1697 5242 plagis
1715 5154 2028 5226 protus,vel
2051 5155 2241 5229 plaga,
2263 5155 2321 5211 id
2335 5159 2444 5223 est,
2478 5176 2524 5242 Β
2628 5153 2832 5211 Gloria.
2865 5153 3217 5210 Saeculorum.
3252 5159 3452 5210 Amen.
3496 5153 3668 5212 Credo
3714 5154 3914 5210 videre.
3947 5154 4026 5210 Ite
4065 5171 4209 5210 nun-

811 5259 950 5318 pars
975 5242 1123 5315 proti
1148 5261 1162 5312 ;
1185 5243 1390 5302 tertius
1438 5241 1812 5301 authenticus
1861 5243 2158 5311 deuterus,
2191 5260 2256 5300 eo
2288 5245 2444 5316 quod

811 5330 1079 5389 secundae
1111 5333 1187 5389 sit
1231 5330 1599 5390 auctoritatis
1626 5347 1639 5395 ;
1664 5333 1910 5401 quartus
1937 5331 2127 5404 plagis
2155 5331 2243 5387 vel
2276 5331 2449 5404 plaga

811 5419 1034 5478 deuteri
1061 5439 1074 5490 ;
1099 5421 1339 5495 quintus
1361 5416 1736 5476 authentieus
1766 5419 1960 5487 tritus,
1975 5419 2358 5477 nihilominus
2379 5437 2449 5476 ex

809 5511 1064 5569 ternario
1092 5515 1151 5568 et
1177 5507 1524 5566 auctoritate
1554 5521 1765 5562 nomen
1800 5507 2076 5577 sortitus;
2109 5507 2204 5564 cui
2250 5514 2448 5566 sextus

810 5601 1134 5658 secundum
1165 5593 1564 5668 supradictam
1596 5594 1877 5652 rationem
1909 5597 2238 5669 subjicitur.
2261 5597 2448 5670 Septi-

811 5706 945 5747 mus
975 5685 1346 5744 authenticus
1374 5682 1665 5740 tetrardus
1695 5685 1767 5742 ab
1799 5685 2002 5742 ordine
2023 5690 2082 5742 et
2109 5685 2234 5759 ipse
2255 5687 2336 5742 ita
2358 5703 2455 5744 vo-

812 5781 1019 5848 catus;
1048 5777 1200 5833 tetra
1224 5785 1479 5848 namque
1509 5775 1760 5851 quatuor
1783 5774 2079 5834 dicuntur.
2111 5773 2328 5835 Deinde
2357 5793 2451 5835 se-

2556 5247 2705 5301 tiate.
2739 5246 2971 5312 Sanctis,
3005 5246 3102 5317 qui
3130 5245 3189 5300 in
3219 5251 3364 5301 terra
3385 5252 3534 5300 sunt.
3569 5245 3755 5301 Gloria
3782 5245 4018 5310 Patri,“
4038 5247 4209 5312 Filio,

2554 5341 2607 5390 et
2631 5334 2871 5406 Spiritui
2897 5341 3099 5389 sancto.
3134 5337 3280 5404 Quae
3305 5341 3385 5390 est
3411 5336 3518 5390 ista
3539 5337 3568 5389 ?

2638 5425 2904 5490 QUINQUE
2946 5438 3278 5478 paunsmss
3317 5439 3720 5479 INTRAVERUNT
3755 5439 3829 5480 an
3869 5439 4136 5479 sums.

2627 5513 2834 5570 Gloria.
2867 5511 3227 5568 Saeculorum.
3266 5511 3626 5568 Amen.Allel.
3660 5527 3821 5585 quem
3841 5511 4209 5584 quaerisﬂcce

2545 5602 2670 5674 jam
2701 5602 2896 5658 veniet.
2927 5599 3114 5657 Adhuc
3141 5601 3315 5657 multa
3343 5601 3532 5657 habeo.
3564 5600 3712 5656 Coeli
3735 5602 3912 5673 aperti
3929 5601 4209 5658 sunt.Glo-

2558 5693 2646 5746 ria
2681 5691 2855 5758 Patri,
2904 5693 2957 5746 et
3009 5689 3167 5761 Filio,
3221 5697 3271 5745 et
3323 5689 3564 5764 Spiritui
3589 5698 3794 5750 sun-clo.
3828 5689 4077 5762 Obsecro,
4108 5689 4208 5770 Ποῖ

2558 5795 2733 5839 τηιηε.

4319 5377 4337 5796 l
