4868 6466
670 529 818 590 115⁸1

948 658 1133 715 SEXTA
1170 671 1321 715 nona
1360 671 1520 716 suorr
1554 671 1741 717 SUPER
1787 676 2039 718 rursum.

2161 523 2588 591 EPISTOLE.

2343 666 2399 732 Α
2432 659 2661 717 οωιθειθ
2690 658 2949 717 solamen
2979 676 3087 717 nos
3116 656 3373 718 humiles
3402 658 3670 734 fatentes,
3695 666 3751 718 te
3778 670 4072 722 canentes.

3896 508 4075 592 'uss

666 781 675 786 -
742 748 949 805 Gtoria.
979 748 1322 804 Seculorum.
1352 753 1540 805 Amen.
1571 750 1881 820 zEdiﬁcavit
1907 750 2123 822 Moyses.
2168 750 2320 807 Alias
2428 747 2756 815 laudantes,
2789 752 3016 821 tuaeque
3047 765 3260 805 nomen
3314 751 3585 822 potentias
3627 768 3735 807 nos
3782 758 4076 824 quaterna:

668 852 808 894 oves.
842 835 1176 893 Benedictus
1203 838 1486 893 Dominus.
1520 839 1711 895 Gloria
1736 840 1916 907 Patri,
1975 843 2029 895 et
2084 840 2244 911 Filio,
2272 848 2325 896 et

639 926 904 1000 Spiritui
921 924 1140 982 sanclo.
1176 927 1343 982 Beata
1365 940 1437 982 es.

804 1013 1043 1071 SEPTEM
1084 1031 1225 1070 SUNT
1264 1030 1524 1071 SPIRITUS
1561 1032 1705 1071 ANTE
1742 1032 2024 1072 THRONUM
2063 1016 2188 1072 DEI.

735 1102 943 1159 Gloria.
1008 1102 1374 1161 Saeculorum.
1443 1104 1630 1160 Amen.
1688 1105 2031 1161 Hierusalem
2096 1106 2322 1177 respice.

664 1191 981 1264 Sapientias
1001 1191 1302 1262 aediﬁcavit
1329 1193 1438 1248 sibi
1463 1192 1703 1249 domum.
1734 1194 1840 1249 Hoc
1853 1193 1976 1264 jam
2002 1195 2176 1250 tertio.
2200 1194 2326 1250 Glo-

658 1281 749 1335 ria
775 1282 960 1347 Patri,
995 1285 1052 1336 ct
1082 1281 1245 1349 Filio,
1274 1288 1327 1337 et
1352 1281 1587 1354 Spiritui
1611 1290 1815 1338 sancto.
1851 1281 2108 1340 Gloriosa
2142 1284 2325 1353 Virgi-

656 1387 769 1427 ms.

1101 1459 1252 1516 Oc'ro
1283 1476 1431 1516 sum
1469 1476 1898 1531 BEATITUDINES,

725 1549 945 1605 Gloria.
974 1548 1343 1606 Saeculorum.
1377 1550 1772 1621 Amen.Angeli
1798 1566 2006 1606 eorum.
2036 1554 2325 1608 Justorum

652 1638 883 1695 anim.
919 1637 1121 1705 Amen,
1153 1653 1310 1693 amen
1339 1637 1458 1694 dico
1483 1639 1653 1694 vobis.
1693 1639 1859 1694 Malos
1916 1640 2061 1695 male
2114 1639 2321 1711 perdet.

638 1725 876 1782 'Adorna
901 1727 1237 1782 thalamum.
1273 1731 1420 1781 Deus
1449 1727 1692 1798 adjuvat.
1726 1732 1925 1783 Beatus
1967 1730 2055 1783 vir
2085 1729 2183 1799 qui
2208 1729 2323 1799 suf-

647 1815 775 1884 fert.
807 1814 876 1871 Si
904 1816 1071 1884 ignes
1093 1814 1278 1871 adhib.
1314 1815 1498 1870 Gloria
1522 1817 1700 1883 Patri,
1731 1825 1782 1872 et
1810 1818 1969 1882 Filio,
2002 1823 2050 1872 et
2090 1816 2327 1887 Spiritui

646 1907 860 1959 sancto.
896 1905 1135 1959 Beatam
1152 1920 1238 1960 me
1265 1904 1467 1959 dicent.

862 1989 879 2002 '
987 1992 1182 2048 Gloria
1213 1994 1389 2047 Patri.
1422 1992 1781 2050 Smculorum.
1814 1994 1998 2050 Amen.

723 2080 932 2136 Primo
966 2097 1080 2155 pro
1114 2080 1372 2137 culmine
1401 2081 2319 2154 tua:quaererejustitizn,Domine,

642 2168 765 2224 veri
799 2169 1040 2225 summi
1074 2186 1308 2242 quoque
1336 2170 1534 2226 lumen
1560 2170 1649 2227 fac
1680 2187 1823 2240 nos;
1857 2171 2112 2244 petimus
2141 2174 2207 2225 ut
2263 2170 2323 2225 in

642 2256 791 2314 ccelo
822 2274 1084 2331 semper
1114 2257 1215 2314 tibi
1238 2258 1581 2330 jubilemus.
1615 2259 1818 2315 Amen.

711 2349 944 2416 Rorate,
977 2347 1141 2404 cali.
1170 2349 1541 2419 Suseepimus.
1571 2347 1927 2405 Gaudeamus.
1959 2348 2322 2405 Sarmatarum.

628 2440 841 2496 'Amen.
879 2436 1134 2494 Gaudete
1172 2438 1231 2492 in
1276 2437 1528 2493 Domino.
1579 2437 1791 2493 Etenim
1820 2437 2089 2493 sederunt.
2123 2438 2326 2492 Statuit

637 2529 694 2582 ei
721 2527 1041 2604 Dominus.
1064 2527 1253 2581 Amen.
1287 2526 1552 2581 Dominus
1579 2525 1752 2581 dabit.
1798 2526 1930 2581 Ecce
1967 2527 2134 2596 virgo.
2173 2525 2326 2581 Vide-

637 2623 776 2672 rnnt
804 2631 1033 2672 omnes.
1072 2615 1268 2672 Gloria
1296 2616 1476 2670 Patri.
1510 2618 1619 2669 etc.

1099 2701 1301 2760 Gloria.
1336 2704 1696 2760 Saeculorum.
1720 2703 1909 2759 Amen.

710 2793 1201 2863 Secundumque
1231 2790 1375 2864 legis
1404 2792 1643 2847 verbum
1677 2796 1902 2857 mutua,
1925 2808 2041 2863 quo
2073 2791 2328 2847 dilectio-

637 2899 782 2938 nem
821 2882 935 2938 Dei
969 2884 1035 2937 et
1067 2879 1339 2953 proximi,
1371 2879 1603 2947 Christi,
1639 2880 1931 2936 mandasti
1961 2880 2169 2949 colore,
2201 2898 2327 2953 quae

639 2987 750 3042 per
781 2971 917 3027 hinc
952 2986 1212 3043 geminae
1243 2969 1622 3024 observantiae
1655 2973 1943 3041 praecepta
1988 2969 2321 3028 reddamus.

634 3060 863 3115 Amen.

724 3150 867 3205 Veni
897 3155 956 3204 et
988 3147 1230 3204 ostende.
1267 3147 1485 3203 Vultum
1513 3155 1688 3203 tuum.
1705 3148 1834 3202 Ecce
1856 3146 2090 3202 advenit.
2134 3151 2326 3202 .lmen.

637 3237 1044 3294 Hierusalem.
1072 3237 1227 3292 Exiit
1248 3252 1447 3292 sermo.
1463 3237 1723 3291 Dominus
1743 3236 1915 3293 Iesus.
1941 3235 2125 3291 Gloria
2151 3237 2326 3305 Patri,

636 3330 756 3383 etc.

1103 3413 1304 3470 Gloria.
1337 3413 1689 3470 Smculorum.
1724 3414 1908 3469 Amen.

713 3504 938 3561 Tertia
974 3507 1038 3560 te
1069 3502 1182 3571 die,
1238 3502 1485 3570 Christe,
1537 3519 1858 3576 resurgere,
1911 3503 2129 3558 mundo
2182 3502 2330 3558 ferre

627 3592 856 3650 lumen
894 3590 1230 3649 credimus.
1263 3591 1308 3646 Ο
1356 3590 1530 3659 alma,
1564 3592 1653 3647 fac
1683 3608 1789 3647 nos
1818 3595 1875 3648 et
1904 3596 2071 3648 tuum
2102 3608 2333 3664 semper

627 3682 901 3739 laudare
936 3696 1188 3750 nomen,
1219 3684 1277 3735 et
1304 3678 1365 3734 in
1397 3678 1593 3752 patriae
1624 3685 1679 3735 te
1708 3683 1932 3735 aaternzs
1955 3680 2186 3753 regione
2214 3696 2331 3736 cer-

626 3775 862 3828 nentes
899 3770 1144 3826 sedere.
1176 3770 1384 3825 Amen.

701 3861 828 3931 Ego
894 3865 1117 3914 autem.
1180 3857 1450 3930 Confessio
1506 3865 1559 3914 et
1589 3858 1959 3930 pulchritudo.
2019 3858 2325 3931 Repleatur.

622 3949 839 4004 Amen.
878 3949 1099 4002 Beatus
1117 3961 1324 4001 servns.
1359 3946 1603 4003 Christus
1630 3962 1934 4019 resurgens.
1968 3946 2331 4004 Gustate.Glo—

620 4039 723 4092 ria
756 4036 970 4101 Patri,
1009 4037 1123 4089 etc.

1103 4122 1306 4178 Gloria.
1338 4123 1697 4180 Saeculorum.
1728 4123 1914 4179 Amen.

695 4212 957 4276 Quarta
993 4212 1055 4265 te
1085 4210 1273 4265 noctis
1321 4211 1548 4268 Christe
1593 4210 1793 4285 vigilia
1836 4210 2142 4285 discipulis
2191 4212 2330 4269 dare

2431 840 2544 892 tua:
2574 836 2914 910 evangelicae
2943 836 3102 893 vocis
3131 838 3207 893 da
3235 854 3583 910 cognoscere
3608 840 3934 899 munimen.

2507 930 2676 998 Prope
2694 933 2823 982 esto.
2856 925 3163 982 Sacerdotes
3189 928 3291 982 tui.
3325 927 3513 983 Omnis
3541 931 4077 989 terra.Sa’culorum.

2431 1018 2621 1070 Amen.
2655 1014 2967 1070 Resurrexi.
3011 1014 3400 1071 Misericordia.
3433 1019 3499 1073 In
3544 1017 3837 1076 voluntate.
3886 1021 4078 1078 Amen.

2432 1102 2681 1159 Exsulta.
2720 1102 2979 1159 Vidimus.
3013 1105 3144 1159 Feci
3180 1103 3477 1175 judicium.
3513 1105 3698 1164 Gloria
3719 1110 3897 1165 Patri.

2843 1192 3046 1249 Gloria.
3080 1192 3435 1251 Sazculorum.
3468 1197 3655 1252 Amen.

2504 1279 2768 1352 Quinque
2790 1281 3211 1348 tu,Domine,in
3224 1281 3430 1339 caelum
3452 1282 3788 1357 virgines,te
3800 1287 4077 1361 recipere,

2432 1369 2708 1441 dignatus
2736 1372 2825 1424 est
2853 1368 3039 1441 plebis
3071 1374 3184 1425 tuae
3225 1371 3415 1428 verbis
3456 1371 3726 1444 revelare,
3786 1375 3975 1449 signis
4023 1381 4081 1433 et

2433 1458 2985 1515 ostendere.Sensus
3011 1474 3141 1515 ecce
3172 1462 3401 1516 nostros
3421 1459 3481 1516 in
3503 1465 3559 1516 te
3605 1479 3931 1534 precamur,
3964 1464 4077 1521 Do-

2434 1546 2610 1612 mine,
2644 1550 2699 1602 te
2728 1546 3057 1619 disponere.
3117 1549 3412 1620 Loquebar.
3459 1551 3941 1608 Circumdederunt
3967 1569 4076 1622 me,

2432 1636 2664 1702 Laetare,
2699 1634 3055 1691 Hierusalem.
3108 1638 3356 1704 Domine,
3390 1639 3446 1694 in
3477 1646 3592 1696 tua.
3622 1645 3820 1697 Amen.
3852 1644 4078 1699 Domine

2435 1724 2730 1794 refugium.
2768 1724 2933 1781 Verba
2959 1741 3096 1781 mea.
3144 1727 3274 1782 Ecce
3299 1729 3454 1783 Deus.
3505 1730 3693 1785 Amen.
3742 1729 3948 1788 Servite
3974 1733 4077 1788 Do-

2431 1812 2602 1866 mino.
2659 1814 2850 1867 Justus
2907 1813 3186 1869 Dominus.
3264 1815 3432 1886 Signa
3488 1833 3594 1873 eos.
3657 1817 3839 1876 Gloria
3895 1821 4077 1889 Patri,

2434 1904 2543 1956 etc.

2849 1989 3056 2046 Gloria.
3080 1990 3439 2049 Saeculorum.
3470 1994 3659 2050 Amen.

2507 2077 2698 2143 Sexta,
2725 2080 2862 2150 tuae,
2894 2079 3139 2149 Christe,
3191 2082 3512 2153 praesentia:
3568 2085 3885 2156 corporalis
3938 2085 4081 2144 hora

2432 2165 3006 2239 resplendet,fontem
3042 2168 3306 2225 Ecclesiae
3335 2170 3514 2227 vitam
3544 2173 3737 2229 tribue
3775 2174 4078 2233 salientem

2431 2272 2594 2327 aqua:
2623 2255 2781 2322 vivas,
2817 2256 3037 2313 fervore
3067 2274 3301 2330 quoque
3339 2258 3519 2330 plenae
3543 2261 3740 2335 gratias
3754 2262 3903 2320 hanc
3930 2282 4081 2322 sem-

2432 2361 2535 2416 per
2563 2345 2832 2400 accende.

2503 2432 2668 2488 Hodie
2696 2435 2896 2489 scietis.
2928 2436 2989 2490 In
3018 2435 3211 2492 medio.
3246 2436 3416 2504 Quasi
3440 2437 3608 2512 modo.
3633 2441 3824 2511 geniti.
3885 2443 4073 2500 Amen.

2432 2522 2643 2593 Di/fusa
2672 2530 2752 2577 est
2777 2523 2980 2590 gratia,
3012 2529 3073 2579 In
3100 2524 3493 2595 splendoribus.
3543 2527 3754 2585 Pascha
3808 2539 4074 2588 nostrum.

2435 2609 2619 2665 Gloria
2646 2612 2823 2676 Patri,
2856 2614 2964 2666 etc.

2860 2699 3064 2756 Gloria.
3094 2702 3647 2761 Smculorum.Amen.

2506 2785 2952 2859 Septemplicem
2983 2791 3038 2844 te
3069 2806 3224 2845 nunc
3254 2806 3489 2864 quoque
3526 2794 3696 2850 nobis
3725 2796 3931 2853 adesse
3980 2797 4081 2855 de-

2433 2874 2750 2947 poscimus,
2785 2875 2936 2931 alme
2966 2876 3276 2947 Paraclete,
3320 2885 3528 2936 nostrae
3580 2888 3805 2941 mentes
3853 2890 3919 2941 ut
3966 2890 4079 2942 tuas

2432 2964 2629 3035 gratias
2656 2979 2888 3036 semper
2916 2966 3233 3021 exuberent
3262 2967 3512 3039 perfecto
3544 2986 3786 3028 munere
3809 2990 4080 3046 ;quasque

2436 3060 2644 3107 nocenl
2671 3053 3055 3124 exstingue,et
3082 3059 3444 3127 cuncta,qua*
3474 3059 3805 3131 proﬁciunt,
3829 3064 4081 3121 accende

2436 3154 2669 3212 semper
2694 3140 2910 3195 amoris
2938 3140 3073 3212 igne
3106 3158 3119 3197 :

2506 3234 2653 3284 Puer
2674 3236 2834 3284 natus
2860 3232 2958 3284 est.
2996 3230 3487 3301 Venite,benedicti.
3501 3233 3615 3289 Viri
3642 3234 4103 3294 Gatilmi.Amen..

2435 3318 2609 3373 Dicite
2632 3318 3026 3390 pusillaminis.
3061 3320 3200 3375 Tolle
3223 3336 3475 3392 puerum.
3524 3325 3715 3379 Factus
3743 3332 3822 3381 est
3843 3334 4076 3397 repente.

2359 3394 2402 3462 C
2442 3406 2584 3463 Glor.
2616 3408 2792 3493 Patri,
2824 3411 2932 3463 etc.
3224 3418 3234 3427 '

2856 3498 3059 3555 Gloria.
3091 3499 3447 3555 chulorum.
3480 3501 3667 3558 Amen.

2507 3586 2668 3653 Octo,
2699 3586 2790 3658 pie
2819 3585 3065 3653 Christe,
3098 3586 3706 3657 lucide,beatitudines
3737 3592 4080 3667 evangelicae

2437 3674 2634 3746 gratias
2666 3673 2819 3746 plebi
2851 3678 2964 3729 tua;
2997 3675 3186 3747 praebe
3208 3677 3520 3750 benignus,
3553 3683 3611 3735 et
3641 3678 3897 3738 clemens
3928 3699 4081 3739 sem-

2436 3763 2666 3834 piterna
2694 3762 2891 3834 requie
2923 3765 3111 3819 refove
3141 3765 3267 3820 sine
3297 3767 3411 3822 line
3459 3769 3758 3825 credentes
3808 3770 3868 3827 in
3897 3774 3973 3828 te.

2508 3851 2586 3905 Ad
2615 3858 2665 3906 te
2694 3852 2887 3918 levavi,
2918 3853 3163 3919 Domine,
3194 3869 3265 3908 ne
3322 3855 3495 3925 longe.
3554 3857 3794 3928 Spiritus
3839 3861 4078 3916 Domini.

2438 3946 2626 3997 Amen.
2656 3939 2960 3996 Laetabitur
2977 3941 3183 4011 justus.
3216 3945 3490 3999 lnvocavit
3516 3960 3620 3999 me.
3652 3947 3926 4015 Probasti,
3976 3952 4082 4004 Do-

2436 4029 2604 4084 mine.
2633 4028 2820 4084 Amen.
2859 4028 3015 4085 Video
3070 4029 3250 4086 ccelos.
3303 4033 3652 4102 Responsum.
3712 4035 3821 4090 Hoc
3864 4050 4077 4107 corpus.

2440 4118 2623 4173 Gloria
2642 4118 2816 4187 Patri,
2844 4121 2952 4174 etc.

1812 4523 2951 4691 BERNONIS

1265 4811 2010 4938 ABBATIS
2122 4810 2693 4938 AUGUE
2807 4810 3489 4941 DIVITIS

1871 5054 2897 5197 EPISTOL/E

777 5279 1022 5360 (Apud
1053 5280 1168 5338 ΗΡ.
1203 5281 1562 5339 Bernardum
1597 5282 1851 5350 Pezium,
1883 5282 2016 5339 Cod.
2046 5281 2655 5354 diplom.-hist.-epist.,
2690 5282 2951 5337 Thesauri
2976 5280 3171 5337 Anecd.
3202 5285 3343 5337 tom.
3376 5280 3444 5350 V,
3477 5299 3534 5355 p.
3568 5298 3651 5349 ιιι,
3684 5298 3740 5354 p.
3771 5282 3924 5353 201.)

1170 5537 1511 5597 EPISTULA
1560 5539 1803 5610 PRIMA.

1238 5644 1310 5685 AD
1348 5645 1441 5685 νο.
1482 5645 1763 5684 ABBA'I‘EM.

1027 5717 1103 5772 Ab
1135 5716 1231 5771 illo
1254 5732 1539 5790 nunquam
1585 5717 1776 5773 divelli
1800 5715 1977 5771 vellet.

661 5807 1000 5881 Domino
1030 5804 1375 5869 Vo.summa
1400 5804 1768 5868 veneratione
1779 5801 2111 5877 colendo,ac
2130 5801 2326 5881 splen-

2353 5542 2400 5607 D
2430 5540 2565 5596 dido
2597 5539 2876 5595 abbatum
2905 5536 3161 5610 speculo,
3194 5536 3389 5594 BERNO
3418 5536 3605 5594 sancti
3638 5538 3934 5595 Benedicti
3964 5537 4079 5593 dis-

2434 5626 2763 5700 cipulorum
2793 5623 3127 5694 clientulus,
3153 5626 3439 5698 quidquid
3469 5625 3619 5698 patri
3651 5626 4073 5696 illius,domino

2464 5731 2656 5771 OPVUS.

2434 5732 2656 5772 servus.

2502 5802 2864 5869 Suavisaimo
2892 5802 3179 5863 virtutum
3208 5807 3442 5867 tuarum
3471 5798 3664 5870 odore,
3718 5799 3888 5863 Pater
3935 5799 4074 5859 bea-
