  <div class='ocr_page' id='page_1' title='image "/cluster/home/n/w/nwhite01/storage/ocr_20150623/142-143/uc1.31175018423130/587.png"; bbox 0 0 4868 6498; ppageno 0'>
   <div class='ocr_carea' id='block_1_1' title="bbox 799 570 954 634">
    <p class='ocr_par' dir='ltr' id='par_1_1' title="bbox 799 570 954 634">
     <span class='ocr_line' id='line_1_1' title="bbox 799 570 954 634; baseline 0.013 -2"><span class='ocrx_word' id='word_1_1' title='bbox 799 570 954 634; x_wconf 67' lang='lat'><strong>“59</strong></span> 
     </span>
    </p>
   </div>
   <div class='ocr_carea' id='block_1_2' title="bbox 1877 569 3127 636">
    <p class='ocr_par' dir='ltr' id='par_1_2' title="bbox 1877 569 3127 636">
     <span class='ocr_line' id='line_1_2' title="bbox 1877 569 3127 636; baseline -0.002 -2"><span class='ocrx_word' id='word_1_2' title='bbox 1877 569 2268 636; x_wconf 79' lang='lat' dir='ltr'><strong>BERNONIS</strong></span> <span class='ocrx_word' id='word_1_3' title='bbox 2314 569 2642 634; x_wconf 83' lang='lat' dir='ltr'><strong>ABBA&#39;I‘IS</strong></span> <span class='ocrx_word' id='word_1_4' title='bbox 2687 569 3127 634; x_wconf 81' lang='lat' dir='ltr'><strong>AUGIENSIS.</strong></span> 
     </span>
    </p>
   </div>
   <div class='ocr_carea' id='block_1_3' title="bbox 4067 567 4226 632">
    <p class='ocr_par' dir='ltr' id='par_1_3' title="bbox 4067 567 4226 632">
     <span class='ocr_line' id='line_1_3' title="bbox 4067 567 4226 632; baseline 0 0"><span class='ocrx_word' id='word_1_5' title='bbox 4067 567 4226 632; x_wconf 70' lang='grc' dir='ltr'>Ηω</span> 
     </span>
    </p>
   </div>
   <div class='ocr_carea' id='block_1_4' title="bbox 794 702 4221 786">
    <p class='ocr_par' dir='ltr' id='par_1_4' title="bbox 794 702 4221 786">
     <span class='ocr_line' id='line_1_4' title="bbox 794 702 4221 786; baseline -0 -24"><span class='ocrx_word' id='word_1_6' title='bbox 794 705 1046 770; x_wconf 77' lang='lat' dir='ltr'><strong>tissime,</strong></span> <span class='ocrx_word' id='word_1_7' title='bbox 1079 704 1258 761; x_wconf 87' lang='lat' dir='ltr'><strong>semel</strong></span> <span class='ocrx_word' id='word_1_8' title='bbox 1289 703 1945 780; x_wconf 85' lang='lat' dir='ltr'><strong>aspiratus,nunquam,</strong></span> <span class='ocrx_word' id='word_1_9' title='bbox 1969 707 2046 764; x_wconf 92' lang='lat' dir='ltr'><strong>sit</strong></span> <span class='ocrx_word' id='word_1_10' title='bbox 2073 711 2272 780; x_wconf 81' lang='lat' dir='ltr'><strong>posset</strong></span> <span class='ocrx_word' id='word_1_11' title='bbox 2301 705 2446 774; x_wconf 85' lang='lat' dir='ltr'><strong>fieri,</strong></span> <span class='ocrx_word' id='word_1_12' title='bbox 2477 706 2531 773; x_wconf 71' lang='grc' dir='ltr'><strong>Α</strong></span> <span class='ocrx_word' id='word_1_13' title='bbox 2563 707 2916 778; x_wconf 79' lang='lat' dir='ltr'><strong>quandoque</strong></span> <span class='ocrx_word' id='word_1_14' title='bbox 2937 702 4221 786; x_wconf 83' lang='lat' dir='ltr'><strong>perfruimererenturvisioneRodemptoris.</strong></span> 
     </span>
    </p>
   </div>
   <div class='ocr_carea' id='block_1_5' title="bbox 787 793 2444 868">
    <p class='ocr_par' dir='ltr' id='par_1_5' title="bbox 787 793 2444 868">
     <span class='ocr_line' id='line_1_5' title="bbox 787 793 2444 868; baseline 0.001 -18"><span class='ocrx_word' id='word_1_15' title='bbox 787 793 1228 866; x_wconf 87' lang='lat' dir='ltr'><strong>jucundissima</strong></span> <span class='ocrx_word' id='word_1_16' title='bbox 1276 794 1486 850; x_wconf 89' lang='lat' dir='ltr'><strong>harum</strong></span> <span class='ocrx_word' id='word_1_17' title='bbox 1543 795 1888 851; x_wconf 77' lang='lat' dir='ltr'><strong>assiduitate</strong></span> <span class='ocrx_word' id='word_1_18' title='bbox 1944 795 2154 851; x_wconf 88' lang='lat' dir='ltr'><strong>vellem</strong></span> <span class='ocrx_word' id='word_1_19' title='bbox 2212 795 2444 868; x_wconf 83' lang='lat' dir='ltr'><strong>privari.</strong></span> 
     </span>
    </p>
   </div>
   <div class='ocr_carea' id='block_1_6' title="bbox 798 883 2448 956">
    <p class='ocr_par' dir='ltr' id='par_1_6' title="bbox 798 883 2448 956">
     <span class='ocr_line' id='line_1_6' title="bbox 798 883 2448 956; baseline 0 -18"><span class='ocrx_word' id='word_1_20' title='bbox 798 883 943 939; x_wconf 86' lang='lat' dir='ltr'><strong>Hinc</strong></span> <span class='ocrx_word' id='word_1_21' title='bbox 975 883 1120 940; x_wconf 90' lang='lat' dir='ltr'><strong>mihi</strong></span> <span class='ocrx_word' id='word_1_22' title='bbox 1158 883 1282 940; x_wconf 89' lang='lat' dir='ltr'><strong>dies</strong></span> <span class='ocrx_word' id='word_1_23' title='bbox 1316 888 1630 956; x_wconf 88' lang='lat' dir='ltr'><strong>noctesque</strong></span> <span class='ocrx_word' id='word_1_24' title='bbox 1678 883 1778 940; x_wconf 85' lang='lat' dir='ltr'><strong>tali</strong></span> <span class='ocrx_word' id='word_1_25' title='bbox 1835 884 2106 940; x_wconf 64' lang='lat' dir='ltr'><strong>metuenti</strong></span> <span class='ocrx_word' id='word_1_26' title='bbox 2157 883 2448 940; x_wconf 89' lang='lat' dir='ltr'><strong>desiderio</strong></span> 
     </span>
    </p>
   </div>
   <div class='ocr_carea' id='block_1_7' title="bbox 796 961 2448 1052">
    <p class='ocr_par' dir='ltr' id='par_1_7' title="bbox 796 961 2448 1052">
     <span class='ocr_line' id='line_1_7' title="bbox 796 961 2448 1052; baseline -0.001 -24"><span class='ocrx_word' id='word_1_27' title='bbox 796 961 966 1028; x_wconf 83' lang='lat' dir='ltr'><strong>nulla.</strong></span> <span class='ocrx_word' id='word_1_28' title='bbox 989 988 1083 1028; x_wconf 86' lang='lat' dir='ltr'><strong>res</strong></span> <span class='ocrx_word' id='word_1_29' title='bbox 1115 971 1410 1044; x_wconf 87' lang='lat' dir='ltr'><strong>refrigerio</strong></span> <span class='ocrx_word' id='word_1_30' title='bbox 1439 989 1566 1028; x_wconf 90' lang='lat' dir='ltr'><strong>esse</strong></span> <span class='ocrx_word' id='word_1_31' title='bbox 1598 972 1808 1052; x_wconf 63' lang='lat' dir='ltr'><strong>poterit</strong></span> <span class='ocrx_word' id='word_1_32' title='bbox 1836 971 1972 1040; x_wconf 79' lang='lat' dir='ltr'><strong>alia,</strong></span> <span class='ocrx_word' id='word_1_33' title='bbox 1995 970 2108 1028; x_wconf 84' lang='lat' dir='ltr'>nisi</span> <span class='ocrx_word' id='word_1_34' title='bbox 2137 971 2260 1027; x_wconf 91' lang='lat' dir='ltr'><strong>sola</strong></span> <span class='ocrx_word' id='word_1_35' title='bbox 2289 975 2448 1043; x_wconf 90' lang='lat' dir='ltr'><strong>opta-</strong></span> 
     </span>
    </p>
   </div>
   <div class='ocr_carea' id='block_1_8' title="bbox 793 1057 2444 1132">
    <p class='ocr_par' dir='ltr' id='par_1_8' title="bbox 793 1057 2444 1132">
     <span class='ocr_line' id='line_1_8' title="bbox 793 1057 2444 1132; baseline 0 -17"><span class='ocrx_word' id='word_1_36' title='bbox 793 1057 1009 1116; x_wconf 81' lang='lat' dir='ltr'><strong>tissimi</strong></span> <span class='ocrx_word' id='word_1_37' title='bbox 1038 1058 1234 1116; x_wconf 82' lang='lat' dir='ltr'><strong>vultus</strong></span> <span class='ocrx_word' id='word_1_38' title='bbox 1266 1058 1350 1115; x_wconf 89' lang='lat' dir='ltr'><strong>tui</strong></span> <span class='ocrx_word' id='word_1_39' title='bbox 1382 1060 1707 1130; x_wconf 61' lang='lat' dir='ltr'><strong>prementia.</strong></span> <span class='ocrx_word' id='word_1_40' title='bbox 1733 1060 1916 1124; x_wconf 85' lang='lat' dir='ltr'><strong>Quam</strong></span> <span class='ocrx_word' id='word_1_41' title='bbox 1940 1059 2077 1132; x_wconf 84' lang='lat' dir='ltr'><strong>quia</strong></span> <span class='ocrx_word' id='word_1_42' title='bbox 2107 1077 2220 1115; x_wconf 92' lang='lat' dir='ltr'><strong>non</strong></span> <span class='ocrx_word' id='word_1_43' title='bbox 2249 1076 2444 1116; x_wconf 89' lang='lat' dir='ltr'><strong>coram</strong></span> 
     </span>
    </p>
   </div>
   <div class='ocr_carea' id='block_1_9' title="bbox 795 1147 2447 1220">
    <p class='ocr_par' dir='ltr' id='par_1_9' title="bbox 795 1147 2447 1220">
     <span class='ocr_line' id='line_1_9' title="bbox 795 1147 2447 1220; baseline 0.001 -17"><span class='ocrx_word' id='word_1_44' title='bbox 795 1165 1041 1220; x_wconf 91' lang='lat' dir='ltr'><strong>nequeo,</strong></span> <span class='ocrx_word' id='word_1_45' title='bbox 1071 1147 1273 1205; x_wconf 86' lang='lat' dir='ltr'><strong>saltem</strong></span> <span class='ocrx_word' id='word_1_46' title='bbox 1307 1149 1678 1220; x_wconf 65' lang='lat' dir='ltr'><strong>prementium</strong></span> <span class='ocrx_word' id='word_1_47' title='bbox 1710 1148 2037 1204; x_wconf 86' lang='lat' dir='ltr'><strong>litterarum</strong></span> <span class='ocrx_word' id='word_1_48' title='bbox 2069 1149 2259 1204; x_wconf 86' lang='lat' dir='ltr'><strong>oflicio</strong></span> <span class='ocrx_word' id='word_1_49' title='bbox 2308 1147 2447 1205; x_wconf 77' lang='lat' dir='ltr'><strong>inte-</strong></span> 
     </span>
    </p>
   </div>
   <div class='ocr_carea' id='block_1_10' title="bbox 795 1235 2442 1310">
    <p class='ocr_par' dir='ltr' id='par_1_10' title="bbox 795 1235 2442 1310">
     <span class='ocr_line' id='line_1_10' title="bbox 795 1235 2442 1310; baseline 0 -19"><span class='ocrx_word' id='word_1_50' title='bbox 795 1236 906 1292; x_wconf 91' lang='lat' dir='ltr'><strong>rim</strong></span> <span class='ocrx_word' id='word_1_51' title='bbox 945 1235 1158 1302; x_wconf 89' lang='lat' dir='ltr'><strong>saluto,</strong></span> <span class='ocrx_word' id='word_1_52' title='bbox 1191 1236 1458 1310; x_wconf 88' lang='lat' dir='ltr'><strong>interque</strong></span> <span class='ocrx_word' id='word_1_53' title='bbox 1488 1237 1791 1294; x_wconf 87' lang='lat' dir='ltr'><strong>charitatis</strong></span> <span class='ocrx_word' id='word_1_54' title='bbox 1824 1237 2067 1294; x_wconf 76' lang='lat' dir='ltr'><strong>vulnera</strong></span> <span class='ocrx_word' id='word_1_55' title='bbox 2113 1238 2442 1308; x_wconf 76' lang='lat' dir='ltr'><strong>(vulnerata.</strong></span> 
     </span>
    </p>
   </div>
   <div class='ocr_carea' id='block_1_11' title="bbox 792 1324 2444 1398">
    <p class='ocr_par' dir='ltr' id='par_1_11' title="bbox 792 1324 2444 1398">
     <span class='ocr_line' id='line_1_11' title="bbox 792 1324 2444 1398; baseline 0.002 -19"><span class='ocrx_word' id='word_1_56' title='bbox 792 1324 983 1398; x_wconf 80' lang='lat' dir='ltr'><strong>inquit</strong></span> <span class='ocrx_word' id='word_1_57' title='bbox 1011 1325 1254 1398; x_wconf 86' lang='lat' dir='ltr'><strong>Sponsa,</strong></span> <span class='ocrx_word' id='word_1_58' title='bbox 1275 1327 1548 1382; x_wconf 80' lang='lat' dir='ltr'><strong>charitate</strong></span> <span class='ocrx_word' id='word_1_59' title='bbox 1577 1342 1672 1398; x_wconf 81' lang='lat' dir='ltr'><strong>ego</strong></span> <span class='ocrx_word' id='word_1_60' title='bbox 1694 1329 1838 1396; x_wconf 80' lang='lat' dir='ltr'><strong>sum)</strong></span> <span class='ocrx_word' id='word_1_61' title='bbox 1869 1325 2277 1398; x_wconf 84' lang='lat' dir='ltr'><strong>hujuscemodi</strong></span> <span class='ocrx_word' id='word_1_62' title='bbox 2307 1342 2444 1382; x_wconf 92' lang='lat' dir='ltr'><strong>voce</strong></span> 
     </span>
    </p>
   </div>
   <div class='ocr_carea' id='block_1_12' title="bbox 789 1413 2443 1487">
    <p class='ocr_par' dir='ltr' id='par_1_12' title="bbox 789 1413 2443 1487">
     <span class='ocr_line' id='line_1_12' title="bbox 789 1413 2443 1487; baseline 0.001 -18"><span class='ocrx_word' id='word_1_63' title='bbox 789 1415 921 1470; x_wconf 88' lang='lat' dir='ltr'><strong>utor</strong></span> <span class='ocrx_word' id='word_1_64' title='bbox 947 1431 1079 1470; x_wconf 89' lang='lat' dir='ltr'><strong>cum</strong></span> <span class='ocrx_word' id='word_1_65' title='bbox 1109 1413 1420 1470; x_wconf 88' lang='lat' dir='ltr'><strong>Psalmista</strong></span> <span class='ocrx_word' id='word_1_66' title='bbox 1451 1430 1466 1470; x_wconf 88' lang='lat'><strong>:</strong></span> <span class='ocrx_word' id='word_1_67' title='bbox 1503 1415 1633 1483; x_wconf 75' lang='lat' dir='ltr'><strong>Qui:</strong></span> <span class='ocrx_word' id='word_1_68' title='bbox 1674 1415 1827 1471; x_wconf 82' lang='lat' dir='ltr'><strong>dabit</strong></span> <span class='ocrx_word' id='word_1_69' title='bbox 1859 1417 2006 1472; x_wconf 84' lang='lat' dir='ltr'><strong>mihi</strong></span> <span class='ocrx_word' id='word_1_70' title='bbox 2047 1432 2257 1487; x_wconf 72' lang='lat' dir='ltr'><strong>pennas</strong></span> <span class='ocrx_word' id='word_1_71' title='bbox 2300 1417 2443 1470; x_wconf 78' lang='lat' dir='ltr'><strong>sicut</strong></span> 
     </span>
    </p>
   </div>
   <div class='ocr_carea' id='block_1_13' title="bbox 785 1503 2439 1576">
    <p class='ocr_par' dir='ltr' id='par_1_13' title="bbox 785 1503 2439 1576">
     <span class='ocr_line' id='line_1_13' title="bbox 785 1503 2439 1576; baseline 0.001 -19"><span class='ocrx_word' id='word_1_72' title='bbox 785 1503 1051 1560; x_wconf 68' lang='lat' dir='ltr'><strong>columbae</strong></span> <span class='ocrx_word' id='word_1_73' title='bbox 1079 1510 1132 1560; x_wconf 83' lang='lat' dir='ltr'><strong>et</strong></span> <span class='ocrx_word' id='word_1_74' title='bbox 1155 1503 1344 1560; x_wconf 82' lang='lat' dir='ltr'><strong>volabo</strong></span> <span class='ocrx_word' id='word_1_75' title='bbox 1373 1507 1427 1560; x_wconf 86' lang='lat' dir='ltr'><strong>et</strong></span> <span class='ocrx_word' id='word_1_76' title='bbox 1454 1504 1828 1576; x_wconf 78' lang='lat' dir='ltr'><strong>requiescam?</strong></span> <span class='ocrx_word' id='word_1_77' title='bbox 1857 1506 1982 1571; x_wconf 85' lang='lat' dir='ltr'><strong>Quo</strong></span> <span class='ocrx_word' id='word_1_78' title='bbox 2015 1504 2127 1559; x_wconf 85' lang='lat' dir='ltr'><strong>nisi</strong></span> <span class='ocrx_word' id='word_1_79' title='bbox 2168 1505 2279 1560; x_wconf 85' lang='lat' dir='ltr'><strong>sub</strong></span> <span class='ocrx_word' id='word_1_80' title='bbox 2312 1521 2439 1560; x_wconf 90' lang='lat' dir='ltr'><strong>um-</strong></span> 
     </span>
    </p>
   </div>
   <div class='ocr_carea' id='block_1_14' title="bbox 785 1590 2439 1665">
    <p class='ocr_par' dir='ltr' id='par_1_14' title="bbox 785 1590 2439 1665">
     <span class='ocr_line' id='line_1_14' title="bbox 785 1590 2439 1665; baseline 0.001 -19"><span class='ocrx_word' id='word_1_81' title='bbox 785 1591 890 1648; x_wconf 91' lang='lat' dir='ltr'><strong>bra</strong></span> <span class='ocrx_word' id='word_1_82' title='bbox 917 1590 1195 1648; x_wconf 88' lang='lat' dir='ltr'><strong>culminis</strong></span> <span class='ocrx_word' id='word_1_83' title='bbox 1227 1592 1310 1648; x_wconf 87' lang='lat' dir='ltr'><strong>tui</strong></span> <span class='ocrx_word' id='word_1_84' title='bbox 1335 1592 1362 1646; x_wconf 86' lang='lat'><strong>?</strong></span> <span class='ocrx_word' id='word_1_85' title='bbox 1392 1593 1493 1648; x_wconf 91' lang='lat' dir='ltr'><strong>ubi</strong></span> <span class='ocrx_word' id='word_1_86' title='bbox 1523 1594 1572 1648; x_wconf 90' lang='lat' dir='ltr'><strong>si</strong></span> <span class='ocrx_word' id='word_1_87' title='bbox 1598 1609 1732 1650; x_wconf 90' lang='lat' dir='ltr'><strong>cum</strong></span> <span class='ocrx_word' id='word_1_88' title='bbox 1765 1593 2190 1665; x_wconf 90' lang='lat' dir='ltr'><strong>passeribus,id</strong></span> <span class='ocrx_word' id='word_1_89' title='bbox 2223 1597 2439 1659; x_wconf 89' lang='lat' dir='ltr'><strong>est,ve-</strong></span> 
     </span>
    </p>
   </div>
   <div class='ocr_carea' id='block_1_15' title="bbox 784 1679 2442 1754">
    <p class='ocr_par' dir='ltr' id='par_1_15' title="bbox 784 1679 2442 1754">
     <span class='ocr_line' id='line_1_15' title="bbox 784 1679 2442 1754; baseline 0.002 -20"><span class='ocrx_word' id='word_1_90' title='bbox 784 1679 866 1736; x_wconf 88' lang='lat' dir='ltr'><strong>ris</strong></span> <span class='ocrx_word' id='word_1_91' title='bbox 895 1679 1112 1737; x_wconf 79' lang='lat' dir='ltr'><strong>Christi</strong></span> <span class='ocrx_word' id='word_1_92' title='bbox 1141 1679 1522 1753; x_wconf 85' lang='lat' dir='ltr'><strong>pauperibus,</strong></span> <span class='ocrx_word' id='word_1_93' title='bbox 1555 1697 1712 1738; x_wconf 92' lang='lat' dir='ltr'><strong>nunc</strong></span> <span class='ocrx_word' id='word_1_94' title='bbox 1743 1681 2099 1737; x_wconf 83' lang='lat' dir='ltr'><strong>nidificando</strong></span> <span class='ocrx_word' id='word_1_95' title='bbox 2121 1683 2442 1754; x_wconf 88' lang='lat' dir='ltr'><strong>requiesce-</strong></span> 
     </span>
    </p>
   </div>
   <div class='ocr_carea' id='block_1_16' title="bbox 785 1770 2440 1842">
    <p class='ocr_par' dir='ltr' id='par_1_16' title="bbox 785 1770 2440 1842">
     <span class='ocr_line' id='line_1_16' title="bbox 785 1770 2440 1842; baseline 0.002 -19"><span class='ocrx_word' id='word_1_96' title='bbox 785 1785 932 1837; x_wconf 90' lang='lat' dir='ltr'><strong>rem,</strong></span> <span class='ocrx_word' id='word_1_97' title='bbox 963 1785 1057 1824; x_wconf 90' lang='lat' dir='ltr'><strong>me</strong></span> <span class='ocrx_word' id='word_1_98' title='bbox 1081 1770 1434 1842; x_wconf 83' lang='lat' dir='ltr'><strong>quandoque</strong></span> <span class='ocrx_word' id='word_1_99' title='bbox 1465 1785 1536 1826; x_wconf 81' lang='lat' dir='ltr'><strong>ex</strong></span> <span class='ocrx_word' id='word_1_100' title='bbox 1553 1787 1756 1826; x_wconf 89' lang='lat' dir='ltr'><strong>eorum</strong></span> <span class='ocrx_word' id='word_1_101' title='bbox 1776 1787 2020 1826; x_wconf 90' lang='lat' dir='ltr'><strong>numero</strong></span> <span class='ocrx_word' id='word_1_102' title='bbox 2037 1771 2298 1826; x_wconf 89' lang='lat' dir='ltr'><strong>futurum</strong></span> <span class='ocrx_word' id='word_1_103' title='bbox 2313 1787 2440 1827; x_wconf 87' lang='lat' dir='ltr'><strong>esse</strong></span> 
     </span>
    </p>
   </div>
   <div class='ocr_carea' id='block_1_17' title="bbox 786 1857 2436 1931">
    <p class='ocr_par' dir='ltr' id='par_1_17' title="bbox 786 1857 2436 1931">
     <span class='ocr_line' id='line_1_17' title="bbox 786 1857 2436 1931; baseline 0.001 -18"><span class='ocrx_word' id='word_1_104' title='bbox 786 1874 903 1913; x_wconf 92' lang='lat' dir='ltr'><strong>non</strong></span> <span class='ocrx_word' id='word_1_105' title='bbox 935 1857 1304 1930; x_wconf 76' lang='lat' dir='ltr'><strong>desperarem</strong></span> <span class='ocrx_word' id='word_1_106' title='bbox 1339 1860 1408 1914; x_wconf 90' lang='lat' dir='ltr'><strong>de</strong></span> <span class='ocrx_word' id='word_1_107' title='bbox 1440 1859 1660 1931; x_wconf 84' lang='lat' dir='ltr'><strong>quibus</strong></span> <span class='ocrx_word' id='word_1_108' title='bbox 1692 1860 1870 1914; x_wconf 86' lang='lat' dir='ltr'><strong>Isaias</strong></span> <span class='ocrx_word' id='word_1_109' title='bbox 1903 1857 2161 1931; x_wconf 77' lang='lat' dir='ltr'><strong>loquitur</strong></span> <span class='ocrx_word' id='word_1_110' title='bbox 2189 1858 2388 1914; x_wconf 87' lang='lat' dir='ltr'><strong>dicens</strong></span> <span class='ocrx_word' id='word_1_111' title='bbox 2422 1877 2436 1915; x_wconf 92' lang='lat'><strong>:</strong></span> 
     </span>
    </p>
   </div>
   <div class='ocr_carea' id='block_1_18' title="bbox 783 1946 2436 2019">
    <p class='ocr_par' dir='ltr' id='par_1_18' title="bbox 783 1946 2436 2019">
     <span class='ocr_line' id='line_1_18' title="bbox 783 1946 2436 2019; baseline 0 -17"><span class='ocrx_word' id='word_1_112' title='bbox 783 1946 974 2002; x_wconf 78' lang='lat' dir='ltr'><strong>Sancti</strong></span> <span class='ocrx_word' id='word_1_113' title='bbox 1000 1947 1098 2019; x_wconf 85' lang='lat' dir='ltr'><strong>qui</strong></span> <span class='ocrx_word' id='word_1_114' title='bbox 1125 1955 1348 2018; x_wconf 75' lang='lat' dir='ltr'><strong>sperant</strong></span> <span class='ocrx_word' id='word_1_115' title='bbox 1378 1949 1434 2002; x_wconf 87' lang='lat' dir='ltr'><strong>in</strong></span> <span class='ocrx_word' id='word_1_116' title='bbox 1467 1948 1696 2003; x_wconf 86' lang='lat' dir='ltr'><strong>Domino</strong></span> <span class='ocrx_word' id='word_1_117' title='bbox 1718 1948 2003 2003; x_wconf 77' lang='lat' dir='ltr'><strong>mutabant</strong></span> <span class='ocrx_word' id='word_1_118' title='bbox 2035 1947 2436 2018; x_wconf 78' lang='lat' dir='ltr'><strong>fortitudinem,</strong></span> 
     </span>
    </p>
   </div>
   <div class='ocr_carea' id='block_1_19' title="bbox 782 2037 2433 2108">
    <p class='ocr_par' dir='ltr' id='par_1_19' title="bbox 782 2037 2433 2108">
     <span class='ocr_line' id='line_1_19' title="bbox 782 2037 2433 2108; baseline 0.001 -17"><span class='ocrx_word' id='word_1_119' title='bbox 782 2041 1062 2091; x_wconf 73' lang='lat' dir='ltr'><strong>assument</strong></span> <span class='ocrx_word' id='word_1_120' title='bbox 1085 2051 1295 2107; x_wconf 75' lang='lat' dir='ltr'><strong>penna:</strong></span> <span class='ocrx_word' id='word_1_121' title='bbox 1324 2043 1386 2092; x_wconf 87' lang='lat' dir='ltr'><strong>ut</strong></span> <span class='ocrx_word' id='word_1_122' title='bbox 1416 2037 1908 2108; x_wconf 58' lang='lat' dir='ltr'><strong>aquitaewotabunt</strong></span> <span class='ocrx_word' id='word_1_123' title='bbox 1933 2044 1984 2093; x_wconf 85' lang='lat' dir='ltr'><strong>et</strong></span> <span class='ocrx_word' id='word_1_124' title='bbox 2025 2053 2138 2090; x_wconf 88' lang='lat' dir='ltr'><strong>non</strong></span> <span class='ocrx_word' id='word_1_125' title='bbox 2169 2038 2433 2106; x_wconf 76' lang='lat' dir='ltr'><strong>deﬁcient.</strong></span> 
     </span>
    </p>
   </div>
   <div class='ocr_carea' id='block_1_20' title="bbox 785 2123 2431 2197">
    <p class='ocr_par' dir='ltr' id='par_1_20' title="bbox 785 2123 2431 2197">
     <span class='ocr_line' id='line_1_20' title="bbox 785 2123 2431 2197; baseline 0.001 -18"><span class='ocrx_word' id='word_1_126' title='bbox 785 2129 862 2179; x_wconf 89' lang='lat' dir='ltr'><strong>De</strong></span> <span class='ocrx_word' id='word_1_127' title='bbox 893 2140 1143 2196; x_wconf 87' lang='lat' dir='ltr'><strong>quorum</strong></span> <span class='ocrx_word' id='word_1_128' title='bbox 1175 2123 1618 2197; x_wconf 86' lang='lat' dir='ltr'><strong>collegiotu,qui</strong></span> <span class='ocrx_word' id='word_1_129' title='bbox 1651 2142 1712 2180; x_wconf 89' lang='lat' dir='ltr'><strong>es</strong></span> <span class='ocrx_word' id='word_1_130' title='bbox 1769 2125 1936 2180; x_wconf 89' lang='lat' dir='ltr'><strong>dulce</strong></span> <span class='ocrx_word' id='word_1_131' title='bbox 1967 2126 2144 2180; x_wconf 88' lang='lat' dir='ltr'><strong>decus</strong></span> <span class='ocrx_word' id='word_1_132' title='bbox 2168 2131 2431 2180; x_wconf 88' lang='lat' dir='ltr'><strong>nostrum</strong></span> 
     </span>
    </p>
   </div>
   <div class='ocr_carea' id='block_1_21' title="bbox 785 2211 2436 2286">
    <p class='ocr_par' dir='ltr' id='par_1_21' title="bbox 785 2211 2436 2286">
     <span class='ocr_line' id='line_1_21' title="bbox 785 2211 2436 2286; baseline 0 -18"><span class='ocrx_word' id='word_1_133' title='bbox 785 2211 1166 2286; x_wconf 89' lang='lat' dir='ltr'><strong>omniumque</strong></span> <span class='ocrx_word' id='word_1_134' title='bbox 1179 2212 1445 2268; x_wconf 89' lang='lat' dir='ltr'><strong>diadema</strong></span> <span class='ocrx_word' id='word_1_135' title='bbox 1468 2213 1886 2270; x_wconf 85' lang='lat' dir='ltr'><strong>monachorum</strong></span> <span class='ocrx_word' id='word_1_136' title='bbox 1903 2214 2302 2269; x_wconf 69' lang='lat' dir='ltr'><strong>indubitanter</strong></span> <span class='ocrx_word' id='word_1_137' title='bbox 2323 2215 2436 2268; x_wconf 84' lang='lat' dir='ltr'><strong>exi-</strong></span> 
     </span>
    </p>
   </div>
   <div class='ocr_carea' id='block_1_22' title="bbox 783 2301 2433 2374">
    <p class='ocr_par' dir='ltr' id='par_1_22' title="bbox 783 2301 2433 2374">
     <span class='ocr_line' id='line_1_22' title="bbox 783 2301 2433 2374; baseline 0.002 -18"><span class='ocrx_word' id='word_1_138' title='bbox 783 2304 967 2369; x_wconf 84' lang='lat' dir='ltr'><strong>stens,</strong></span> <span class='ocrx_word' id='word_1_139' title='bbox 991 2301 1112 2374; x_wconf 89' lang='lat' dir='ltr'><strong>jam</strong></span> <span class='ocrx_word' id='word_1_140' title='bbox 1145 2301 1358 2374; x_wconf 84' lang='lat' dir='ltr'><strong>spretis</strong></span> <span class='ocrx_word' id='word_1_141' title='bbox 1390 2302 1592 2357; x_wconf 90' lang='lat' dir='ltr'><strong>mundi</strong></span> <span class='ocrx_word' id='word_1_142' title='bbox 1629 2303 1804 2374; x_wconf 84' lang='lat' dir='ltr'><strong>hujus</strong></span> <span class='ocrx_word' id='word_1_143' title='bbox 1826 2303 2155 2370; x_wconf 90' lang='lat' dir='ltr'><strong>desideriis,</strong></span> <span class='ocrx_word' id='word_1_144' title='bbox 2175 2320 2308 2358; x_wconf 91' lang='lat' dir='ltr'><strong>cum</strong></span> <span class='ocrx_word' id='word_1_145' title='bbox 2342 2303 2433 2359; x_wconf 86' lang='lat' dir='ltr'><strong>his</strong></span> 
     </span>
    </p>
   </div>
   <div class='ocr_carea' id='block_1_23' title="bbox 781 2390 2431 2463">
    <p class='ocr_par' dir='ltr' id='par_1_23' title="bbox 781 2390 2431 2463">
     <span class='ocr_line' id='line_1_23' title="bbox 781 2390 2431 2463; baseline 0.002 -18"><span class='ocrx_word' id='word_1_146' title='bbox 781 2391 852 2446; x_wconf 91' lang='lat' dir='ltr'><strong>de</strong></span> <span class='ocrx_word' id='word_1_147' title='bbox 883 2390 1100 2463; x_wconf 87' lang='lat' dir='ltr'><strong>quibus</strong></span> <span class='ocrx_word' id='word_1_148' title='bbox 1129 2391 1352 2446; x_wconf 90' lang='lat' dir='ltr'><strong>dictum</strong></span> <span class='ocrx_word' id='word_1_149' title='bbox 1382 2395 1470 2446; x_wconf 92' lang='lat' dir='ltr'><strong>est</strong></span> <span class='ocrx_word' id='word_1_150' title='bbox 1503 2407 1516 2446; x_wconf 91' lang='lat'><strong>:</strong></span> <span class='ocrx_word' id='word_1_151' title='bbox 1549 2393 1716 2449; x_wconf 80' lang='lat' dir='ltr'><strong>Ibunt</strong></span> <span class='ocrx_word' id='word_1_152' title='bbox 1744 2392 2028 2448; x_wconf 84' lang='lat' dir='ltr'><strong>devirtute</strong></span> <span class='ocrx_word' id='word_1_153' title='bbox 2060 2394 2117 2447; x_wconf 84' lang='lat' dir='ltr'><strong>in</strong></span> <span class='ocrx_word' id='word_1_154' title='bbox 2151 2395 2431 2459; x_wconf 78' lang='lat' dir='ltr'><strong>virtutem,</strong></span> 
     </span>
    </p>
   </div>
   <div class='ocr_carea' id='block_1_24' title="bbox 779 2479 2430 2554">
    <p class='ocr_par' dir='ltr' id='par_1_24' title="bbox 779 2479 2430 2554">
     <span class='ocr_line' id='line_1_24' title="bbox 779 2479 2430 2554; baseline -0.001 -18"><span class='ocrx_word' id='word_1_155' title='bbox 779 2480 1177 2537; x_wconf 80' lang='lat' dir='ltr'><strong>fortitudinem</strong></span> <span class='ocrx_word' id='word_1_156' title='bbox 1209 2479 1448 2536; x_wconf 86' lang='lat' dir='ltr'><strong>mutasti</strong></span> <span class='ocrx_word' id='word_1_157' title='bbox 1468 2481 1596 2551; x_wconf 90' lang='lat' dir='ltr'><strong>jam</strong></span> <span class='ocrx_word' id='word_1_158' title='bbox 1628 2481 1784 2537; x_wconf 82' lang='lat' dir='ltr'><strong>velut</strong></span> <span class='ocrx_word' id='word_1_159' title='bbox 1798 2480 1995 2554; x_wconf 89' lang='lat' dir='ltr'><strong>aquila</strong></span> <span class='ocrx_word' id='word_1_160' title='bbox 2013 2480 2430 2547; x_wconf 88' lang='lat' dir='ltr'><strong>reviviscendo,</strong></span> 
     </span>
    </p>
   </div>
   <div class='ocr_carea' id='block_1_25' title="bbox 779 2568 2432 2644">
    <p class='ocr_par' dir='ltr' id='par_1_25' title="bbox 779 2568 2432 2644">
     <span class='ocr_line' id='line_1_25' title="bbox 779 2568 2432 2644; baseline -0.001 -18"><span class='ocrx_word' id='word_1_161' title='bbox 779 2568 1031 2644; x_wconf 87' lang='lat' dir='ltr'><strong>sumptis</strong></span> <span class='ocrx_word' id='word_1_162' title='bbox 1057 2569 1338 2625; x_wconf 86' lang='lat' dir='ltr'><strong>virtutum</strong></span> <span class='ocrx_word' id='word_1_163' title='bbox 1371 2570 1582 2642; x_wconf 88' lang='lat' dir='ltr'><strong>pennis</strong></span> <span class='ocrx_word' id='word_1_164' title='bbox 1613 2569 1686 2625; x_wconf 90' lang='lat' dir='ltr'><strong>ad</strong></span> <span class='ocrx_word' id='word_1_165' title='bbox 1719 2568 1836 2626; x_wconf 85' lang='lat' dir='ltr'><strong>alta</strong></span> <span class='ocrx_word' id='word_1_166' title='bbox 1866 2569 2216 2632; x_wconf 89' lang='lat' dir='ltr'><strong>volasti,nec</strong></span> <span class='ocrx_word' id='word_1_167' title='bbox 2249 2570 2306 2624; x_wconf 92' lang='lat' dir='ltr'><strong>in</strong></span> <span class='ocrx_word' id='word_1_168' title='bbox 2343 2570 2432 2624; x_wconf 90' lang='lat' dir='ltr'><strong>in-</strong></span> 
     </span>
    </p>
   </div>
   <div class='ocr_carea' id='block_1_26' title="bbox 779 2657 2431 2731">
    <p class='ocr_par' dir='ltr' id='par_1_26' title="bbox 779 2657 2431 2731">
     <span class='ocr_line' id='line_1_26' title="bbox 779 2657 2431 2731; baseline 0 -18"><span class='ocrx_word' id='word_1_169' title='bbox 779 2658 1055 2714; x_wconf 85' lang='lat' dir='ltr'><strong>firmitate</strong></span> <span class='ocrx_word' id='word_1_170' title='bbox 1085 2673 1362 2729; x_wconf 90' lang='lat' dir='ltr'><strong>corporea</strong></span> <span class='ocrx_word' id='word_1_171' title='bbox 1390 2657 1688 2726; x_wconf 79' lang='lat' dir='ltr'><strong>deﬁciens,</strong></span> <span class='ocrx_word' id='word_1_172' title='bbox 1721 2658 1822 2712; x_wconf 89' lang='lat' dir='ltr'><strong>sed</strong></span> <span class='ocrx_word' id='word_1_173' title='bbox 1856 2658 2050 2730; x_wconf 89' lang='lat' dir='ltr'><strong>potius</strong></span> <span class='ocrx_word' id='word_1_174' title='bbox 2100 2675 2235 2714; x_wconf 90' lang='lat' dir='ltr'><strong>cum</strong></span> <span class='ocrx_word' id='word_1_175' title='bbox 2281 2660 2431 2731; x_wconf 82' lang='lat' dir='ltr'><strong>Apo-</strong></span> 
     </span>
    </p>
   </div>
   <div class='ocr_carea' id='block_1_27' title="bbox 779 2745 2434 2818">
    <p class='ocr_par' dir='ltr' id='par_1_27' title="bbox 779 2745 2434 2818">
     <span class='ocr_line' id='line_1_27' title="bbox 779 2745 2434 2818; baseline -0.001 -16"><span class='ocrx_word' id='word_1_176' title='bbox 779 2746 927 2802; x_wconf 90' lang='lat' dir='ltr'><strong>stolo</strong></span> <span class='ocrx_word' id='word_1_177' title='bbox 977 2745 1288 2818; x_wconf 79' lang='lat' dir='ltr'><strong>proficiens</strong></span> <span class='ocrx_word' id='word_1_178' title='bbox 1337 2749 1393 2800; x_wconf 89' lang='lat' dir='ltr'><strong>et</strong></span> <span class='ocrx_word' id='word_1_179' title='bbox 1435 2745 1667 2800; x_wconf 86' lang='lat' dir='ltr'><strong>dicens:</strong></span> <span class='ocrx_word' id='word_1_180' title='bbox 1719 2746 1944 2814; x_wconf 82' lang='lat' dir='ltr'><strong>Quando</strong></span> <span class='ocrx_word' id='word_1_181' title='bbox 1984 2748 2254 2817; x_wconf 85' lang='lat' dir='ltr'><strong>inﬁrmor,</strong></span> <span class='ocrx_word' id='word_1_182' title='bbox 2306 2752 2434 2801; x_wconf 86' lang='lat' dir='ltr'><strong>tunc</strong></span> 
     </span>
    </p>
   </div>
   <div class='ocr_carea' id='block_1_28' title="bbox 777 2832 2430 2909">
    <p class='ocr_par' dir='ltr' id='par_1_28' title="bbox 777 2832 2430 2909">
     <span class='ocr_line' id='line_1_28' title="bbox 777 2832 2430 2909; baseline 0 -18"><span class='ocrx_word' id='word_1_183' title='bbox 777 2836 978 2908; x_wconf 80' lang='lat' dir='ltr'><strong>fortior</strong></span> <span class='ocrx_word' id='word_1_184' title='bbox 1002 2838 1217 2890; x_wconf 81' lang='lat' dir='ltr'><strong>sum.Et</strong></span> <span class='ocrx_word' id='word_1_185' title='bbox 1245 2833 1386 2904; x_wconf 91' lang='lat' dir='ltr'><strong>quia</strong></span> <span class='ocrx_word' id='word_1_186' title='bbox 1415 2832 1576 2888; x_wconf 90' lang='lat' dir='ltr'><strong>illius</strong></span> <span class='ocrx_word' id='word_1_187' title='bbox 1615 2833 1821 2892; x_wconf 82' lang='lat' dir='ltr'><strong>divinae</strong></span> <span class='ocrx_word' id='word_1_188' title='bbox 1854 2836 2430 2909; x_wconf 89' lang='lat' dir='ltr'><strong>promissioniscom-</strong></span> 
     </span>
    </p>
   </div>
   <div class='ocr_carea' id='block_1_29' title="bbox 780 2922 2433 2998">
    <p class='ocr_par' dir='ltr' id='par_1_29' title="bbox 780 2922 2433 2998">
     <span class='ocr_line' id='line_1_29' title="bbox 780 2922 2433 2998; baseline -0.001 -18"><span class='ocrx_word' id='word_1_189' title='bbox 780 2940 888 2998; x_wconf 91' lang='lat' dir='ltr'><strong>pos</strong></span> <span class='ocrx_word' id='word_1_190' title='bbox 913 2922 1160 2979; x_wconf 83' lang='lat' dir='ltr'><strong>existere</strong></span> <span class='ocrx_word' id='word_1_191' title='bbox 1190 2922 1476 2988; x_wconf 86' lang='lat' dir='ltr'><strong>meruisti,</strong></span> <span class='ocrx_word' id='word_1_192' title='bbox 1509 2939 1635 2994; x_wconf 72' lang='lat' dir='ltr'><strong>quis</strong></span> <span class='ocrx_word' id='word_1_193' title='bbox 1665 2923 1807 2978; x_wconf 90' lang='lat' dir='ltr'><strong>dicit</strong></span> <span class='ocrx_word' id='word_1_194' title='bbox 1837 2939 1851 2979; x_wconf 74' lang='grc' dir='ltr'><strong>ε</strong></span> <span class='ocrx_word' id='word_1_195' title='bbox 1883 2925 2179 2980; x_wconf 82' lang='lat' dir='ltr'><strong>Sustollam</strong></span> <span class='ocrx_word' id='word_1_196' title='bbox 2209 2934 2433 2996; x_wconf 82' lang='lat' dir='ltr'><strong>tesuper</strong></span> 
     </span>
    </p>
   </div>
   <div class='ocr_carea' id='block_1_30' title="bbox 778 3011 2429 3083">
    <p class='ocr_par' dir='ltr' id='par_1_30' title="bbox 778 3011 2429 3083">
     <span class='ocr_line' id='line_1_30' title="bbox 778 3011 2429 3083; baseline -0.001 -14"><span class='ocrx_word' id='word_1_197' title='bbox 778 3011 1128 3069; x_wconf 77' lang='lat' dir='ltr'><strong>altitudinem</strong></span> <span class='ocrx_word' id='word_1_198' title='bbox 1157 3019 1683 3083; x_wconf 62' lang='lat' dir='ltr'><strong>terrw,me,quzeso,</strong></span> <span class='ocrx_word' id='word_1_199' title='bbox 1703 3013 1773 3067; x_wconf 89' lang='lat' dir='ltr'><strong>ad</strong></span> <span class='ocrx_word' id='word_1_200' title='bbox 1807 3018 1861 3068; x_wconf 90' lang='lat' dir='ltr'><strong>te</strong></span> <span class='ocrx_word' id='word_1_201' title='bbox 1893 3012 1975 3068; x_wconf 91' lang='lat' dir='ltr'><strong>sic</strong></span> <span class='ocrx_word' id='word_1_202' title='bbox 2006 3012 2429 3069; x_wconf 83' lang='lat' dir='ltr'><strong>exclamantem</strong></span> 
     </span>
    </p>
   </div>
   <div class='ocr_carea' id='block_1_31' title="bbox 778 3099 2427 3173">
    <p class='ocr_par' dir='ltr' id='par_1_31' title="bbox 778 3099 2427 3173">
     <span class='ocr_line' id='line_1_31' title="bbox 778 3099 2427 3173; baseline -0.002 -14"><span class='ocrx_word' id='word_1_203' title='bbox 778 3099 988 3159; x_wconf 84' lang='lat' dir='ltr'><strong>exaudi</strong></span> <span class='ocrx_word' id='word_1_204' title='bbox 1023 3117 1036 3157; x_wconf 92' lang='lat'><strong>:</strong></span> <span class='ocrx_word' id='word_1_205' title='bbox 1093 3100 1262 3156; x_wconf 86' lang='lat' dir='ltr'><strong>Trahe</strong></span> <span class='ocrx_word' id='word_1_206' title='bbox 1287 3116 1374 3156; x_wconf 88' lang='lat' dir='ltr'><strong>me</strong></span> <span class='ocrx_word' id='word_1_207' title='bbox 1395 3108 1517 3172; x_wconf 80' lang='lat' dir='ltr'><strong>post</strong></span> <span class='ocrx_word' id='word_1_208' title='bbox 1567 3109 1637 3167; x_wconf 90' lang='lat' dir='ltr'><strong>te,</strong></span> <span class='ocrx_word' id='word_1_209' title='bbox 1692 3105 1984 3173; x_wconf 87' lang='lat' dir='ltr'><strong>quatenus</strong></span> <span class='ocrx_word' id='word_1_210' title='bbox 2010 3102 2069 3158; x_wconf 93' lang='lat' dir='ltr'><strong>in</strong></span> <span class='ocrx_word' id='word_1_211' title='bbox 2113 3103 2290 3158; x_wconf 87' lang='lat' dir='ltr'><strong>odore</strong></span> <span class='ocrx_word' id='word_1_212' title='bbox 2321 3119 2427 3157; x_wconf 92' lang='lat' dir='ltr'><strong>un-</strong></span> 
     </span>
    </p>
   </div>
   <div class='ocr_carea' id='block_1_32' title="bbox 777 3190 2431 3265">
    <p class='ocr_par' dir='ltr' id='par_1_32' title="bbox 777 3190 2431 3265">
     <span class='ocr_line' id='line_1_32' title="bbox 777 3190 2431 3265; baseline 0 -19"><span class='ocrx_word' id='word_1_213' title='bbox 777 3193 1127 3265; x_wconf 89' lang='lat' dir='ltr'><strong>guentorum</strong></span> <span class='ocrx_word' id='word_1_214' title='bbox 1160 3193 1394 3246; x_wconf 90' lang='lat' dir='ltr'><strong>tuorum</strong></span> <span class='ocrx_word' id='word_1_215' title='bbox 1430 3205 1520 3245; x_wconf 90' lang='lat' dir='ltr'><strong>me</strong></span> <span class='ocrx_word' id='word_1_216' title='bbox 1552 3195 1841 3257; x_wconf 90' lang='lat' dir='ltr'><strong>currente,</strong></span> <span class='ocrx_word' id='word_1_217' title='bbox 1873 3190 1973 3247; x_wconf 90' lang='lat' dir='ltr'><strong>illa</strong></span> <span class='ocrx_word' id='word_1_218' title='bbox 1998 3191 2331 3247; x_wconf 69' lang='lat' dir='ltr'><strong>haereditate</strong></span> <span class='ocrx_word' id='word_1_219' title='bbox 2354 3195 2431 3246; x_wconf 87' lang='lat' dir='ltr'><strong>te-</strong></span> 
     </span>
    </p>
   </div>
   <div class='ocr_carea' id='block_1_33' title="bbox 777 3278 2428 3352">
    <p class='ocr_par' dir='ltr' id='par_1_33' title="bbox 777 3278 2428 3352">
     <span class='ocr_line' id='line_1_33' title="bbox 777 3278 2428 3352; baseline -0.001 -16"><span class='ocrx_word' id='word_1_220' title='bbox 777 3297 911 3336; x_wconf 92' lang='lat' dir='ltr'><strong>cum</strong></span> <span class='ocrx_word' id='word_1_221' title='bbox 947 3295 1170 3336; x_wconf 85' lang='lat' dir='ltr'><strong>merear</strong></span> <span class='ocrx_word' id='word_1_222' title='bbox 1199 3278 1556 3352; x_wconf 82' lang='lat' dir='ltr'><strong>participari,</strong></span> <span class='ocrx_word' id='word_1_223' title='bbox 1589 3296 1767 3352; x_wconf 89' lang='lat' dir='ltr'><strong>quam</strong></span> <span class='ocrx_word' id='word_1_224' title='bbox 1817 3280 2102 3335; x_wconf 91' lang='lat' dir='ltr'><strong>Dominus</strong></span> <span class='ocrx_word' id='word_1_225' title='bbox 2151 3281 2428 3352; x_wconf 87' lang='lat' dir='ltr'><strong>dignatus</strong></span> 
     </span>
    </p>
   </div>
   <div class='ocr_carea' id='block_1_34' title="bbox 2628 793 4224 867">
    <p class='ocr_par' dir='ltr' id='par_1_34' title="bbox 2628 793 4224 867">
     <span class='ocr_line' id='line_1_34' title="bbox 2628 793 4224 867; baseline 0.001 -18"><span class='ocrx_word' id='word_1_226' title='bbox 2628 795 2688 849; x_wconf 89' lang='lat' dir='ltr'><strong>In</strong></span> <span class='ocrx_word' id='word_1_227' title='bbox 2722 794 2900 866; x_wconf 84' lang='lat' dir='ltr'><strong>hujus</strong></span> <span class='ocrx_word' id='word_1_228' title='bbox 2931 795 3126 867; x_wconf 89' lang='lat' dir='ltr'><strong>itaque</strong></span> <span class='ocrx_word' id='word_1_229' title='bbox 3157 794 3316 867; x_wconf 87' lang='lat' dir='ltr'><strong>pacis</strong></span> <span class='ocrx_word' id='word_1_230' title='bbox 3343 794 3541 851; x_wconf 89' lang='lat' dir='ltr'><strong>studio</strong></span> <span class='ocrx_word' id='word_1_231' title='bbox 3570 794 3713 850; x_wconf 89' lang='lat' dir='ltr'><strong>dum</strong></span> <span class='ocrx_word' id='word_1_232' title='bbox 3757 793 4035 850; x_wconf 81' lang='lat' dir='ltr'><strong>animum</strong></span> <span class='ocrx_word' id='word_1_233' title='bbox 4094 810 4224 853; x_wconf 80' lang='lat' dir='ltr'><strong>.ves-</strong></span> 
     </span>
    </p>
   </div>
   <div class='ocr_carea' id='block_1_35' title="bbox 2557 881 4228 956">
    <p class='ocr_par' dir='ltr' id='par_1_35' title="bbox 2557 881 4228 956">
     <span class='ocr_line' id='line_1_35' title="bbox 2557 881 4228 956; baseline 0.001 -18"><span class='ocrx_word' id='word_1_234' title='bbox 2557 888 2712 939; x_wconf 87' lang='lat' dir='ltr'><strong>trum</strong></span> <span class='ocrx_word' id='word_1_235' title='bbox 2744 890 2870 938; x_wconf 87' lang='lat' dir='ltr'><strong>tum</strong></span> <span class='ocrx_word' id='word_1_236' title='bbox 2903 883 3253 955; x_wconf 87' lang='lat' dir='ltr'><strong>populorum</strong></span> <span class='ocrx_word' id='word_1_237' title='bbox 3289 883 3462 950; x_wconf 85' lang='lat' dir='ltr'><strong>fama,</strong></span> <span class='ocrx_word' id='word_1_238' title='bbox 3493 898 3631 940; x_wconf 86' lang='lat' dir='ltr'><strong>cum</strong></span> <span class='ocrx_word' id='word_1_239' title='bbox 3663 881 4026 956; x_wconf 81' lang='lat' dir='ltr'><strong>ipsa-rerum</strong></span> <span class='ocrx_word' id='word_1_240' title='bbox 4059 899 4228 956; x_wconf 77' lang='lat' dir='ltr'><strong>expo-</strong></span> 
     </span>
    </p>
   </div>
   <div class='ocr_carea' id='block_1_36' title="bbox 2556 969 4227 1046">
    <p class='ocr_par' dir='ltr' id='par_1_36' title="bbox 2556 969 4227 1046">
     <span class='ocr_line' id='line_1_36' title="bbox 2556 969 4227 1046; baseline 0 -20"><span class='ocrx_word' id='word_1_241' title='bbox 2556 971 3080 1038; x_wconf 87' lang='lat' dir='ltr'><strong>rientia,intentnm</strong></span> <span class='ocrx_word' id='word_1_242' title='bbox 3110 988 3238 1027; x_wconf 90' lang='lat' dir='ltr'><strong>esse</strong></span> <span class='ocrx_word' id='word_1_243' title='bbox 3267 971 3670 1045; x_wconf 84' lang='lat' dir='ltr'><strong>cognovimus,</strong></span> <span class='ocrx_word' id='word_1_244' title='bbox 3695 971 4031 1029; x_wconf 78' lang='lat' dir='ltr'><strong>immensas</strong></span> <span class='ocrx_word' id='word_1_245' title='bbox 4047 969 4227 1046; x_wconf 67' lang='lat' dir='ltr'><strong>iugi.</strong></span> 
     </span>
    </p>
   </div>
   <div class='ocr_carea' id='block_1_37' title="bbox 2556 1060 4222 1134">
    <p class='ocr_par' dir='ltr' id='par_1_37' title="bbox 2556 1060 4222 1134">
     <span class='ocr_line' id='line_1_37' title="bbox 2556 1060 4222 1134; baseline 0.001 -19"><span class='ocrx_word' id='word_1_246' title='bbox 2556 1061 2664 1115; x_wconf 89' lang='lat' dir='ltr'><strong>tori</strong></span> <span class='ocrx_word' id='word_1_247' title='bbox 2697 1061 2961 1116; x_wconf 88' lang='lat' dir='ltr'><strong>omnium</strong></span> <span class='ocrx_word' id='word_1_248' title='bbox 2992 1060 3213 1133; x_wconf 83' lang='lat' dir='ltr'><strong>gratias</strong></span> <span class='ocrx_word' id='word_1_249' title='bbox 3263 1061 3596 1130; x_wconf 82' lang='lat' dir='ltr'><strong>referimus,</strong></span> <span class='ocrx_word' id='word_1_250' title='bbox 3641 1060 3783 1134; x_wconf 80' lang='lat' dir='ltr'><strong>quia</strong></span> <span class='ocrx_word' id='word_1_251' title='bbox 3810 1061 3885 1118; x_wconf 83' lang='lat' dir='ltr'><strong>de</strong></span> <span class='ocrx_word' id='word_1_252' title='bbox 3927 1060 4222 1117; x_wconf 76' lang='lat' dir='ltr'><strong>virtutum</strong></span> 
     </span>
    </p>
   </div>
   <div class='ocr_carea' id='block_1_38' title="bbox 2552 1148 4226 1223">
    <p class='ocr_par' dir='ltr' id='par_1_38' title="bbox 2552 1148 4226 1223">
     <span class='ocr_line' id='line_1_38' title="bbox 2552 1148 4226 1223; baseline 0.002 -19"><span class='ocrx_word' id='word_1_253' title='bbox 2552 1154 2878 1205; x_wconf 89' lang='lat' dir='ltr'><strong>vestrarum</strong></span> <span class='ocrx_word' id='word_1_254' title='bbox 2902 1150 3161 1222; x_wconf 89' lang='lat' dir='ltr'><strong>profectu</strong></span> <span class='ocrx_word' id='word_1_255' title='bbox 3172 1154 3337 1205; x_wconf 88' lang='lat' dir='ltr'><strong>tanto</strong></span> <span class='ocrx_word' id='word_1_256' title='bbox 3349 1149 3589 1206; x_wconf 84' lang='lat' dir='ltr'><strong>uberius</strong></span> <span class='ocrx_word' id='word_1_257' title='bbox 3613 1148 4008 1223; x_wconf 76' lang='lat' dir='ltr'><strong>gratulamur,</strong></span> <span class='ocrx_word' id='word_1_258' title='bbox 4033 1165 4226 1222; x_wconf 75' lang='lat' dir='ltr'><strong>quan-</strong></span> 
     </span>
    </p>
   </div>
   <div class='ocr_carea' id='block_1_39' title="bbox 2551 1237 4224 1310">
    <p class='ocr_par' dir='ltr' id='par_1_39' title="bbox 2551 1237 4224 1310">
     <span class='ocr_line' id='line_1_39' title="bbox 2551 1237 4224 1310; baseline 0.001 -17"><span class='ocrx_word' id='word_1_259' title='bbox 2551 1242 2610 1293; x_wconf 92' lang='lat' dir='ltr'><strong>to</strong></span> <span class='ocrx_word' id='word_1_260' title='bbox 2643 1255 2747 1310; x_wconf 89' lang='lat' dir='ltr'><strong>per</strong></span> <span class='ocrx_word' id='word_1_261' title='bbox 2772 1254 2916 1293; x_wconf 78' lang='lat' dir='ltr'><strong>versa</strong></span> <span class='ocrx_word' id='word_1_262' title='bbox 2951 1237 3255 1294; x_wconf 89' lang='lat' dir='ltr'><strong>charitatis</strong></span> <span class='ocrx_word' id='word_1_263' title='bbox 3276 1237 3548 1294; x_wconf 68' lang='lat' dir='ltr'><strong>effectum</strong></span> <span class='ocrx_word' id='word_1_264' title='bbox 3571 1237 3753 1295; x_wconf 86' lang='lat' dir='ltr'><strong>menti</strong></span> <span class='ocrx_word' id='word_1_265' title='bbox 3765 1242 3980 1295; x_wconf 67' lang='lat' dir='ltr'><strong>vestrm</strong></span> <span class='ocrx_word' id='word_1_266' title='bbox 3997 1237 4224 1294; x_wconf 75' lang='lat' dir='ltr'><strong>arctius</strong></span> 
     </span>
    </p>
   </div>
   <div class='ocr_carea' id='block_1_40' title="bbox 2552 1325 4224 1400">
    <p class='ocr_par' dir='ltr' id='par_1_40' title="bbox 2552 1325 4224 1400">
     <span class='ocr_line' id='line_1_40' title="bbox 2552 1325 4224 1400; baseline 0.002 -20"><span class='ocrx_word' id='word_1_267' title='bbox 2552 1327 2802 1382; x_wconf 89' lang='lat' dir='ltr'><strong>amando</strong></span> <span class='ocrx_word' id='word_1_268' title='bbox 2833 1325 3199 1398; x_wconf 89' lang='lat' dir='ltr'><strong>colligamur.</strong></span> <span class='ocrx_word' id='word_1_269' title='bbox 3232 1326 3396 1383; x_wconf 88' lang='lat' dir='ltr'><strong>Unde</strong></span> <span class='ocrx_word' id='word_1_270' title='bbox 3424 1326 3646 1400; x_wconf 86' lang='lat' dir='ltr'><strong>perhas</strong></span> <span class='ocrx_word' id='word_1_271' title='bbox 3666 1325 4110 1384; x_wconf 75' lang='lat' dir='ltr'><strong>beatitudinem</strong></span> <span class='ocrx_word' id='word_1_272' title='bbox 4131 1343 4224 1384; x_wconf 85' lang='lat' dir='ltr'><strong>ve-</strong></span> 
     </span>
    </p>
   </div>
   <div class='ocr_carea' id='block_1_41' title="bbox 2551 1414 4224 1481">
    <p class='ocr_par' dir='ltr' id='par_1_41' title="bbox 2551 1414 4224 1481">
     <span class='ocr_line' id='line_1_41' title="bbox 2551 1414 4224 1481; baseline 0.002 -12"><span class='ocrx_word' id='word_1_273' title='bbox 2551 1420 2732 1470; x_wconf 88' lang='lat' dir='ltr'><strong>stram</strong></span> <span class='ocrx_word' id='word_1_274' title='bbox 2757 1415 2979 1470; x_wconf 87' lang='lat' dir='ltr'><strong>litteras</strong></span> <span class='ocrx_word' id='word_1_275' title='bbox 2995 1415 3240 1470; x_wconf 92' lang='lat' dir='ltr'><strong>nimium</strong></span> <span class='ocrx_word' id='word_1_276' title='bbox 3256 1414 3861 1481; x_wconf 86' lang='lat' dir='ltr'><strong>salutantes,sollicite</strong></span> <span class='ocrx_word' id='word_1_277' title='bbox 3873 1415 4224 1473; x_wconf 73' lang='lat' dir='ltr'><strong>curavimus</strong></span> 
     </span>
    </p>
   </div>
   <div class='ocr_carea' id='block_1_42' title="bbox 2550 1504 4224 1577">
    <p class='ocr_par' dir='ltr' id='par_1_42' title="bbox 2550 1504 4224 1577">
     <span class='ocr_line' id='line_1_42' title="bbox 2550 1504 4224 1577; baseline 0.001 -19"><span class='ocrx_word' id='word_1_278' title='bbox 2550 1505 2884 1568; x_wconf 82' lang='lat' dir='ltr'><strong>admonere,</strong></span> <span class='ocrx_word' id='word_1_279' title='bbox 2919 1508 3209 1576; x_wconf 86' lang='lat' dir='ltr'><strong>quatenus</strong></span> <span class='ocrx_word' id='word_1_280' title='bbox 3243 1505 3461 1561; x_wconf 88' lang='lat' dir='ltr'><strong>bonum</strong></span> <span class='ocrx_word' id='word_1_281' title='bbox 3492 1504 3836 1577; x_wconf 84' lang='lat' dir='ltr'><strong>pacis,quod</strong></span> <span class='ocrx_word' id='word_1_282' title='bbox 3865 1505 4140 1560; x_wconf 85' lang='lat' dir='ltr'><strong>exterius</strong></span> <span class='ocrx_word' id='word_1_283' title='bbox 4170 1505 4224 1560; x_wconf 91' lang='lat' dir='ltr'><strong>in</strong></span> 
     </span>
    </p>
   </div>
   <div class='ocr_carea' id='block_1_43' title="bbox 2550 1591 4226 1666">
    <p class='ocr_par' dir='ltr' id='par_1_43' title="bbox 2550 1591 4226 1666">
     <span class='ocr_line' id='line_1_43' title="bbox 2550 1591 4226 1666; baseline 0.002 -20"><span class='ocrx_word' id='word_1_284' title='bbox 2550 1594 2770 1648; x_wconf 90' lang='lat' dir='ltr'><strong>mundo</strong></span> <span class='ocrx_word' id='word_1_285' title='bbox 2806 1593 3133 1648; x_wconf 86' lang='lat' dir='ltr'><strong>necessario</strong></span> <span class='ocrx_word' id='word_1_286' title='bbox 3163 1592 3359 1664; x_wconf 81' lang='lat' dir='ltr'><strong>agitis,</strong></span> <span class='ocrx_word' id='word_1_287' title='bbox 3390 1592 3549 1648; x_wconf 90' lang='lat' dir='ltr'><strong>circa</strong></span> <span class='ocrx_word' id='word_1_288' title='bbox 3588 1591 3950 1649; x_wconf 83' lang='lat' dir='ltr'><strong>domesticos</strong></span> <span class='ocrx_word' id='word_1_289' title='bbox 3977 1609 4226 1666; x_wconf 84' lang='lat' dir='ltr'><strong>quoque</strong></span> 
     </span>
    </p>
   </div>
   <div class='ocr_carea' id='block_1_44' title="bbox 2549 1680 4223 1754">
    <p class='ocr_par' dir='ltr' id='par_1_44' title="bbox 2549 1680 4223 1754">
     <span class='ocr_line' id='line_1_44' title="bbox 2549 1680 4223 1754; baseline 0.002 -18"><span class='ocrx_word' id='word_1_290' title='bbox 2549 1681 2681 1736; x_wconf 87' lang='lat' dir='ltr'><strong>fidei</strong></span> <span class='ocrx_word' id='word_1_291' title='bbox 2715 1682 2787 1737; x_wconf 87' lang='lat' dir='ltr'><strong>ob</strong></span> <span class='ocrx_word' id='word_1_292' title='bbox 2815 1681 3070 1754; x_wconf 89' lang='lat' dir='ltr'><strong>quietem</strong></span> <span class='ocrx_word' id='word_1_293' title='bbox 3103 1697 3405 1738; x_wconf 88' lang='lat' dir='ltr'><strong>servorum</strong></span> <span class='ocrx_word' id='word_1_294' title='bbox 3436 1685 3494 1738; x_wconf 89' lang='lat' dir='ltr'><strong>et</strong></span> <span class='ocrx_word' id='word_1_295' title='bbox 3523 1680 3874 1738; x_wconf 81' lang='lat' dir='ltr'><strong>ancillarum</strong></span> <span class='ocrx_word' id='word_1_296' title='bbox 3919 1681 4032 1738; x_wconf 80' lang='lat' dir='ltr'><strong>Dei</strong></span> <span class='ocrx_word' id='word_1_297' title='bbox 4077 1682 4223 1739; x_wconf 82' lang='lat' dir='ltr'><strong>inte-</strong></span> 
     </span>
    </p>
   </div>
   <div class='ocr_carea' id='block_1_45' title="bbox 2547 1769 4227 1844">
    <p class='ocr_par' dir='ltr' id='par_1_45' title="bbox 2547 1769 4227 1844">
     <span class='ocr_line' id='line_1_45' title="bbox 2547 1769 4227 1844; baseline 0.002 -20"><span class='ocrx_word' id='word_1_298' title='bbox 2547 1770 2672 1825; x_wconf 90' lang='lat' dir='ltr'><strong>rius</strong></span> <span class='ocrx_word' id='word_1_299' title='bbox 2701 1786 2963 1826; x_wconf 89' lang='lat' dir='ltr'><strong>exercere</strong></span> <span class='ocrx_word' id='word_1_300' title='bbox 2996 1787 3108 1825; x_wconf 94' lang='lat' dir='ltr'><strong>non</strong></span> <span class='ocrx_word' id='word_1_301' title='bbox 3143 1769 3609 1843; x_wconf 84' lang='lat' dir='ltr'><strong>negligatis,quo</strong></span> <span class='ocrx_word' id='word_1_302' title='bbox 3655 1786 3759 1844; x_wconf 86' lang='lat' dir='ltr'><strong>per</strong></span> <span class='ocrx_word' id='word_1_303' title='bbox 3789 1769 4073 1844; x_wconf 81' lang='lat' dir='ltr'><strong>ipsorum</strong></span> <span class='ocrx_word' id='word_1_304' title='bbox 4105 1787 4227 1827; x_wconf 76' lang='lat' dir='ltr'><strong>me-</strong></span> 
     </span>
    </p>
   </div>
   <div class='ocr_carea' id='block_1_46' title="bbox 2548 1857 4224 1932">
    <p class='ocr_par' dir='ltr' id='par_1_46' title="bbox 2548 1857 4224 1932">
     <span class='ocr_line' id='line_1_46' title="bbox 2548 1857 4224 1932; baseline 0.002 -20"><span class='ocrx_word' id='word_1_305' title='bbox 2548 1858 2658 1913; x_wconf 89' lang='lat' dir='ltr'><strong>rita</strong></span> <span class='ocrx_word' id='word_1_306' title='bbox 2687 1858 3164 1914; x_wconf 87' lang='lat' dir='ltr'><strong>intercessionem</strong></span> <span class='ocrx_word' id='word_1_307' title='bbox 3187 1860 3542 1931; x_wconf 89' lang='lat' dir='ltr'><strong>quandoque</strong></span> <span class='ocrx_word' id='word_1_308' title='bbox 3558 1859 3862 1932; x_wconf 86' lang='lat' dir='ltr'><strong>pervenire</strong></span> <span class='ocrx_word' id='word_1_309' title='bbox 3878 1857 4224 1918; x_wconf 73' lang='lat' dir='ltr'><strong>valeatisad</strong></span> 
     </span>
    </p>
   </div>
   <div class='ocr_carea' id='block_1_47' title="bbox 2546 1947 3046 2020">
    <p class='ocr_par' dir='ltr' id='par_1_47' title="bbox 2546 1947 3046 2020">
     <span class='ocr_line' id='line_1_47' title="bbox 2546 1947 3046 2020; baseline 0.002 -18"><span class='ocrx_word' id='word_1_310' title='bbox 2546 1964 2725 2019; x_wconf 80' lang='lat' dir='ltr'><strong>regna</strong></span> <span class='ocrx_word' id='word_1_311' title='bbox 2756 1947 3046 2020; x_wconf 90' lang='lat' dir='ltr'><strong>polorum.</strong></span> 
     </span>
    </p>
   </div>
   <div class='ocr_carea' id='block_1_48' title="bbox 2616 2035 4224 2109">
    <p class='ocr_par' dir='ltr' id='par_1_48' title="bbox 2616 2035 4224 2109">
     <span class='ocr_line' id='line_1_48' title="bbox 2616 2035 4224 2109; baseline 0.002 -19"><span class='ocrx_word' id='word_1_312' title='bbox 2616 2036 2728 2090; x_wconf 88' lang='lat' dir='ltr'><strong>Sed</strong></span> <span class='ocrx_word' id='word_1_313' title='bbox 2762 2036 2878 2090; x_wconf 64' lang='lat' dir='ltr'><strong>bare</strong></span> <span class='ocrx_word' id='word_1_314' title='bbox 2912 2035 3142 2092; x_wconf 90' lang='lat' dir='ltr'><strong>interim</strong></span> <span class='ocrx_word' id='word_1_315' title='bbox 3165 2036 3499 2092; x_wconf 89' lang='lat' dir='ltr'><strong>omittentes</strong></span> <span class='ocrx_word' id='word_1_316' title='bbox 3519 2035 3866 2096; x_wconf 79' lang='lat' dir='ltr'><strong>intimamus</strong></span> <span class='ocrx_word' id='word_1_317' title='bbox 3890 2037 4224 2109; x_wconf 69' lang='lat' dir='ltr'><strong>quenobis</strong></span> 
     </span>
    </p>
   </div>
   <div class='ocr_carea' id='block_1_49' title="bbox 2543 2123 4225 2195">
    <p class='ocr_par' dir='ltr' id='par_1_49' title="bbox 2543 2123 4225 2195">
     <span class='ocr_line' id='line_1_49' title="bbox 2543 2123 4225 2195; baseline 0.002 -17"><span class='ocrx_word' id='word_1_318' title='bbox 2543 2125 2846 2195; x_wconf 86' lang='lat' dir='ltr'><strong>adjaceant</strong></span> <span class='ocrx_word' id='word_1_319' title='bbox 2894 2123 3421 2180; x_wconf 88' lang='lat' dir='ltr'><strong>incommoditates.</strong></span> <span class='ocrx_word' id='word_1_320' title='bbox 3473 2124 3621 2180; x_wconf 86' lang='lat' dir='ltr'><strong>Nam</strong></span> <span class='ocrx_word' id='word_1_321' title='bbox 3669 2124 3956 2182; x_wconf 78' lang='lat' dir='ltr'><strong>noveritis</strong></span> <span class='ocrx_word' id='word_1_322' title='bbox 4006 2125 4225 2182; x_wconf 79' lang='lat' dir='ltr'><strong>multis</strong></span> 
     </span>
    </p>
   </div>
   <div class='ocr_carea' id='block_1_50' title="bbox 2543 2213 4224 2287">
    <p class='ocr_par' dir='ltr' id='par_1_50' title="bbox 2543 2213 4224 2287">
     <span class='ocr_line' id='line_1_50' title="bbox 2543 2213 4224 2287; baseline 0.004 -21"><span class='ocrx_word' id='word_1_323' title='bbox 2543 2213 2884 2268; x_wconf 76' lang='lat' dir='ltr'><strong>aemulorum</strong></span> <span class='ocrx_word' id='word_1_324' title='bbox 2921 2213 3148 2269; x_wconf 88' lang='lat' dir='ltr'><strong>insidiis</strong></span> <span class='ocrx_word' id='word_1_325' title='bbox 3179 2230 3286 2269; x_wconf 90' lang='lat' dir='ltr'><strong>nos</strong></span> <span class='ocrx_word' id='word_1_326' title='bbox 3317 2218 3532 2285; x_wconf 87' lang='lat' dir='ltr'><strong>patere,</strong></span> <span class='ocrx_word' id='word_1_327' title='bbox 3578 2213 3682 2286; x_wconf 92' lang='lat' dir='ltr'><strong>qui</strong></span> <span class='ocrx_word' id='word_1_328' title='bbox 3711 2214 3961 2270; x_wconf 88' lang='lat' dir='ltr'><strong>omnino</strong></span> <span class='ocrx_word' id='word_1_329' title='bbox 3989 2214 4224 2287; x_wconf 75' lang='lat' dir='ltr'><strong>quietis</strong></span> 
     </span>
    </p>
   </div>
   <div class='ocr_carea' id='block_1_51' title="bbox 2543 2301 4224 2377">
    <p class='ocr_par' dir='ltr' id='par_1_51' title="bbox 2543 2301 4224 2377">
     <span class='ocr_line' id='line_1_51' title="bbox 2543 2301 4224 2377; baseline 0.004 -21"><span class='ocrx_word' id='word_1_330' title='bbox 2543 2307 2750 2356; x_wconf 66' lang='lat' dir='ltr'><strong>nostra:</strong></span> <span class='ocrx_word' id='word_1_331' title='bbox 2781 2303 2976 2357; x_wconf 89' lang='lat' dir='ltr'><strong>studio</strong></span> <span class='ocrx_word' id='word_1_332' title='bbox 3010 2303 3290 2367; x_wconf 88' lang='lat' dir='ltr'><strong>invident,</strong></span> <span class='ocrx_word' id='word_1_333' title='bbox 3327 2302 3406 2357; x_wconf 85' lang='lat' dir='ltr'><strong>ita</strong></span> <span class='ocrx_word' id='word_1_334' title='bbox 3453 2307 3519 2357; x_wconf 88' lang='lat' dir='ltr'><strong>ut</strong></span> <span class='ocrx_word' id='word_1_335' title='bbox 3566 2301 3727 2359; x_wconf 87' lang='lat' dir='ltr'><strong>omni</strong></span> <span class='ocrx_word' id='word_1_336' title='bbox 3759 2302 3908 2360; x_wconf 77' lang='lat' dir='ltr'><strong>artis</strong></span> <span class='ocrx_word' id='word_1_337' title='bbox 3964 2302 4224 2377; x_wconf 82' lang='lat' dir='ltr'><strong>ingenio</strong></span> 
     </span>
    </p>
   </div>
   <div class='ocr_carea' id='block_1_52' title="bbox 2541 2389 4227 2464">
    <p class='ocr_par' dir='ltr' id='par_1_52' title="bbox 2541 2389 4227 2464">
     <span class='ocr_line' id='line_1_52' title="bbox 2541 2389 4227 2464; baseline 0.002 -20"><span class='ocrx_word' id='word_1_338' title='bbox 2541 2390 2915 2457; x_wconf 89' lang='lat' dir='ltr'><strong>elaborent,si</strong></span> <span class='ocrx_word' id='word_1_339' title='bbox 2947 2408 3060 2462; x_wconf 90' lang='lat' dir='ltr'><strong>quo</strong></span> <span class='ocrx_word' id='word_1_340' title='bbox 3083 2391 3257 2446; x_wconf 90' lang='lat' dir='ltr'><strong>modo</strong></span> <span class='ocrx_word' id='word_1_341' title='bbox 3286 2390 3414 2463; x_wconf 90' lang='lat' dir='ltr'><strong>pias</strong></span> <span class='ocrx_word' id='word_1_342' title='bbox 3445 2407 3513 2446; x_wconf 90' lang='lat' dir='ltr'><strong>ac</strong></span> <span class='ocrx_word' id='word_1_343' title='bbox 3543 2389 3851 2463; x_wconf 84' lang='lat' dir='ltr'><strong>religiosas</strong></span> <span class='ocrx_word' id='word_1_344' title='bbox 3878 2391 4068 2464; x_wconf 64' lang='lat' dir='ltr'><strong>regis</strong></span> <span class='ocrx_word' id='word_1_345' title='bbox 4101 2409 4227 2448; x_wconf 79' lang='lat' dir='ltr'><strong>lna-</strong></span> 
     </span>
    </p>
   </div>
   <div class='ocr_carea' id='block_1_53' title="bbox 2533 2477 4226 2550">
    <p class='ocr_par' dir='ltr' id='par_1_53' title="bbox 2533 2477 4226 2550">
     <span class='ocr_line' id='line_1_53' title="bbox 2533 2477 4226 2550; baseline 0.003 -17"><span class='ocrx_word' id='word_1_346' title='bbox 2533 2480 2766 2550; x_wconf 87' lang='lat' dir='ltr'><strong>jestatis</strong></span> <span class='ocrx_word' id='word_1_347' title='bbox 2798 2497 2968 2535; x_wconf 86' lang='lat' dir='ltr'><strong>aures</strong></span> <span class='ocrx_word' id='word_1_348' title='bbox 3000 2479 3278 2534; x_wconf 90' lang='lat' dir='ltr'><strong>simistris</strong></span> <span class='ocrx_word' id='word_1_349' title='bbox 3309 2477 3646 2536; x_wconf 83' lang='lat' dir='ltr'><strong>rumoribus</strong></span> <span class='ocrx_word' id='word_1_350' title='bbox 3671 2479 3744 2536; x_wconf 88' lang='lat' dir='ltr'><strong>de</strong></span> <span class='ocrx_word' id='word_1_351' title='bbox 3770 2479 4226 2538; x_wconf 62' lang='lat' dir='ltr'><strong>nobisnostris-</strong></span> 
     </span>
    </p>
   </div>
   <div class='ocr_carea' id='block_1_54' title="bbox 2541 2566 4222 2641">
    <p class='ocr_par' dir='ltr' id='par_1_54' title="bbox 2541 2566 4222 2641">
     <span class='ocr_line' id='line_1_54' title="bbox 2541 2566 4222 2641; baseline 0.003 -19"><span class='ocrx_word' id='word_1_352' title='bbox 2541 2584 2653 2639; x_wconf 90' lang='lat' dir='ltr'><strong>que</strong></span> <span class='ocrx_word' id='word_1_353' title='bbox 2685 2568 3018 2623; x_wconf 86' lang='lat' dir='ltr'><strong>mentiendo</strong></span> <span class='ocrx_word' id='word_1_354' title='bbox 3051 2567 3277 2640; x_wconf 83' lang='lat' dir='ltr'><strong>possint</strong></span> <span class='ocrx_word' id='word_1_355' title='bbox 3299 2566 4004 2641; x_wconf 83' lang='lat' dir='ltr'><strong>inﬁcere,etquiddamde</strong></span> <span class='ocrx_word' id='word_1_356' title='bbox 4032 2571 4222 2627; x_wconf 73' lang='lat' dir='ltr'><strong>rebus</strong></span> 
     </span>
    </p>
   </div>
   <div class='ocr_carea' id='block_1_55' title="bbox 2541 2657 4224 2730">
    <p class='ocr_par' dir='ltr' id='par_1_55' title="bbox 2541 2657 4224 2730">
     <span class='ocr_line' id='line_1_55' title="bbox 2541 2657 4224 2730; baseline 0.003 -20"><span class='ocrx_word' id='word_1_357' title='bbox 2541 2657 2611 2710; x_wconf 88' lang='lat' dir='ltr'><strong>ad</strong></span> <span class='ocrx_word' id='word_1_358' title='bbox 2641 2662 2906 2712; x_wconf 87' lang='lat' dir='ltr'><strong>nostrum</strong></span> <span class='ocrx_word' id='word_1_359' title='bbox 2940 2674 3113 2712; x_wconf 90' lang='lat' dir='ltr'><strong>usum</strong></span> <span class='ocrx_word' id='word_1_360' title='bbox 3128 2657 3812 2730; x_wconf 86' lang='lat' dir='ltr'><strong>partinentibusquoquo</strong></span> <span class='ocrx_word' id='word_1_361' title='bbox 3824 2657 4009 2714; x_wconf 86' lang='lat' dir='ltr'><strong>modo</strong></span> <span class='ocrx_word' id='word_1_362' title='bbox 4036 2657 4224 2715; x_wconf 79' lang='lat' dir='ltr'><strong>inter-</strong></span> 
     </span>
    </p>
   </div>
   <div class='ocr_carea' id='block_1_56' title="bbox 2540 2744 4218 2817">
    <p class='ocr_par' dir='ltr' id='par_1_56' title="bbox 2540 2744 4218 2817">
     <span class='ocr_line' id='line_1_56' title="bbox 2540 2744 4218 2817; baseline 0.002 -18"><span class='ocrx_word' id='word_1_363' title='bbox 2540 2745 2749 2816; x_wconf 87' lang='lat' dir='ltr'><strong>cipere,</strong></span> <span class='ocrx_word' id='word_1_364' title='bbox 2783 2751 2846 2800; x_wconf 92' lang='lat' dir='ltr'><strong>ut</strong></span> <span class='ocrx_word' id='word_1_365' title='bbox 2876 2746 3040 2801; x_wconf 87' lang='lat' dir='ltr'><strong>vobis</strong></span> <span class='ocrx_word' id='word_1_366' title='bbox 3070 2762 3136 2800; x_wconf 84' lang='lat' dir='ltr'><strong>ex</strong></span> <span class='ocrx_word' id='word_1_367' title='bbox 3169 2749 3331 2817; x_wconf 88' lang='lat' dir='ltr'><strong>parte</strong></span> <span class='ocrx_word' id='word_1_368' title='bbox 3359 2749 3591 2801; x_wconf 86' lang='lat' dir='ltr'><strong>constat</strong></span> <span class='ocrx_word' id='word_1_369' title='bbox 3613 2744 4003 2801; x_wconf 84' lang='lat' dir='ltr'><strong>manifestum</strong></span> <span class='ocrx_word' id='word_1_370' title='bbox 4037 2762 4177 2802; x_wconf 83' lang='lat' dir='ltr'><strong>esse</strong></span> <span class='ocrx_word' id='word_1_371' title='bbox 4203 2765 4218 2813; x_wconf 85' lang='lat'><strong>;</strong></span> 
     </span>
    </p>
   </div>
   <div class='ocr_carea' id='block_1_57' title="bbox 2539 2833 4218 2906">
    <p class='ocr_par' dir='ltr' id='par_1_57' title="bbox 2539 2833 4218 2906">
     <span class='ocr_line' id='line_1_57' title="bbox 2539 2833 4218 2906; baseline 0.002 -18"><span class='ocrx_word' id='word_1_372' title='bbox 2539 2837 2616 2901; x_wconf 89' lang='lat' dir='ltr'><strong>et,</strong></span> <span class='ocrx_word' id='word_1_373' title='bbox 2650 2835 2805 2906; x_wconf 91' lang='lat' dir='ltr'><strong>quod</strong></span> <span class='ocrx_word' id='word_1_374' title='bbox 2850 2834 3084 2906; x_wconf 85' lang='lat' dir='ltr'><strong>gravius</strong></span> <span class='ocrx_word' id='word_1_375' title='bbox 3129 2833 3266 2889; x_wconf 91' lang='lat' dir='ltr'><strong>imis</strong></span> <span class='ocrx_word' id='word_1_376' title='bbox 3314 2834 3604 2889; x_wconf 89' lang='lat' dir='ltr'><strong>viscerum</strong></span> <span class='ocrx_word' id='word_1_377' title='bbox 3660 2833 3942 2906; x_wconf 87' lang='lat' dir='ltr'><strong>suspiriis</strong></span> <span class='ocrx_word' id='word_1_378' title='bbox 3991 2840 4096 2891; x_wconf 82' lang='lat' dir='ltr'><strong>est</strong></span> <span class='ocrx_word' id='word_1_379' title='bbox 4125 2835 4218 2891; x_wconf 86' lang='lat' dir='ltr'><strong>in-</strong></span> 
     </span>
    </p>
   </div>
   <div class='ocr_carea' id='block_1_58' title="bbox 2539 2921 4222 2996">
    <p class='ocr_par' dir='ltr' id='par_1_58' title="bbox 2539 2921 4222 2996">
     <span class='ocr_line' id='line_1_58' title="bbox 2539 2921 4222 2996; baseline 0.002 -19"><span class='ocrx_word' id='word_1_380' title='bbox 2539 2923 3002 2994; x_wconf 89' lang='lat' dir='ltr'><strong>gemiscendum,</strong></span> <span class='ocrx_word' id='word_1_381' title='bbox 3038 2923 3095 2979; x_wconf 86' lang='lat' dir='ltr'><strong>bi</strong></span> <span class='ocrx_word' id='word_1_382' title='bbox 3129 2923 3416 2996; x_wconf 65' lang='lat' dir='ltr'><strong>praecipue</strong></span> <span class='ocrx_word' id='word_1_383' title='bbox 3459 2921 3519 2977; x_wconf 91' lang='lat' dir='ltr'><strong>in</strong></span> <span class='ocrx_word' id='word_1_384' title='bbox 3565 2922 3672 2979; x_wconf 85' lang='lat' dir='ltr'><strong>hac</strong></span> <span class='ocrx_word' id='word_1_385' title='bbox 3720 2925 3888 2995; x_wconf 83' lang='lat' dir='ltr'><strong>parte</strong></span> <span class='ocrx_word' id='word_1_386' title='bbox 3927 2921 4222 2980; x_wconf 81' lang='lat' dir='ltr'><strong>videntur</strong></span> 
     </span>
    </p>
   </div>
   <div class='ocr_carea' id='block_1_59' title="bbox 2540 3011 4219 3085">
    <p class='ocr_par' dir='ltr' id='par_1_59' title="bbox 2540 3011 4219 3085">
     <span class='ocr_line' id='line_1_59' title="bbox 2540 3011 4219 3085; baseline 0.001 -18"><span class='ocrx_word' id='word_1_387' title='bbox 2540 3012 2849 3080; x_wconf 86' lang='lat' dir='ltr'><strong>notabiles,</strong></span> <span class='ocrx_word' id='word_1_388' title='bbox 2881 3013 2981 3084; x_wconf 90' lang='lat' dir='ltr'><strong>qui</strong></span> <span class='ocrx_word' id='word_1_389' title='bbox 3016 3012 3126 3067; x_wconf 89' lang='lat' dir='ltr'><strong>sub</strong></span> <span class='ocrx_word' id='word_1_390' title='bbox 3157 3011 3361 3067; x_wconf 89' lang='lat' dir='ltr'><strong>habitu</strong></span> <span class='ocrx_word' id='word_1_391' title='bbox 3391 3011 3782 3068; x_wconf 88' lang='lat' dir='ltr'><strong>venerationis</strong></span> <span class='ocrx_word' id='word_1_392' title='bbox 3825 3012 4219 3085; x_wconf 88' lang='lat' dir='ltr'><strong>specietenus</strong></span> 
     </span>
    </p>
   </div>
   <div class='ocr_carea' id='block_1_60' title="bbox 2539 3099 4219 3172">
    <p class='ocr_par' dir='ltr' id='par_1_60' title="bbox 2539 3099 4219 3172">
     <span class='ocr_line' id='line_1_60' title="bbox 2539 3099 4219 3172; baseline 0.002 -17"><span class='ocrx_word' id='word_1_393' title='bbox 2539 3101 2910 3172; x_wconf 69' lang='lat' dir='ltr'><strong>prmtendunt</strong></span> <span class='ocrx_word' id='word_1_394' title='bbox 2941 3101 3187 3156; x_wconf 88' lang='lat' dir='ltr'><strong>formam</strong></span> <span class='ocrx_word' id='word_1_395' title='bbox 3220 3100 3572 3156; x_wconf 86' lang='lat' dir='ltr'><strong>sanctitatis.</strong></span> <span class='ocrx_word' id='word_1_396' title='bbox 3621 3099 3790 3166; x_wconf 86' lang='lat' dir='ltr'><strong>Quia,</strong></span> <span class='ocrx_word' id='word_1_397' title='bbox 3835 3099 3888 3155; x_wconf 89' lang='lat' dir='ltr'><strong>si</strong></span> <span class='ocrx_word' id='word_1_398' title='bbox 3918 3101 4219 3158; x_wconf 84' lang='lat' dir='ltr'><strong>veraciter</strong></span> 
     </span>
    </p>
   </div>
   <div class='ocr_carea' id='block_1_61' title="bbox 2537 3187 4222 3261">
    <p class='ocr_par' dir='ltr' id='par_1_61' title="bbox 2537 3187 4222 3261">
     <span class='ocr_line' id='line_1_61' title="bbox 2537 3187 4222 3261; baseline 0.001 -17"><span class='ocrx_word' id='word_1_399' title='bbox 2537 3207 2738 3245; x_wconf 90' lang='lat' dir='ltr'><strong>eorum</strong></span> <span class='ocrx_word' id='word_1_400' title='bbox 2767 3188 3042 3244; x_wconf 89' lang='lat' dir='ltr'><strong>interiora</strong></span> <span class='ocrx_word' id='word_1_401' title='bbox 3067 3205 3295 3244; x_wconf 90' lang='lat' dir='ltr'><strong>morum</strong></span> <span class='ocrx_word' id='word_1_402' title='bbox 3329 3187 3616 3261; x_wconf 80' lang='lat' dir='ltr'><strong>probitate</strong></span> <span class='ocrx_word' id='word_1_403' title='bbox 3645 3187 4052 3246; x_wconf 80' lang='lat' dir='ltr'><strong>exterioribus</strong></span> <span class='ocrx_word' id='word_1_404' title='bbox 4083 3207 4222 3246; x_wconf 83' lang='lat' dir='ltr'><strong>con-</strong></span> 
     </span>
    </p>
   </div>
   <div class='ocr_carea' id='block_1_62' title="bbox 2537 3275 4220 3350">
    <p class='ocr_par' dir='ltr' id='par_1_62' title="bbox 2537 3275 4220 3350">
     <span class='ocr_line' id='line_1_62' title="bbox 2537 3275 4220 3350; baseline 0.002 -19"><span class='ocrx_word' id='word_1_405' title='bbox 2537 3279 2866 3344; x_wconf 87' lang='lat' dir='ltr'><strong>cordarent,</strong></span> <span class='ocrx_word' id='word_1_406' title='bbox 2899 3294 3272 3350; x_wconf 88' lang='lat' dir='ltr'><strong>nequaquam</strong></span> <span class='ocrx_word' id='word_1_407' title='bbox 3301 3275 3492 3331; x_wconf 90' lang='lat' dir='ltr'><strong>adhuc</strong></span> <span class='ocrx_word' id='word_1_408' title='bbox 3515 3293 3618 3348; x_wconf 90' lang='lat' dir='ltr'><strong>per</strong></span> <span class='ocrx_word' id='word_1_409' title='bbox 3645 3275 3859 3333; x_wconf 86' lang='lat' dir='ltr'><strong>vitium</strong></span> <span class='ocrx_word' id='word_1_410' title='bbox 3890 3275 4132 3335; x_wconf 69' lang='lat' dir='ltr'><strong>seculo</strong></span> <span class='ocrx_word' id='word_1_411' title='bbox 4161 3279 4220 3334; x_wconf 75' lang='lat' dir='ltr'><strong>ii-</strong></span> 
     </span>
    </p>
   </div>
   <div class='ocr_carea' id='block_1_63' title="bbox 775 3364 4216 3442">
    <p class='ocr_par' dir='ltr' id='par_1_63' title="bbox 775 3364 4216 3442">
     <span class='ocr_line' id='line_1_63' title="bbox 775 3364 4216 3442; baseline -0.001 -17"><span class='ocrx_word' id='word_1_412' title='bbox 775 3373 864 3426; x_wconf 91' lang='lat' dir='ltr'><strong>est</strong></span> <span class='ocrx_word' id='word_1_413' title='bbox 892 3368 996 3424; x_wconf 90' lang='lat' dir='ltr'><strong>tibi</strong></span> <span class='ocrx_word' id='word_1_414' title='bbox 1030 3365 1288 3442; x_wconf 90' lang='lat' dir='ltr'><strong>polliceri</strong></span> <span class='ocrx_word' id='word_1_415' title='bbox 1321 3383 1334 3423; x_wconf 93' lang='lat'>:</span> <span class='ocrx_word' id='word_1_416' title='bbox 1369 3368 1436 3422; x_wconf 83' lang='lat' dir='ltr'><strong>Et</strong></span> <span class='ocrx_word' id='word_1_417' title='bbox 1464 3367 1602 3425; x_wconf 84' lang='lat' dir='ltr'><strong>dabo</strong></span> <span class='ocrx_word' id='word_1_418' title='bbox 1658 3369 1783 3434; x_wconf 87' lang='lat' dir='ltr'><strong>tibi,</strong></span> <span class='ocrx_word' id='word_1_419' title='bbox 1814 3367 2026 3441; x_wconf 91' lang='lat' dir='ltr'><strong>inquit,</strong></span> <span class='ocrx_word' id='word_1_420' title='bbox 2059 3370 2426 3426; x_wconf 54' lang='lat' dir='ltr'><strong>hereditatem</strong></span> <span class='ocrx_word' id='word_1_421' title='bbox 2472 3441 2478 3442; x_wconf 14' lang='grc' dir='ltr'><em>γ</em></span> <span class='ocrx_word' id='word_1_422' title='bbox 2537 3366 2669 3421; x_wconf 89' lang='lat' dir='ltr'><strong>dem</strong></span> <span class='ocrx_word' id='word_1_423' title='bbox 2703 3365 3248 3421; x_wconf 86' lang='lat' dir='ltr'><strong>servarent.Verum</strong></span> <span class='ocrx_word' id='word_1_424' title='bbox 3278 3366 3685 3436; x_wconf 89' lang='lat' dir='ltr'><strong>cujuscunque</strong></span> <span class='ocrx_word' id='word_1_425' title='bbox 3716 3364 3838 3419; x_wconf 90' lang='lat' dir='ltr'><strong>sint</strong></span> <span class='ocrx_word' id='word_1_426' title='bbox 3867 3365 4216 3423; x_wconf 85' lang='lat' dir='ltr'><strong>ordinisvel</strong></span> 
     </span>
    </p>
   </div>
   <div class='ocr_carea' id='block_1_64' title="bbox 773 3457 1270 3531">
    <p class='ocr_par' dir='ltr' id='par_1_64' title="bbox 773 3457 1270 3531">
     <span class='ocr_line' id='line_1_64' title="bbox 773 3457 1270 3531; baseline -0.004 -16"><span class='ocrx_word' id='word_1_427' title='bbox 773 3457 946 3516; x_wconf 77' lang='lat' dir='ltr'><strong>Iacob</strong></span> <span class='ocrx_word' id='word_1_428' title='bbox 960 3459 1135 3531; x_wconf 74' lang='lat' dir='ltr'><strong>patris</strong></span> <span class='ocrx_word' id='word_1_429' title='bbox 1165 3457 1270 3513; x_wconf 85' lang='lat' dir='ltr'><strong>tui.</strong></span> 
     </span>
    </p>
   </div>
   <div class='ocr_carea' id='block_1_65' title="bbox 1373 3562 1818 3618">
    <p class='ocr_par' dir='ltr' id='par_1_65' title="bbox 1373 3562 1818 3618">
     <span class='ocr_line' id='line_1_65' title="bbox 1373 3562 1818 3618; baseline 0.002 -1"><span class='ocrx_word' id='word_1_430' title='bbox 1373 3562 1709 3618; x_wconf 84' lang='lat' dir='ltr'><strong>EPISTOLA</strong></span> <span class='ocrx_word' id='word_1_431' title='bbox 1748 3562 1818 3618; x_wconf 91' lang='lat' dir='ltr'><strong>ll.</strong></span> 
     </span>
    </p>
   </div>
   <div class='ocr_carea' id='block_1_66' title="bbox 726 3665 2425 3712">
    <p class='ocr_par' dir='ltr' id='par_1_66' title="bbox 726 3665 2425 3712">
     <span class='ocr_line' id='line_1_66' title="bbox 726 3665 2425 3712; baseline -0.002 -1"><span class='ocrx_word' id='word_1_432' title='bbox 726 3678 734 3686; x_wconf 90' lang='lat'>&#39;</span> <span class='ocrx_word' id='word_1_433' title='bbox 776 3672 850 3712; x_wconf 68' lang='lat' dir='ltr'><strong>AD</strong></span> <span class='ocrx_word' id='word_1_434' title='bbox 889 3668 1162 3708; x_wconf 68' lang='lat' dir='ltr'><strong>GEMNEM</strong></span> <span class='ocrx_word' id='word_1_435' title='bbox 1199 3667 1306 3706; x_wconf 77' lang='grc' dir='ltr'><strong>εευ</strong></span> <span class='ocrx_word' id='word_1_436' title='bbox 1343 3665 1608 3706; x_wconf 73' lang='lat' dir='ltr'><strong>JIRONEM</strong></span> <span class='ocrx_word' id='word_1_437' title='bbox 1667 3668 2160 3708; x_wconf 71' lang='lat' dir='ltr'><strong>ARCIIIIPISCOPUM</strong></span> <span class='ocrx_word' id='word_1_438' title='bbox 2203 3669 2425 3709; x_wconf 75' lang='lat' dir='ltr'><strong>MAGDE-</strong></span> 
     </span>
    </p>
   </div>
   <div class='ocr_carea' id='block_1_67' title="bbox 921 3738 1786 3779">
    <p class='ocr_par' dir='ltr' id='par_1_67' title="bbox 921 3738 1786 3779">
     <span class='ocr_line' id='line_1_67' title="bbox 921 3738 1786 3779; baseline 0.002 -2"><span class='ocrx_word' id='word_1_439' title='bbox 921 3748 927 3752; x_wconf 84' lang='lat'><strong><em>‘</em></strong></span> <span class='ocrx_word' id='word_1_440' title='bbox 1419 3738 1786 3779; x_wconf 77' lang='lat' dir='ltr'><strong>BUBBBNSEM.</strong></span> 
     </span>
    </p>
   </div>
   <div class='ocr_carea' id='block_1_68' title="bbox 782 3829 2425 3903">
    <p class='ocr_par' dir='ltr' id='par_1_68' title="bbox 782 3829 2425 3903">
     <span class='ocr_line' id='line_1_68' title="bbox 782 3829 2425 3903; baseline 0.001 -17"><span class='ocrx_word' id='word_1_441' title='bbox 782 3829 1106 3887; x_wconf 69' lang='lat' dir='ltr'><strong>Gratulatur</strong></span> <span class='ocrx_word' id='word_1_442' title='bbox 1134 3829 1188 3886; x_wconf 84' lang='lat' dir='ltr'><strong>ei</strong></span> <span class='ocrx_word' id='word_1_443' title='bbox 1202 3844 1394 3901; x_wconf 84' lang='lat' dir='ltr'><strong>pacem</strong></span> <span class='ocrx_word' id='word_1_444' title='bbox 1422 3830 1658 3903; x_wconf 82' lang='lat' dir='ltr'><strong>imperii,</strong></span> <span class='ocrx_word' id='word_1_445' title='bbox 1689 3829 2135 3903; x_wconf 81' lang='lat' dir='ltr'><strong>commendatque</strong></span> <span class='ocrx_word' id='word_1_446' title='bbox 2158 3837 2425 3887; x_wconf 75' lang='lat' dir='ltr'><strong>monaste-</strong></span> 
     </span>
    </p>
   </div>
   <div class='ocr_carea' id='block_1_69' title="bbox 853 3902 2427 3976">
    <p class='ocr_par' dir='ltr' id='par_1_69' title="bbox 853 3902 2427 3976">
     <span class='ocr_line' id='line_1_69' title="bbox 853 3902 2427 3976; baseline 0 -20"><span class='ocrx_word' id='word_1_447' title='bbox 853 3903 934 3956; x_wconf 89' lang='lat' dir='ltr'><strong>rii</strong></span> <span class='ocrx_word' id='word_1_448' title='bbox 959 3903 1048 3976; x_wconf 75' lang='lat' dir='ltr'><strong>sui</strong></span> <span class='ocrx_word' id='word_1_449' title='bbox 1077 3917 1178 3966; x_wconf 75' lang='lat' dir='ltr'><strong>res,</strong></span> <span class='ocrx_word' id='word_1_450' title='bbox 1210 3917 1275 3976; x_wconf 85' lang='lat' dir='ltr'><strong>ac</strong></span> <span class='ocrx_word' id='word_1_451' title='bbox 1301 3902 1518 3973; x_wconf 73' lang='lat' dir='ltr'><strong>regulas</strong></span> <span class='ocrx_word' id='word_1_452' title='bbox 1546 3903 1911 3976; x_wconf 71' lang='lat' dir='ltr'><strong>episcopatum</strong></span> <span class='ocrx_word' id='word_1_453' title='bbox 1937 3902 2123 3959; x_wconf 77' lang='lat' dir='ltr'><strong>sancte</strong></span> <span class='ocrx_word' id='word_1_454' title='bbox 2159 3903 2427 3959; x_wconf 74' lang='lat' dir='ltr'><strong>adminis-</strong></span> 
     </span>
    </p>
   </div>
   <div class='ocr_carea' id='block_1_70' title="bbox 853 3971 1306 4044">
    <p class='ocr_par' dir='ltr' id='par_1_70' title="bbox 853 3971 1306 4044">
     <span class='ocr_line' id='line_1_70' title="bbox 853 3971 1306 4044; baseline -0.004 -14"><span class='ocrx_word' id='word_1_455' title='bbox 853 3971 1039 4030; x_wconf 85' lang='lat' dir='ltr'><strong>trandi</strong></span> <span class='ocrx_word' id='word_1_456' title='bbox 1063 3975 1306 4044; x_wconf 73' lang='lat' dir='ltr'><strong>exponit.</strong></span> 
     </span>
    </p>
   </div>
   <div class='ocr_carea' id='block_1_71' title="bbox 850 4077 2424 4152">
    <p class='ocr_par' dir='ltr' id='par_1_71' title="bbox 850 4077 2424 4152">
     <span class='ocr_line' id='line_1_71' title="bbox 850 4077 2424 4152; baseline -0.001 -16"><span class='ocrx_word' id='word_1_457' title='bbox 850 4079 1096 4136; x_wconf 90' lang='lat' dir='ltr'><strong>Domino</strong></span> <span class='ocrx_word' id='word_1_458' title='bbox 1125 4079 1454 4152; x_wconf 68' lang='lat' dir='ltr'><strong>apostolicae</strong></span> <span class='ocrx_word' id='word_1_459' title='bbox 1477 4079 1784 4152; x_wconf 88' lang='lat' dir='ltr'><strong>dignitatis</strong></span> <span class='ocrx_word' id='word_1_460' title='bbox 1815 4077 1975 4152; x_wconf 89' lang='lat' dir='ltr'><strong>apice</strong></span> <span class='ocrx_word' id='word_1_461' title='bbox 2018 4078 2333 4136; x_wconf 89' lang='lat' dir='ltr'><strong>sublimato</strong></span> <span class='ocrx_word' id='word_1_462' title='bbox 2360 4081 2424 4135; x_wconf 91' lang='lat' dir='ltr'><strong>G.</strong></span> 
     </span>
    </p>
   </div>
   <div class='ocr_carea' id='block_1_72' title="bbox 779 4167 2430 4241">
    <p class='ocr_par' dir='ltr' id='par_1_72' title="bbox 779 4167 2430 4241">
     <span class='ocr_line' id='line_1_72' title="bbox 779 4167 2430 4241; baseline -0.001 -15"><span class='ocrx_word' id='word_1_463' title='bbox 779 4167 1328 4241; x_wconf 87' lang='lat' dir='ltr'><strong>Parthenopolitano</strong></span> <span class='ocrx_word' id='word_1_464' title='bbox 1377 4168 1834 4240; x_wconf 85' lang='lat' dir='ltr'><strong>archiepiscOpo,</strong></span> <span class='ocrx_word' id='word_1_465' title='bbox 1886 4172 1948 4223; x_wconf 86' lang='grc' dir='ltr'><strong>Β.</strong></span> <span class='ocrx_word' id='word_1_466' title='bbox 1983 4167 2078 4224; x_wconf 88' lang='lat' dir='ltr'><strong>Dei</strong></span> <span class='ocrx_word' id='word_1_467' title='bbox 2128 4167 2332 4224; x_wconf 88' lang='lat' dir='ltr'><strong>Matris</strong></span> <span class='ocrx_word' id='word_1_468' title='bbox 2364 4184 2430 4224; x_wconf 87' lang='lat' dir='ltr'><strong>ac</strong></span> 
     </span>
    </p>
   </div>
   <div class='ocr_carea' id='block_1_73' title="bbox 777 4255 2431 4331">
    <p class='ocr_par' dir='ltr' id='par_1_73' title="bbox 777 4255 2431 4331">
     <span class='ocr_line' id='line_1_73' title="bbox 777 4255 2431 4331; baseline 0 -19"><span class='ocrx_word' id='word_1_469' title='bbox 777 4256 1035 4331; x_wconf 86' lang='lat' dir='ltr'><strong>Virginis</strong></span> <span class='ocrx_word' id='word_1_470' title='bbox 1066 4273 1288 4324; x_wconf 88' lang='lat' dir='ltr'><strong>servus,</strong></span> <span class='ocrx_word' id='word_1_471' title='bbox 1323 4255 1542 4311; x_wconf 61' lang='lat' dir='ltr'><strong>intimae</strong></span> <span class='ocrx_word' id='word_1_472' title='bbox 1574 4256 1896 4312; x_wconf 89' lang='lat' dir='ltr'><strong>devotionis</strong></span> <span class='ocrx_word' id='word_1_473' title='bbox 1937 4255 2182 4324; x_wconf 91' lang='lat' dir='ltr'><strong>cultum,</strong></span> <span class='ocrx_word' id='word_1_474' title='bbox 2217 4256 2431 4329; x_wconf 84' lang='lat' dir='ltr'><strong>perfec-</strong></span> 
     </span>
    </p>
   </div>
   <div class='ocr_carea' id='block_1_74' title="bbox 778 4343 1824 4418">
    <p class='ocr_par' dir='ltr' id='par_1_74' title="bbox 778 4343 1824 4418">
     <span class='ocr_line' id='line_1_74' title="bbox 778 4343 1824 4418; baseline -0.003 -16"><span class='ocrx_word' id='word_1_475' title='bbox 778 4349 967 4418; x_wconf 62' lang='lat' dir='ltr'><strong>tasque</strong></span> <span class='ocrx_word' id='word_1_476' title='bbox 997 4345 1131 4400; x_wconf 85' lang='lat' dir='ltr'><strong>fidei</strong></span> <span class='ocrx_word' id='word_1_477' title='bbox 1160 4343 1493 4417; x_wconf 88' lang='lat' dir='ltr'><strong>integritate</strong></span> <span class='ocrx_word' id='word_1_478' title='bbox 1526 4345 1824 4412; x_wconf 89' lang='lat' dir='ltr'><strong>refertum,</strong></span> 
     </span>
    </p>
   </div>
   <div class='ocr_carea' id='block_1_75' title="bbox 845 4431 2429 4506">
    <p class='ocr_par' dir='ltr' id='par_1_75' title="bbox 845 4431 2429 4506">
     <span class='ocr_line' id='line_1_75' title="bbox 845 4431 2429 4506; baseline -0.001 -15"><span class='ocrx_word' id='word_1_479' title='bbox 845 4433 1106 4491; x_wconf 76' lang='lat' dir='ltr'><strong>Gloriam</strong></span> <span class='ocrx_word' id='word_1_480' title='bbox 1136 4431 1330 4490; x_wconf 82' lang='lat' dir='ltr'><strong>laudis</strong></span> <span class='ocrx_word' id='word_1_481' title='bbox 1361 4433 1478 4488; x_wconf 90' lang='lat' dir='ltr'><strong>Deo</strong></span> <span class='ocrx_word' id='word_1_482' title='bbox 1507 4432 1697 4506; x_wconf 76' lang='lat' dir='ltr'><strong>angeii</strong></span> <span class='ocrx_word' id='word_1_483' title='bbox 1743 4433 1954 4489; x_wconf 86' lang='lat' dir='ltr'><strong>merito</strong></span> <span class='ocrx_word' id='word_1_484' title='bbox 2001 4433 2341 4490; x_wconf 85' lang='lat' dir='ltr'><strong>cecinerunt</strong></span> <span class='ocrx_word' id='word_1_485' title='bbox 2369 4433 2429 4489; x_wconf 86' lang='lat' dir='ltr'><strong>in</strong></span> 
     </span>
    </p>
   </div>
   <div class='ocr_carea' id='block_1_76' title="bbox 780 4521 2428 4596">
    <p class='ocr_par' dir='ltr' id='par_1_76' title="bbox 780 4521 2428 4596">
     <span class='ocr_line' id='line_1_76' title="bbox 780 4521 2428 4596; baseline -0.001 -16"><span class='ocrx_word' id='word_1_486' title='bbox 780 4521 1043 4591; x_wconf 81' lang='lat' dir='ltr'><strong>excelsis,</strong></span> <span class='ocrx_word' id='word_1_487' title='bbox 1077 4522 1311 4596; x_wconf 89' lang='lat' dir='ltr'><strong>quando</strong></span> <span class='ocrx_word' id='word_1_488' title='bbox 1336 4538 1523 4594; x_wconf 88' lang='lat' dir='ltr'><strong>nuper</strong></span> <span class='ocrx_word' id='word_1_489' title='bbox 1545 4521 1886 4579; x_wconf 88' lang='lat' dir='ltr'><strong>hominibus</strong></span> <span class='ocrx_word' id='word_1_490' title='bbox 1914 4522 2079 4579; x_wconf 62' lang='lat' dir='ltr'><strong>bona;</strong></span> <span class='ocrx_word' id='word_1_491' title='bbox 2091 4521 2428 4588; x_wconf 88' lang='lat' dir='ltr'><strong>voluntatis,</strong></span> 
     </span>
    </p>
   </div>
   <div class='ocr_carea' id='block_1_77' title="bbox 780 4609 2432 4684">
    <p class='ocr_par' dir='ltr' id='par_1_77' title="bbox 780 4609 2432 4684">
     <span class='ocr_line' id='line_1_77' title="bbox 780 4609 2432 4684; baseline -0.001 -16"><span class='ocrx_word' id='word_1_492' title='bbox 780 4628 884 4684; x_wconf 90' lang='lat' dir='ltr'><strong>per</strong></span> <span class='ocrx_word' id='word_1_493' title='bbox 910 4615 1111 4669; x_wconf 66' lang='lat' dir='ltr'><strong>vestra</strong></span> <span class='ocrx_word' id='word_1_494' title='bbox 1143 4609 1561 4666; x_wconf 89' lang='lat' dir='ltr'><strong>sollicitudinis</strong></span> <span class='ocrx_word' id='word_1_495' title='bbox 1592 4626 1792 4666; x_wconf 88' lang='lat' dir='ltr'><strong>curam</strong></span> <span class='ocrx_word' id='word_1_496' title='bbox 1849 4609 1978 4683; x_wconf 89' lang='lat' dir='ltr'><strong>ipso</strong></span> <span class='ocrx_word' id='word_1_497' title='bbox 2029 4615 2268 4667; x_wconf 87' lang='lat' dir='ltr'><strong>auctore</strong></span> <span class='ocrx_word' id='word_1_498' title='bbox 2317 4612 2432 4667; x_wconf 87' lang='lat' dir='ltr'><strong>Deo</strong></span> 
     </span>
    </p>
   </div>
   <div class='ocr_carea' id='block_1_78' title="bbox 779 4698 2433 4774">
    <p class='ocr_par' dir='ltr' id='par_1_78' title="bbox 779 4698 2433 4774">
     <span class='ocr_line' id='line_1_78' title="bbox 779 4698 2433 4774; baseline -0.002 -16"><span class='ocrx_word' id='word_1_499' title='bbox 779 4705 1008 4758; x_wconf 85' lang='lat' dir='ltr'><strong>tantum</strong></span> <span class='ocrx_word' id='word_1_500' title='bbox 1042 4699 1206 4774; x_wconf 86' lang='lat' dir='ltr'><strong>pacis</strong></span> <span class='ocrx_word' id='word_1_501' title='bbox 1239 4699 1458 4756; x_wconf 74' lang='lat' dir='ltr'><strong>effulsit</strong></span> <span class='ocrx_word' id='word_1_502' title='bbox 1477 4699 1537 4754; x_wconf 89' lang='lat' dir='ltr'><strong>in</strong></span> <span class='ocrx_word' id='word_1_503' title='bbox 1569 4699 2066 4772; x_wconf 86' lang='lat' dir='ltr'><strong>terris.Siquidem</strong></span> <span class='ocrx_word' id='word_1_504' title='bbox 2080 4699 2260 4772; x_wconf 86' lang='lat' dir='ltr'><strong>hujus</strong></span> <span class='ocrx_word' id='word_1_505' title='bbox 2282 4698 2433 4756; x_wconf 83' lang='lat' dir='ltr'><strong>salu-</strong></span> 
     </span>
    </p>
   </div>
   <div class='ocr_carea' id='block_1_79' title="bbox 2451 3441 4214 3526">
    <p class='ocr_par' dir='ltr' id='par_1_79' title="bbox 2451 3441 4214 3526">
     <span class='ocr_line' id='line_1_79' title="bbox 2451 3441 4214 3526; baseline 0.001 -19"><span class='ocrx_word' id='word_1_506' title='bbox 2451 3441 2496 3507; x_wconf 83' lang='lat' dir='ltr'><strong>C</strong></span> <span class='ocrx_word' id='word_1_507' title='bbox 2531 3454 3130 3521; x_wconf 72' lang='lat' dir='ltr'><strong>coni.litionis,callidze</strong></span> <span class='ocrx_word' id='word_1_508' title='bbox 3146 3452 3470 3508; x_wconf 66' lang='lat' dir='ltr'><strong>acinimicze</strong></span> <span class='ocrx_word' id='word_1_509' title='bbox 3507 3451 4214 3526; x_wconf 81' lang='lat' dir='ltr'><strong>eorumtergiversationi</strong></span> 
     </span>
    </p>
   </div>
   <div class='ocr_carea' id='block_1_80' title="bbox 2533 3539 4214 3616">
    <p class='ocr_par' dir='ltr' id='par_1_80' title="bbox 2533 3539 4214 3616">
     <span class='ocr_line' id='line_1_80' title="bbox 2533 3539 4214 3616; baseline -0.002 -17"><span class='ocrx_word' id='word_1_510' title='bbox 2533 3543 2902 3616; x_wconf 68' lang='lat' dir='ltr'><strong>providentur</strong></span> <span class='ocrx_word' id='word_1_511' title='bbox 2924 3546 3124 3597; x_wconf 66' lang='lat' dir='ltr'><strong>vestra:</strong></span> <span class='ocrx_word' id='word_1_512' title='bbox 3157 3540 3423 3614; x_wconf 75' lang='lat' dir='ltr'><strong>clypeum</strong></span> <span class='ocrx_word' id='word_1_513' title='bbox 3457 3539 3758 3597; x_wconf 88' lang='lat' dir='ltr'><strong>humiliter</strong></span> <span class='ocrx_word' id='word_1_514' title='bbox 3801 3541 4082 3613; x_wconf 80' lang='lat' dir='ltr'><strong>petimus</strong></span> <span class='ocrx_word' id='word_1_515' title='bbox 4112 3562 4214 3616; x_wconf 83' lang='lat' dir='ltr'><strong>op-</strong></span> 
     </span>
    </p>
   </div>
   <div class='ocr_carea' id='block_1_81' title="bbox 2534 3629 4217 3703">
    <p class='ocr_par' dir='ltr' id='par_1_81' title="bbox 2534 3629 4217 3703">
     <span class='ocr_line' id='line_1_81' title="bbox 2534 3629 4217 3703; baseline 0.001 -19"><span class='ocrx_word' id='word_1_516' title='bbox 2534 3631 2692 3703; x_wconf 87' lang='lat' dir='ltr'><strong>poni,</strong></span> <span class='ocrx_word' id='word_1_517' title='bbox 2727 3647 2797 3686; x_wconf 93' lang='lat' dir='ltr'><strong>ne</strong></span> <span class='ocrx_word' id='word_1_518' title='bbox 2823 3630 3061 3702; x_wconf 89' lang='lat' dir='ltr'><strong>quidem</strong></span> <span class='ocrx_word' id='word_1_519' title='bbox 3095 3633 3216 3684; x_wconf 84' lang='lat' dir='ltr'><strong>arte</strong></span> <span class='ocrx_word' id='word_1_520' title='bbox 3266 3629 3524 3701; x_wconf 87' lang='lat' dir='ltr'><strong>maligna</strong></span> <span class='ocrx_word' id='word_1_521' title='bbox 3575 3632 3776 3684; x_wconf 87' lang='lat' dir='ltr'><strong>nostra</strong></span> <span class='ocrx_word' id='word_1_522' title='bbox 3808 3631 3978 3702; x_wconf 86' lang='lat' dir='ltr'><strong>apud</strong></span> <span class='ocrx_word' id='word_1_523' title='bbox 4017 3631 4217 3688; x_wconf 85' lang='lat' dir='ltr'><strong>Domi-</strong></span> 
     </span>
    </p>
   </div>
   <div class='ocr_carea' id='block_1_82' title="bbox 2533 3716 3736 3791">
    <p class='ocr_par' dir='ltr' id='par_1_82' title="bbox 2533 3716 3736 3791">
     <span class='ocr_line' id='line_1_82' title="bbox 2533 3716 3736 3791; baseline 0 -17"><span class='ocrx_word' id='word_1_524' title='bbox 2533 3737 2676 3774; x_wconf 87' lang='lat' dir='ltr'><strong>num</strong></span> <span class='ocrx_word' id='word_1_525' title='bbox 2710 3724 2974 3774; x_wconf 88' lang='lat' dir='ltr'><strong>nostrum</strong></span> <span class='ocrx_word' id='word_1_526' title='bbox 3007 3719 3192 3791; x_wconf 89' lang='lat' dir='ltr'><strong>possit</strong></span> <span class='ocrx_word' id='word_1_527' title='bbox 3221 3717 3348 3772; x_wconf 66' lang='lat' dir='ltr'><strong>laedi</strong></span> <span class='ocrx_word' id='word_1_528' title='bbox 3380 3716 3736 3774; x_wconf 85' lang='lat' dir='ltr'><strong>innocentia.</strong></span> 
     </span>
    </p>
   </div>
   <div class='ocr_carea' id='block_1_83' title="bbox 2606 3805 4223 3882">
    <p class='ocr_par' dir='ltr' id='par_1_83' title="bbox 2606 3805 4223 3882">
     <span class='ocr_line' id='line_1_83' title="bbox 2606 3805 4223 3882; baseline 0.002 -20"><span class='ocrx_word' id='word_1_529' title='bbox 2606 3807 2888 3862; x_wconf 67' lang='lat' dir='ltr'><strong>Caeterum</strong></span> <span class='ocrx_word' id='word_1_530' title='bbox 2921 3807 2977 3861; x_wconf 93' lang='lat' dir='ltr'><strong>in</strong></span> <span class='ocrx_word' id='word_1_531' title='bbox 3010 3805 3188 3878; x_wconf 86' lang='lat' dir='ltr'><strong>hujus</strong></span> <span class='ocrx_word' id='word_1_532' title='bbox 3205 3805 3496 3861; x_wconf 76' lang='lat' dir='ltr'><strong>schedula:</strong></span> <span class='ocrx_word' id='word_1_533' title='bbox 3509 3805 3956 3864; x_wconf 87' lang='lat' dir='ltr'><strong>calcenostram</strong></span> <span class='ocrx_word' id='word_1_534' title='bbox 3974 3825 4223 3882; x_wconf 83' lang='lat' dir='ltr'><strong>parum-</strong></span> 
     </span>
    </p>
   </div>
   <div class='ocr_carea' id='block_1_84' title="bbox 2537 3894 4220 3969">
    <p class='ocr_par' dir='ltr' id='par_1_84' title="bbox 2537 3894 4220 3969">
     <span class='ocr_line' id='line_1_84' title="bbox 2537 3894 4220 3969; baseline 0 -17"><span class='ocrx_word' id='word_1_535' title='bbox 2537 3914 2660 3969; x_wconf 91' lang='lat' dir='ltr'><strong>per,</strong></span> <span class='ocrx_word' id='word_1_536' title='bbox 2693 3911 3059 3968; x_wconf 72' lang='lat' dir='ltr'><strong>quazsumus,</strong></span> <span class='ocrx_word' id='word_1_537' title='bbox 3089 3894 3531 3950; x_wconf 85' lang='lat' dir='ltr'><strong>animadvertite</strong></span> <span class='ocrx_word' id='word_1_538' title='bbox 3561 3895 4220 3965; x_wconf 82' lang='lat' dir='ltr'><strong>commonitorium,et-</strong></span> 
     </span>
    </p>
   </div>
   <div class='ocr_carea' id='block_1_85' title="bbox 2537 3983 4222 4056">
    <p class='ocr_par' dir='ltr' id='par_1_85' title="bbox 2537 3983 4222 4056">
     <span class='ocr_line' id='line_1_85' title="bbox 2537 3983 4222 4056; baseline 0.001 -16"><span class='ocrx_word' id='word_1_539' title='bbox 2537 3985 2586 4042; x_wconf 91' lang='lat' dir='ltr'><strong>si</strong></span> <span class='ocrx_word' id='word_1_540' title='bbox 2623 3985 2819 4040; x_wconf 91' lang='lat' dir='ltr'><strong>minus</strong></span> <span class='ocrx_word' id='word_1_541' title='bbox 2850 3983 3193 4056; x_wconf 69' lang='lat' dir='ltr'><strong>eloquentiae</strong></span> <span class='ocrx_word' id='word_1_542' title='bbox 3227 3983 3398 4040; x_wconf 89' lang='lat' dir='ltr'><strong>melle</strong></span> <span class='ocrx_word' id='word_1_543' title='bbox 3445 3983 3741 4056; x_wconf 86' lang='lat' dir='ltr'><strong>sapidum.</strong></span> <span class='ocrx_word' id='word_1_544' title='bbox 3790 3983 4003 4043; x_wconf 87' lang='lat' dir='ltr'><strong>Nimio</strong></span> <span class='ocrx_word' id='word_1_545' title='bbox 4055 3989 4222 4044; x_wconf 88' lang='lat' dir='ltr'><strong>enim</strong></span> 
     </span>
    </p>
   </div>
   <div class='ocr_carea' id='block_1_86' title="bbox 2535 4071 4223 4144">
    <p class='ocr_par' dir='ltr' id='par_1_86' title="bbox 2535 4071 4223 4144">
     <span class='ocr_line' id='line_1_86' title="bbox 2535 4071 4223 4144; baseline 0.001 -16"><span class='ocrx_word' id='word_1_546' title='bbox 2535 4073 2711 4129; x_wconf 87' lang='lat' dir='ltr'><strong>vestri</strong></span> <span class='ocrx_word' id='word_1_547' title='bbox 2739 4073 2956 4128; x_wconf 89' lang='lat' dir='ltr'><strong>amoris</strong></span> <span class='ocrx_word' id='word_1_548' title='bbox 2989 4072 3121 4144; x_wconf 89' lang='lat' dir='ltr'><strong>igne</strong></span> <span class='ocrx_word' id='word_1_549' title='bbox 3151 4071 3612 4138; x_wconf 90' lang='lat' dir='ltr'><strong>succensi,dulce</strong></span> <span class='ocrx_word' id='word_1_550' title='bbox 3634 4071 3934 4130; x_wconf 80' lang='lat' dir='ltr'><strong>habemus</strong></span> <span class='ocrx_word' id='word_1_551' title='bbox 3948 4081 4223 4133; x_wconf 79' lang='lat' dir='ltr'><strong>vestram</strong></span> 
     </span>
    </p>
   </div>
   <div class='ocr_carea' id='block_1_87' title="bbox 2539 4160 4224 4234">
    <p class='ocr_par' dir='ltr' id='par_1_87' title="bbox 2539 4160 4224 4234">
     <span class='ocr_line' id='line_1_87' title="bbox 2539 4160 4224 4234; baseline 0.001 -17"><span class='ocrx_word' id='word_1_552' title='bbox 2539 4162 2761 4218; x_wconf 90' lang='lat' dir='ltr'><strong>diutius</strong></span> <span class='ocrx_word' id='word_1_553' title='bbox 2779 4161 3145 4217; x_wconf 88' lang='lat' dir='ltr'><strong>clementiam</strong></span> <span class='ocrx_word' id='word_1_554' title='bbox 3159 4160 3549 4234; x_wconf 85' lang='lat' dir='ltr'><strong>alfari.utpote</strong></span> <span class='ocrx_word' id='word_1_555' title='bbox 3565 4161 3656 4232; x_wconf 90' lang='lat' dir='ltr'><strong>cuj</strong></span> <span class='ocrx_word' id='word_1_556' title='bbox 3668 4161 4224 4232; x_wconf 66' lang='lat' dir='ltr'><strong>usjucundissima</strong></span> 
     </span>
    </p>
   </div>
   <div class='ocr_carea' id='block_1_88' title="bbox 2539 4248 4227 4323">
    <p class='ocr_par' dir='ltr' id='par_1_88' title="bbox 2539 4248 4227 4323">
     <span class='ocr_line' id='line_1_88' title="bbox 2539 4248 4227 4323; baseline 0.002 -17"><span class='ocrx_word' id='word_1_557' title='bbox 2539 4251 2831 4307; x_wconf 66' lang='lat' dir='ltr'><strong>memoriae</strong></span> <span class='ocrx_word' id='word_1_558' title='bbox 2862 4250 3122 4306; x_wconf 86' lang='lat' dir='ltr'><strong>suavitas</strong></span> <span class='ocrx_word' id='word_1_559' title='bbox 3151 4266 3220 4305; x_wconf 89' lang='lat' dir='ltr'><strong>ex</strong></span> <span class='ocrx_word' id='word_1_560' title='bbox 3245 4249 3434 4323; x_wconf 89' lang='lat' dir='ltr'><strong>primo</strong></span> <span class='ocrx_word' id='word_1_561' title='bbox 3460 4248 3813 4322; x_wconf 87' lang='lat' dir='ltr'><strong>cognitionis</strong></span> <span class='ocrx_word' id='word_1_562' title='bbox 3825 4257 4060 4309; x_wconf 59' lang='lat' dir='ltr'><strong>nostra;</strong></span> <span class='ocrx_word' id='word_1_563' title='bbox 4079 4259 4227 4309; x_wconf 85' lang='lat' dir='ltr'><strong>tem-</strong></span> 
     </span>
    </p>
   </div>
   <div class='ocr_carea' id='block_1_89' title="bbox 2539 4337 4227 4415">
    <p class='ocr_par' dir='ltr' id='par_1_89' title="bbox 2539 4337 4227 4415">
     <span class='ocr_line' id='line_1_89' title="bbox 2539 4337 4227 4415; baseline 0 -19"><span class='ocrx_word' id='word_1_564' title='bbox 2539 4357 2677 4412; x_wconf 89' lang='lat' dir='ltr'><strong>pore</strong></span> <span class='ocrx_word' id='word_1_565' title='bbox 2707 4357 2741 4396; x_wconf 91' lang='lat' dir='ltr'><strong>a</strong></span> <span class='ocrx_word' id='word_1_566' title='bbox 2773 4338 2974 4395; x_wconf 85' lang='lat' dir='ltr'><strong>tabula</strong></span> <span class='ocrx_word' id='word_1_567' title='bbox 3021 4337 3214 4395; x_wconf 88' lang='lat' dir='ltr'><strong>cordis</strong></span> <span class='ocrx_word' id='word_1_568' title='bbox 3260 4338 3445 4394; x_wconf 88' lang='lat' dir='ltr'><strong>nostri</strong></span> <span class='ocrx_word' id='word_1_569' title='bbox 3489 4337 3654 4394; x_wconf 91' lang='lat' dir='ltr'><strong>nullo</strong></span> <span class='ocrx_word' id='word_1_570' title='bbox 3701 4337 4037 4399; x_wconf 82' lang='lat' dir='ltr'><strong>oblivionis</strong></span> <span class='ocrx_word' id='word_1_571' title='bbox 4068 4342 4227 4415; x_wconf 72' lang='lat' dir='ltr'><strong>style</strong></span> 
     </span>
    </p>
   </div>
   <div class='ocr_carea' id='block_1_90' title="bbox 2541 4427 4224 4504">
    <p class='ocr_par' dir='ltr' id='par_1_90' title="bbox 2541 4427 4224 4504">
     <span class='ocr_line' id='line_1_90' title="bbox 2541 4427 4224 4504; baseline 0.002 -21"><span class='ocrx_word' id='word_1_572' title='bbox 2541 4428 2728 4501; x_wconf 85' lang='lat' dir='ltr'><strong>potuit</strong></span> <span class='ocrx_word' id='word_1_573' title='bbox 2757 4427 3498 4498; x_wconf 83' lang='lat' dir='ltr'><strong>aboleri.Congratulamur</strong></span> <span class='ocrx_word' id='word_1_574' title='bbox 3525 4442 3740 4499; x_wconf 85' lang='lat' dir='ltr'><strong>nempe</strong></span> <span class='ocrx_word' id='word_1_575' title='bbox 3767 4428 3858 4482; x_wconf 89' lang='lat' dir='ltr'><strong>sic</strong></span> <span class='ocrx_word' id='word_1_576' title='bbox 3888 4431 4224 4504; x_wconf 68' lang='lat' dir='ltr'><strong>temporali</strong></span> 
     </span>
    </p>
   </div>
   <div class='ocr_carea' id='block_1_91' title="bbox 2539 4513 4224 4587">
    <p class='ocr_par' dir='ltr' id='par_1_91' title="bbox 2539 4513 4224 4587">
     <span class='ocr_line' id='line_1_91' title="bbox 2539 4513 4224 4587; baseline 0.001 -15"><span class='ocrx_word' id='word_1_577' title='bbox 2539 4519 2741 4572; x_wconf 64' lang='lat' dir='ltr'><strong>vestra:</strong></span> <span class='ocrx_word' id='word_1_578' title='bbox 2771 4513 3057 4587; x_wconf 67' lang='lat' dir='ltr'><strong>glorias,ut</strong></span> <span class='ocrx_word' id='word_1_579' title='bbox 3071 4513 3265 4587; x_wconf 90' lang='lat' dir='ltr'><strong>potius</strong></span> <span class='ocrx_word' id='word_1_580' title='bbox 3295 4519 3564 4586; x_wconf 89' lang='lat' dir='ltr'><strong>optemus</strong></span> <span class='ocrx_word' id='word_1_581' title='bbox 3585 4532 3689 4570; x_wconf 89' lang='lat' dir='ltr'><strong>vos</strong></span> <span class='ocrx_word' id='word_1_582' title='bbox 3701 4516 3902 4573; x_wconf 87' lang='lat' dir='ltr'><strong>modis</strong></span> <span class='ocrx_word' id='word_1_583' title='bbox 3925 4520 4224 4576; x_wconf 81' lang='lat' dir='ltr'><strong>omnibus</strong></span> 
     </span>
    </p>
   </div>
   <div class='ocr_carea' id='block_1_92' title="bbox 2539 4603 4225 4681">
    <p class='ocr_par' dir='ltr' id='par_1_92' title="bbox 2539 4603 4225 4681">
     <span class='ocr_line' id='line_1_92' title="bbox 2539 4603 4225 4681; baseline -0.001 -19"><span class='ocrx_word' id='word_1_584' title='bbox 2539 4603 2724 4677; x_wconf 84' lang='lat' dir='ltr'><strong>aptari</strong></span> <span class='ocrx_word' id='word_1_585' title='bbox 2751 4603 3112 4660; x_wconf 91' lang='lat' dir='ltr'><strong>beatitudine</strong></span> <span class='ocrx_word' id='word_1_586' title='bbox 3142 4607 3456 4675; x_wconf 69' lang='lat' dir='ltr'><strong>perpetuis.</strong></span> <span class='ocrx_word' id='word_1_587' title='bbox 3488 4603 3652 4668; x_wconf 86' lang='lat' dir='ltr'><strong>Quod</strong></span> <span class='ocrx_word' id='word_1_588' title='bbox 3708 4607 3856 4660; x_wconf 90' lang='lat' dir='ltr'><strong>tunc</strong></span> <span class='ocrx_word' id='word_1_589' title='bbox 3907 4605 4106 4681; x_wconf 85' lang='lat' dir='ltr'><strong>digne</strong></span> <span class='ocrx_word' id='word_1_590' title='bbox 4147 4609 4225 4663; x_wconf 85' lang='lat' dir='ltr'><strong>de</strong></span> 
     </span>
    </p>
   </div>
   <div class='ocr_carea' id='block_1_93' title="bbox 2537 4691 4226 4764">
    <p class='ocr_par' dir='ltr' id='par_1_93' title="bbox 2537 4691 4226 4764">
     <span class='ocr_line' id='line_1_93' title="bbox 2537 4691 4226 4764; baseline 0.002 -16"><span class='ocrx_word' id='word_1_591' title='bbox 2537 4692 2704 4749; x_wconf 84' lang='lat' dir='ltr'><strong>vobis</strong></span> <span class='ocrx_word' id='word_1_592' title='bbox 2733 4691 2858 4748; x_wconf 81' lang='lat' dir='ltr'><strong>fieri</strong></span> <span class='ocrx_word' id='word_1_593' title='bbox 2891 4691 3159 4764; x_wconf 89' lang='lat' dir='ltr'><strong>potest,si</strong></span> <span class='ocrx_word' id='word_1_594' title='bbox 3191 4691 3499 4763; x_wconf 83' lang='lat' dir='ltr'><strong>dignitatis</strong></span> <span class='ocrx_word' id='word_1_595' title='bbox 3531 4695 3732 4748; x_wconf 69' lang='lat' dir='ltr'><strong>vestrae</strong></span> <span class='ocrx_word' id='word_1_596' title='bbox 3765 4692 4052 4753; x_wconf 78' lang='lat' dir='ltr'><strong>ofﬁcium</strong></span> <span class='ocrx_word' id='word_1_597' title='bbox 4085 4697 4226 4752; x_wconf 79' lang='lat' dir='ltr'><strong>dili-</strong></span> 
     </span>
    </p>
   </div>
   <div class='ocr_carea' id='block_1_94' title="bbox 779 4778 4226 4872">
    <p class='ocr_par' dir='ltr' id='par_1_94' title="bbox 779 4778 4226 4872">
     <span class='ocr_line' id='line_1_94' title="bbox 779 4778 4226 4872; baseline -0.003 -26"><span class='ocrx_word' id='word_1_598' title='bbox 779 4790 958 4847; x_wconf 71' lang='lat' dir='ltr'><strong>tiferae</strong></span> <span class='ocrx_word' id='word_1_599' title='bbox 987 4789 1149 4862; x_wconf 89' lang='lat' dir='ltr'><strong>pacis</strong></span> <span class='ocrx_word' id='word_1_600' title='bbox 1179 4789 1400 4844; x_wconf 91' lang='lat' dir='ltr'><strong>donum</strong></span> <span class='ocrx_word' id='word_1_601' title='bbox 1431 4805 1568 4844; x_wconf 91' lang='lat' dir='ltr'><strong>cum</strong></span> <span class='ocrx_word' id='word_1_602' title='bbox 1602 4787 1892 4844; x_wconf 86' lang='lat' dir='ltr'><strong>universis</strong></span> <span class='ocrx_word' id='word_1_603' title='bbox 1940 4805 2044 4860; x_wconf 91' lang='lat' dir='ltr'><strong>spe</strong></span> <span class='ocrx_word' id='word_1_604' title='bbox 2075 4789 2147 4843; x_wconf 92' lang='lat' dir='ltr'><strong>ad</strong></span> <span class='ocrx_word' id='word_1_605' title='bbox 2178 4805 2433 4860; x_wconf 90' lang='lat' dir='ltr'><strong>superna</strong></span> <span class='ocrx_word' id='word_1_606' title='bbox 2460 4807 2509 4872; x_wconf 81' lang='lat' dir='ltr'><strong>D</strong></span> <span class='ocrx_word' id='word_1_607' title='bbox 2539 4779 3144 4872; x_wconf 66' lang='lat' dir='ltr'><strong>gentenattenditiszsi</strong></span> <span class='ocrx_word' id='word_1_608' title='bbox 3178 4778 3410 4872; x_wconf 78' lang='lat' dir='ltr'><strong>qualem</strong></span> <span class='ocrx_word' id='word_1_609' title='bbox 3424 4778 3765 4872; x_wconf 82' lang='lat' dir='ltr'><strong>episcopum</strong></span> <span class='ocrx_word' id='word_1_610' title='bbox 3778 4787 4070 4854; x_wconf 78' lang='lat' dir='ltr'><strong>oporteat</strong></span> <span class='ocrx_word' id='word_1_611' title='bbox 4090 4803 4226 4842; x_wconf 79' lang='lat' dir='ltr'><strong>esse</strong></span> 
     </span>
    </p>
   </div>
   <div class='ocr_carea' id='block_1_95' title="bbox 779 4877 2432 4951">
    <p class='ocr_par' dir='ltr' id='par_1_95' title="bbox 779 4877 2432 4951">
     <span class='ocr_line' id='line_1_95' title="bbox 779 4877 2432 4951; baseline -0.001 -16"><span class='ocrx_word' id='word_1_612' title='bbox 779 4877 1158 4935; x_wconf 88' lang='lat' dir='ltr'><strong>tendentibus</strong></span> <span class='ocrx_word' id='word_1_613' title='bbox 1186 4877 1334 4933; x_wconf 88' lang='lat' dir='ltr'><strong>votis</strong></span> <span class='ocrx_word' id='word_1_614' title='bbox 1365 4877 1644 4933; x_wconf 86' lang='lat' dir='ltr'><strong>omnibus</strong></span> <span class='ocrx_word' id='word_1_615' title='bbox 1675 4877 1750 4933; x_wconf 86' lang='lat' dir='ltr'><strong>sit</strong></span> <span class='ocrx_word' id='word_1_616' title='bbox 1779 4877 2432 4951; x_wconf 87' lang='lat' dir='ltr'><strong>adoptandum,specia-</strong></span> 
     </span>
    </p>
   </div>
   <div class='ocr_carea' id='block_1_96' title="bbox 781 4964 2436 5036">
    <p class='ocr_par' dir='ltr' id='par_1_96' title="bbox 781 4964 2436 5036">
     <span class='ocr_line' id='line_1_96' title="bbox 781 4964 2436 5036; baseline 0.001 -16"><span class='ocrx_word' id='word_1_617' title='bbox 781 4965 896 5030; x_wconf 88' lang='lat' dir='ltr'><strong>lius</strong></span> <span class='ocrx_word' id='word_1_618' title='bbox 926 4970 1121 5022; x_wconf 86' lang='lat' dir='ltr'><strong>tamen</strong></span> <span class='ocrx_word' id='word_1_619' title='bbox 1142 4965 1356 5021; x_wconf 88' lang='lat' dir='ltr'><strong>Christi</strong></span> <span class='ocrx_word' id='word_1_620' title='bbox 1377 4966 1925 5035; x_wconf 63' lang='lat' dir='ltr'><strong>sacerdotibusmon</strong></span> <span class='ocrx_word' id='word_1_621' title='bbox 1940 4965 2113 5020; x_wconf 90' lang='lat' dir='ltr'><strong>modo</strong></span> <span class='ocrx_word' id='word_1_622' title='bbox 2135 4964 2436 5036; x_wconf 81' lang='lat' dir='ltr'><strong>inquiren-</strong></span> 
     </span>
    </p>
   </div>
   <div class='ocr_carea' id='block_1_97' title="bbox 782 5053 2435 5127">
    <p class='ocr_par' dir='ltr' id='par_1_97' title="bbox 782 5053 2435 5127">
     <span class='ocr_line' id='line_1_97' title="bbox 782 5053 2435 5127; baseline 0 -16"><span class='ocrx_word' id='word_1_623' title='bbox 782 5055 1152 5122; x_wconf 88' lang='lat' dir='ltr'><strong>dum,verum</strong></span> <span class='ocrx_word' id='word_1_624' title='bbox 1176 5055 1345 5124; x_wconf 82' lang='lat' dir='ltr'><strong>juxta</strong></span> <span class='ocrx_word' id='word_1_625' title='bbox 1375 5055 1695 5110; x_wconf 67' lang='lat' dir='ltr'><strong>Psalmiste</strong></span> <span class='ocrx_word' id='word_1_626' title='bbox 1711 5070 1908 5111; x_wconf 90' lang='lat' dir='ltr'><strong>vocem</strong></span> <span class='ocrx_word' id='word_1_627' title='bbox 1925 5071 2040 5127; x_wconf 65' lang='lat' dir='ltr'><strong>prae</strong></span> <span class='ocrx_word' id='word_1_628' title='bbox 2052 5053 2326 5110; x_wconf 90' lang='lat' dir='ltr'><strong>omnibus</strong></span> <span class='ocrx_word' id='word_1_629' title='bbox 2343 5059 2435 5111; x_wconf 85' lang='lat' dir='ltr'><strong>est</strong></span> 
     </span>
    </p>
   </div>
   <div class='ocr_carea' id='block_1_98' title="bbox 782 5142 2429 5216">
    <p class='ocr_par' dir='ltr' id='par_1_98' title="bbox 782 5142 2429 5216">
     <span class='ocr_line' id='line_1_98' title="bbox 782 5142 2429 5216; baseline 0.001 -18"><span class='ocrx_word' id='word_1_630' title='bbox 782 5142 1254 5216; x_wconf 88' lang='lat' dir='ltr'><strong>persequendum</strong></span> <span class='ocrx_word' id='word_1_631' title='bbox 1289 5159 1303 5198; x_wconf 89' lang='lat'>:</span> <span class='ocrx_word' id='word_1_632' title='bbox 1337 5143 1575 5215; x_wconf 84' lang='lat' dir='ltr'><strong>lnquire,</strong></span> <span class='ocrx_word' id='word_1_633' title='bbox 1607 5143 1822 5216; x_wconf 90' lang='lat' dir='ltr'><strong>inquit,</strong></span> <span class='ocrx_word' id='word_1_634' title='bbox 1851 5160 2042 5216; x_wconf 69' lang='lat' dir='ltr'><strong>pacm</strong></span> <span class='ocrx_word' id='word_1_635' title='bbox 2068 5148 2120 5199; x_wconf 90' lang='lat' dir='ltr'><strong>et</strong></span> <span class='ocrx_word' id='word_1_636' title='bbox 2145 5159 2429 5216; x_wconf 78' lang='lat' dir='ltr'><strong>perseque-</strong></span> 
     </span>
    </p>
   </div>
   <div class='ocr_carea' id='block_1_99' title="bbox 784 5228 2436 5304">
    <p class='ocr_par' dir='ltr' id='par_1_99' title="bbox 784 5228 2436 5304">
     <span class='ocr_line' id='line_1_99' title="bbox 784 5228 2436 5304; baseline -0.001 -17"><span class='ocrx_word' id='word_1_637' title='bbox 784 5247 843 5287; x_wconf 86' lang='lat' dir='ltr'><strong>re</strong></span> <span class='ocrx_word' id='word_1_638' title='bbox 870 5247 1010 5286; x_wconf 88' lang='lat' dir='ltr'><strong>eam.</strong></span> <span class='ocrx_word' id='word_1_639' title='bbox 1039 5229 1220 5300; x_wconf 89' lang='lat' dir='ltr'><strong>Cujus</strong></span> <span class='ocrx_word' id='word_1_640' title='bbox 1244 5228 1326 5285; x_wconf 90' lang='lat' dir='ltr'><strong>rei</strong></span> <span class='ocrx_word' id='word_1_641' title='bbox 1356 5246 1471 5286; x_wconf 90' lang='lat' dir='ltr'><strong>non</strong></span> <span class='ocrx_word' id='word_1_642' title='bbox 1491 5230 1804 5289; x_wconf 90' lang='lat' dir='ltr'><strong>immemor</strong></span> <span class='ocrx_word' id='word_1_643' title='bbox 1826 5230 2140 5304; x_wconf 73' lang='lat' dir='ltr'><strong>Apostolus</strong></span> <span class='ocrx_word' id='word_1_644' title='bbox 2172 5232 2253 5287; x_wconf 87' lang='lat' dir='ltr'><strong>ait</strong></span> <span class='ocrx_word' id='word_1_645' title='bbox 2284 5249 2298 5287; x_wconf 92' lang='lat'><strong>:</strong></span> <span class='ocrx_word' id='word_1_646' title='bbox 2331 5231 2436 5286; x_wconf 81' lang='lat' dir='ltr'><strong>Pa-</strong></span> 
     </span>
    </p>
   </div>
   <div class='ocr_carea' id='block_1_100' title="bbox 783 5316 2432 5393">
    <p class='ocr_par' dir='ltr' id='par_1_100' title="bbox 783 5316 2432 5393">
     <span class='ocr_line' id='line_1_100' title="bbox 783 5316 2432 5393; baseline 0.001 -18"><span class='ocrx_word' id='word_1_647' title='bbox 783 5335 910 5376; x_wconf 88' lang='lat' dir='ltr'><strong>cem</strong></span> <span class='ocrx_word' id='word_1_648' title='bbox 941 5321 999 5374; x_wconf 91' lang='lat' dir='ltr'><strong>et</strong></span> <span class='ocrx_word' id='word_1_649' title='bbox 1027 5316 1471 5377; x_wconf 83' lang='lat' dir='ltr'><strong>sanctimoniam</strong></span> <span class='ocrx_word' id='word_1_650' title='bbox 1505 5320 1843 5393; x_wconf 88' lang='lat' dir='ltr'><strong>sequimini,</strong></span> <span class='ocrx_word' id='word_1_651' title='bbox 1903 5320 2030 5378; x_wconf 88' lang='lat' dir='ltr'><strong>sine</strong></span> <span class='ocrx_word' id='word_1_652' title='bbox 2085 5337 2204 5393; x_wconf 90' lang='lat' dir='ltr'><strong>qua</strong></span> <span class='ocrx_word' id='word_1_653' title='bbox 2259 5337 2432 5378; x_wconf 88' lang='lat' dir='ltr'><strong>nemo</strong></span> 
     </span>
    </p>
   </div>
   <div class='ocr_carea' id='block_1_101' title="bbox 783 5405 2431 5464">
    <p class='ocr_par' dir='ltr' id='par_1_101' title="bbox 783 5405 2431 5464">
     <span class='ocr_line' id='line_1_101' title="bbox 783 5405 2431 5464; baseline 0.002 -3"><span class='ocrx_word' id='word_1_654' title='bbox 783 5405 1006 5461; x_wconf 85' lang='lat' dir='ltr'><strong>videbit</strong></span> <span class='ocrx_word' id='word_1_655' title='bbox 1037 5405 1236 5462; x_wconf 88' lang='lat' dir='ltr'><strong>Deum.</strong></span> <span class='ocrx_word' id='word_1_656' title='bbox 1267 5407 1379 5464; x_wconf 81' lang='lat' dir='ltr'><strong>Sed</strong></span> <span class='ocrx_word' id='word_1_657' title='bbox 1431 5413 1488 5464; x_wconf 89' lang='lat' dir='ltr'><strong>et</strong></span> <span class='ocrx_word' id='word_1_658' title='bbox 1519 5408 1809 5464; x_wconf 86' lang='lat' dir='ltr'><strong>mediator</strong></span> <span class='ocrx_word' id='word_1_659' title='bbox 1865 5407 1962 5463; x_wconf 91' lang='lat' dir='ltr'><strong>Dei</strong></span> <span class='ocrx_word' id='word_1_660' title='bbox 2019 5413 2076 5464; x_wconf 87' lang='lat' dir='ltr'><strong>et</strong></span> <span class='ocrx_word' id='word_1_661' title='bbox 2121 5407 2431 5464; x_wconf 89' lang='lat' dir='ltr'><strong>hominum</strong></span> 
     </span>
    </p>
   </div>
   <div class='ocr_carea' id='block_1_102' title="bbox 783 5492 2436 5569">
    <p class='ocr_par' dir='ltr' id='par_1_102' title="bbox 783 5492 2436 5569">
     <span class='ocr_line' id='line_1_102' title="bbox 783 5492 2436 5569; baseline 0.001 -17"><span class='ocrx_word' id='word_1_662' title='bbox 783 5495 960 5552; x_wconf 92' lang='lat' dir='ltr'><strong>homo</strong></span> <span class='ocrx_word' id='word_1_663' title='bbox 989 5492 1256 5550; x_wconf 87' lang='lat' dir='ltr'><strong>Christus</strong></span> <span class='ocrx_word' id='word_1_664' title='bbox 1283 5494 1478 5563; x_wconf 87' lang='lat' dir='ltr'><strong>Jesus,</strong></span> <span class='ocrx_word' id='word_1_665' title='bbox 1513 5498 1748 5568; x_wconf 82' lang='lat' dir='ltr'><strong>peracta</strong></span> <span class='ocrx_word' id='word_1_666' title='bbox 1776 5495 1967 5550; x_wconf 87' lang='lat' dir='ltr'><strong>carnis</strong></span> <span class='ocrx_word' id='word_1_667' title='bbox 1997 5495 2436 5569; x_wconf 81' lang='lat' dir='ltr'><strong>dispensatione</strong></span> 
     </span>
    </p>
   </div>
   <div class='ocr_carea' id='block_1_103' title="bbox 783 5579 2432 5653">
    <p class='ocr_par' dir='ltr' id='par_1_103' title="bbox 783 5579 2432 5653">
     <span class='ocr_line' id='line_1_103' title="bbox 783 5579 2432 5653; baseline 0 -13"><span class='ocrx_word' id='word_1_668' title='bbox 783 5583 856 5640; x_wconf 92' lang='lat' dir='ltr'><strong>ad</strong></span> <span class='ocrx_word' id='word_1_669' title='bbox 887 5582 1116 5640; x_wconf 84' lang='lat' dir='ltr'><strong>Patrem</strong></span> <span class='ocrx_word' id='word_1_670' title='bbox 1149 5599 1436 5652; x_wconf 89' lang='lat' dir='ltr'><strong>reversus,</strong></span> <span class='ocrx_word' id='word_1_671' title='bbox 1468 5583 1620 5638; x_wconf 88' lang='lat' dir='ltr'><strong>hanc</strong></span> <span class='ocrx_word' id='word_1_672' title='bbox 1650 5579 1954 5653; x_wconf 88' lang='lat' dir='ltr'><strong>discipulis</strong></span> <span class='ocrx_word' id='word_1_673' title='bbox 1981 5583 2106 5640; x_wconf 87' lang='lat' dir='ltr'><strong>suis</strong></span> <span class='ocrx_word' id='word_1_674' title='bbox 2135 5601 2432 5642; x_wconf 79' lang='lat' dir='ltr'><strong>commen-</strong></span> 
     </span>
    </p>
   </div>
   <div class='ocr_carea' id='block_1_104' title="bbox 782 5668 2436 5746">
    <p class='ocr_par' dir='ltr' id='par_1_104' title="bbox 782 5668 2436 5746">
     <span class='ocr_line' id='line_1_104' title="bbox 782 5668 2436 5746; baseline -0.001 -17"><span class='ocrx_word' id='word_1_675' title='bbox 782 5673 940 5729; x_wconf 89' lang='lat' dir='ltr'><strong>davit</strong></span> <span class='ocrx_word' id='word_1_676' title='bbox 963 5673 1264 5740; x_wconf 87' lang='lat' dir='ltr'><strong>attentius,</strong></span> <span class='ocrx_word' id='word_1_677' title='bbox 1297 5675 1590 5744; x_wconf 87' lang='lat' dir='ltr'><strong>quatenus</strong></span> <span class='ocrx_word' id='word_1_678' title='bbox 1621 5668 1960 5727; x_wconf 89' lang='lat' dir='ltr'><strong>dulcissimo</strong></span> <span class='ocrx_word' id='word_1_679' title='bbox 1983 5671 2320 5744; x_wconf 65' lang='lat' dir='ltr'><strong>huiusmodi</strong></span> <span class='ocrx_word' id='word_1_680' title='bbox 2351 5673 2436 5746; x_wconf 85' lang='lat' dir='ltr'><strong>pi-</strong></span> 
     </span>
    </p>
   </div>
   <div class='ocr_carea' id='block_1_105' title="bbox 788 5747 2433 5834">
    <p class='ocr_par' dir='ltr' id='par_1_105' title="bbox 788 5747 2433 5834">
     <span class='ocr_line' id='line_1_105' title="bbox 788 5747 2433 5834; baseline 0.001 -16"><span class='ocrx_word' id='word_1_681' title='bbox 788 5775 968 5834; x_wconf 83' lang='lat' dir='ltr'><strong>gnore</strong></span> <span class='ocrx_word' id='word_1_682' title='bbox 995 5757 1159 5817; x_wconf 85' lang='lat' dir='ltr'><strong>velut</strong></span> <span class='ocrx_word' id='word_1_683' title='bbox 1183 5759 1393 5814; x_wconf 87' lang='lat' dir='ltr'><strong>ultimo</strong></span> <span class='ocrx_word' id='word_1_684' title='bbox 1418 5756 1548 5814; x_wconf 88' lang='lat' dir='ltr'><strong>vale</strong></span> <span class='ocrx_word' id='word_1_685' title='bbox 1575 5757 1854 5814; x_wconf 87' lang='lat' dir='ltr'><strong>divinitus</strong></span> <span class='ocrx_word' id='word_1_686' title='bbox 1900 5758 2201 5826; x_wconf 84' lang='lat' dir='ltr'><strong>consolati,</strong></span> <span class='ocrx_word' id='word_1_687' title='bbox 2230 5747 2290 5817; x_wconf 80' lang='lat' dir='ltr'><strong>in</strong></span> <span class='ocrx_word' id='word_1_688' title='bbox 2319 5777 2433 5819; x_wconf 74' lang='lat' dir='ltr'><strong>cm-</strong></span> 
     </span>
    </p>
   </div>
   <div class='ocr_carea' id='block_1_106' title="bbox 789 5845 2438 5922">
    <p class='ocr_par' dir='ltr' id='par_1_106' title="bbox 789 5845 2438 5922">
     <span class='ocr_line' id='line_1_106' title="bbox 789 5845 2438 5922; baseline 0.002 -16"><span class='ocrx_word' id='word_1_689' title='bbox 789 5847 929 5912; x_wconf 83' lang='lat' dir='ltr'><strong>lssti</strong></span> <span class='ocrx_word' id='word_1_690' title='bbox 951 5845 1435 5920; x_wconf 66' lang='lat' dir='ltr'><strong>Jerusalem,qun</strong></span> <span class='ocrx_word' id='word_1_691' title='bbox 1464 5845 1878 5921; x_wconf 85' lang='lat' dir='ltr'><strong>interpretatur</strong></span> <span class='ocrx_word' id='word_1_692' title='bbox 1903 5847 2039 5903; x_wconf 75' lang='lat' dir='ltr'><strong>visio</strong></span> <span class='ocrx_word' id='word_1_693' title='bbox 2052 5849 2226 5921; x_wconf 81' lang='lat' dir='ltr'><strong>pacis,</strong></span> <span class='ocrx_word' id='word_1_694' title='bbox 2247 5847 2438 5922; x_wconf 77' lang='lat' dir='ltr'><strong>ipsius</strong></span> 
     </span>
    </p>
   </div>
   <div class='ocr_carea' id='block_1_107' title="bbox 2541 4867 4224 4946">
    <p class='ocr_par' dir='ltr' id='par_1_107' title="bbox 2541 4867 4224 4946">
     <span class='ocr_line' id='line_1_107' title="bbox 2541 4867 4224 4946; baseline -0.007 -17"><span class='ocrx_word' id='word_1_695' title='bbox 2541 4869 2860 4944; x_wconf 84' lang='lat' dir='ltr'><strong>apostolica</strong></span> <span class='ocrx_word' id='word_1_696' title='bbox 2887 4868 3152 4935; x_wconf 84' lang='lat' dir='ltr'><strong>lectione,</strong></span> <span class='ocrx_word' id='word_1_697' title='bbox 3185 4867 3344 4940; x_wconf 86' lang='lat' dir='ltr'><strong>vigili</strong></span> <span class='ocrx_word' id='word_1_698' title='bbox 3387 4869 3763 4926; x_wconf 86' lang='lat' dir='ltr'><strong>meditatione</strong></span> <span class='ocrx_word' id='word_1_699' title='bbox 3812 4873 4224 4946; x_wconf 61' lang='lat' dir='ltr'><strong>perquirius;</strong></span> 
     </span>
    </p>
   </div>
   <div class='ocr_carea' id='block_1_108' title="bbox 2541 4955 4226 5037">
    <p class='ocr_par' dir='ltr' id='par_1_108' title="bbox 2541 4955 4226 5037">
     <span class='ocr_line' id='line_1_108' title="bbox 2541 4955 4226 5037; baseline 0.001 -19"><span class='ocrx_word' id='word_1_700' title='bbox 2541 4961 2592 5018; x_wconf 87' lang='lat' dir='ltr'><strong>si</strong></span> <span class='ocrx_word' id='word_1_701' title='bbox 2622 4962 2682 5016; x_wconf 92' lang='lat' dir='ltr'><strong>in</strong></span> <span class='ocrx_word' id='word_1_702' title='bbox 2713 4957 2956 5024; x_wconf 90' lang='lat' dir='ltr'><strong>mundo,</strong></span> <span class='ocrx_word' id='word_1_703' title='bbox 2987 4956 3090 5029; x_wconf 90' lang='lat' dir='ltr'><strong>qui</strong></span> <span class='ocrx_word' id='word_1_704' title='bbox 3114 4955 3174 5012; x_wconf 92' lang='lat' dir='ltr'><strong>in</strong></span> <span class='ocrx_word' id='word_1_705' title='bbox 3208 4955 3467 5029; x_wconf 86' lang='lat' dir='ltr'><strong>maligno</strong></span> <span class='ocrx_word' id='word_1_706' title='bbox 3498 4957 3725 5030; x_wconf 88' lang='lat' dir='ltr'><strong>positus</strong></span> <span class='ocrx_word' id='word_1_707' title='bbox 3763 4964 3882 5028; x_wconf 86' lang='lat' dir='ltr'><strong>est,</strong></span> <span class='ocrx_word' id='word_1_708' title='bbox 3947 4963 4226 5037; x_wconf 69' lang='lat' dir='ltr'><strong>corporis</strong></span> 
     </span>
    </p>
   </div>
   <div class='ocr_carea' id='block_1_109' title="bbox 2541 5045 4228 5110">
    <p class='ocr_par' dir='ltr' id='par_1_109' title="bbox 2541 5045 4228 5110">
     <span class='ocr_line' id='line_1_109' title="bbox 2541 5045 4228 5110; baseline 0 -5"><span class='ocrx_word' id='word_1_709' title='bbox 2541 5050 2683 5106; x_wconf 86' lang='lat' dir='ltr'><strong>estis</strong></span> <span class='ocrx_word' id='word_1_710' title='bbox 2704 5045 3138 5110; x_wconf 86' lang='lat' dir='ltr'><strong>necessitate,in</strong></span> <span class='ocrx_word' id='word_1_711' title='bbox 3175 5045 3509 5103; x_wconf 74' lang='lat' dir='ltr'><strong>cmlestibus</strong></span> <span class='ocrx_word' id='word_1_712' title='bbox 3535 5050 3733 5104; x_wconf 88' lang='lat' dir='ltr'><strong>autem</strong></span> <span class='ocrx_word' id='word_1_713' title='bbox 3759 5051 4228 5109; x_wconf 57' lang='grc' dir='ltr'><strong>ωηιξηνωὶιή</strong></span> 
     </span>
    </p>
   </div>
   <div class='ocr_carea' id='block_1_110' title="bbox 2541 5133 4230 5215">
    <p class='ocr_par' dir='ltr' id='par_1_110' title="bbox 2541 5133 4230 5215">
     <span class='ocr_line' id='line_1_110' title="bbox 2541 5133 4230 5215; baseline 0 -21"><span class='ocrx_word' id='word_1_714' title='bbox 2541 5139 2756 5195; x_wconf 90' lang='lat' dir='ltr'><strong>mentis</strong></span> <span class='ocrx_word' id='word_1_715' title='bbox 2785 5133 3294 5206; x_wconf 80' lang='lat' dir='ltr'><strong>contemplatione,</strong></span> <span class='ocrx_word' id='word_1_716' title='bbox 3330 5140 3394 5190; x_wconf 86' lang='lat' dir='ltr'><strong>ut</strong></span> <span class='ocrx_word' id='word_1_717' title='bbox 3451 5135 3689 5208; x_wconf 90' lang='lat' dir='ltr'><strong>possitis</strong></span> <span class='ocrx_word' id='word_1_718' title='bbox 3735 5135 3892 5192; x_wconf 90' lang='lat' dir='ltr'><strong>illud</strong></span> <span class='ocrx_word' id='word_1_719' title='bbox 3941 5140 4230 5215; x_wconf 78' lang='lat' dir='ltr'><strong>Apostoti</strong></span> 
     </span>
    </p>
   </div>
   <div class='ocr_carea' id='block_1_111' title="bbox 2540 5225 4109 5301">
    <p class='ocr_par' dir='ltr' id='par_1_111' title="bbox 2540 5225 4109 5301">
     <span class='ocr_line' id='line_1_111' title="bbox 2540 5225 4109 5301; baseline 0.003 -19"><span class='ocrx_word' id='word_1_720' title='bbox 2540 5225 2904 5301; x_wconf 85' lang='lat' dir='ltr'><strong>proclamare</strong></span> <span class='ocrx_word' id='word_1_721' title='bbox 2935 5242 2947 5279; x_wconf 94' lang='lat'>:</span> <span class='ocrx_word' id='word_1_722' title='bbox 2980 5225 3116 5279; x_wconf 82' lang='lat' dir='ltr'><strong>Nota</strong></span> <span class='ocrx_word' id='word_1_723' title='bbox 3144 5228 3330 5279; x_wconf 84' lang='lat' dir='ltr'><strong>autem</strong></span> <span class='ocrx_word' id='word_1_724' title='bbox 3358 5226 3690 5280; x_wconf 78' lang='lat' dir='ltr'><strong>conversatio</strong></span> <span class='ocrx_word' id='word_1_725' title='bbox 3717 5226 3778 5280; x_wconf 82' lang='lat' dir='ltr'><strong>in</strong></span> <span class='ocrx_word' id='word_1_726' title='bbox 3805 5227 3978 5284; x_wconf 70' lang='lat' dir='ltr'><strong>cati:</strong></span> <span class='ocrx_word' id='word_1_727' title='bbox 4007 5237 4109 5286; x_wconf 71' lang='lat' dir='ltr'><strong>est.</strong></span> 
     </span>
    </p>
   </div>
   <div class='ocr_carea' id='block_1_112' title="bbox 2611 5312 4228 5388">
    <p class='ocr_par' dir='ltr' id='par_1_112' title="bbox 2611 5312 4228 5388">
     <span class='ocr_line' id='line_1_112' title="bbox 2611 5312 4228 5388; baseline 0.001 -16"><span class='ocrx_word' id='word_1_728' title='bbox 2611 5317 2848 5388; x_wconf 90' lang='lat' dir='ltr'><strong>Oportet</strong></span> <span class='ocrx_word' id='word_1_729' title='bbox 2876 5313 3053 5369; x_wconf 89' lang='lat' dir='ltr'><strong>etiam</strong></span> <span class='ocrx_word' id='word_1_730' title='bbox 3067 5316 3132 5367; x_wconf 90' lang='lat' dir='ltr'><strong>ut</strong></span> <span class='ocrx_word' id='word_1_731' title='bbox 3158 5312 3448 5370; x_wconf 83' lang='lat' dir='ltr'><strong>talentum</strong></span> <span class='ocrx_word' id='word_1_732' title='bbox 3476 5313 3665 5387; x_wconf 71' lang='lat' dir='ltr'><strong>Regia</strong></span> <span class='ocrx_word' id='word_1_733' title='bbox 3679 5313 4123 5378; x_wconf 78' lang='lat' dir='ltr'><strong>familiaritatis</strong></span> <span class='ocrx_word' id='word_1_734' title='bbox 4159 5320 4228 5374; x_wconf 79' lang='lat' dir='ltr'><strong>in</strong></span> 
     </span>
    </p>
   </div>
   <div class='ocr_carea' id='block_1_113' title="bbox 2541 5400 4232 5474">
    <p class='ocr_par' dir='ltr' id='par_1_113' title="bbox 2541 5400 4232 5474">
     <span class='ocr_line' id='line_1_113' title="bbox 2541 5400 4232 5474; baseline 0.002 -14"><span class='ocrx_word' id='word_1_735' title='bbox 2541 5404 2779 5460; x_wconf 88' lang='lat' dir='ltr'><strong>miseria</strong></span> <span class='ocrx_word' id='word_1_736' title='bbox 2806 5408 2862 5458; x_wconf 91' lang='lat' dir='ltr'><strong>et</strong></span> <span class='ocrx_word' id='word_1_737' title='bbox 2891 5400 3202 5456; x_wconf 78' lang='lat' dir='ltr'><strong>afflictione</strong></span> <span class='ocrx_word' id='word_1_738' title='bbox 3233 5401 3439 5473; x_wconf 88' lang='lat' dir='ltr'><strong>positis</strong></span> <span class='ocrx_word' id='word_1_739' title='bbox 3480 5400 3573 5474; x_wconf 89' lang='lat' dir='ltr'><strong>pie</strong></span> <span class='ocrx_word' id='word_1_740' title='bbox 3618 5417 3686 5458; x_wconf 88' lang='lat' dir='ltr'><strong>ac</strong></span> <span class='ocrx_word' id='word_1_741' title='bbox 3712 5401 4232 5468; x_wconf 73' lang='lat' dir='ltr'><strong>_misericorditer</strong></span> 
     </span>
    </p>
   </div>
   <div class='ocr_carea' id='block_1_114' title="bbox 2541 5489 4232 5568">
    <p class='ocr_par' dir='ltr' id='par_1_114' title="bbox 2541 5489 4232 5568">
     <span class='ocr_line' id='line_1_114' title="bbox 2541 5489 4232 5568; baseline 0.002 -20"><span class='ocrx_word' id='word_1_742' title='bbox 2541 5511 2644 5568; x_wconf 87' lang='lat' dir='ltr'><strong>per</strong></span> <span class='ocrx_word' id='word_1_743' title='bbox 2671 5489 3108 5548; x_wconf 77' lang='lat' dir='ltr'><strong>intercessionis</strong></span> <span class='ocrx_word' id='word_1_744' title='bbox 3135 5489 3417 5546; x_wconf 85' lang='lat' dir='ltr'><strong>auxilium</strong></span> <span class='ocrx_word' id='word_1_745' title='bbox 3443 5490 4174 5560; x_wconf 81' lang='lat' dir='ltr'><strong>subveniendo,Domino,</strong></span> <span class='ocrx_word' id='word_1_746' title='bbox 4193 5514 4232 5553; x_wconf 71' lang='grc' dir='ltr'><strong><em>ι</em></strong></span> 
     </span>
    </p>
   </div>
   <div class='ocr_carea' id='block_1_115' title="bbox 2541 5576 4230 5655">
    <p class='ocr_par' dir='ltr' id='par_1_115' title="bbox 2541 5576 4230 5655">
     <span class='ocr_line' id='line_1_115' title="bbox 2541 5576 4230 5655; baseline 0.002 -17"><span class='ocrx_word' id='word_1_747' title='bbox 2541 5599 2658 5655; x_wconf 90' lang='lat' dir='ltr'><strong>quo</strong></span> <span class='ocrx_word' id='word_1_748' title='bbox 2685 5580 2829 5636; x_wconf 88' lang='lat' dir='ltr'><strong>illud</strong></span> <span class='ocrx_word' id='word_1_749' title='bbox 2863 5576 3222 5653; x_wconf 88' lang='lat' dir='ltr'><strong>percepistis,</strong></span> <span class='ocrx_word' id='word_1_750' title='bbox 3251 5580 3562 5637; x_wconf 85' lang='lat' dir='ltr'><strong>reoorteris</strong></span> <span class='ocrx_word' id='word_1_751' title='bbox 3588 5596 3724 5638; x_wconf 84' lang='lat' dir='ltr'><strong>cum</strong></span> <span class='ocrx_word' id='word_1_752' title='bbox 3757 5579 4036 5640; x_wconf 81' lang='lat' dir='ltr'><strong>lucro.Et</strong></span> <span class='ocrx_word' id='word_1_753' title='bbox 4061 5584 4230 5642; x_wconf 76' lang='lat' dir='ltr'><strong>hanc</strong></span> 
     </span>
    </p>
   </div>
   <div class='ocr_carea' id='block_1_116' title="bbox 2541 5664 4238 5744">
    <p class='ocr_par' dir='ltr' id='par_1_116' title="bbox 2541 5664 4238 5744">
     <span class='ocr_line' id='line_1_116' title="bbox 2541 5664 4238 5744; baseline 0.002 -16"><span class='ocrx_word' id='word_1_754' title='bbox 2541 5668 2963 5728; x_wconf 89' lang='lat' dir='ltr'><strong>observationis</strong></span> <span class='ocrx_word' id='word_1_755' title='bbox 2993 5664 3254 5739; x_wconf 86' lang='lat' dir='ltr'><strong>regulam</strong></span> <span class='ocrx_word' id='word_1_756' title='bbox 3286 5667 3446 5724; x_wconf 92' lang='lat' dir='ltr'><strong>omni</strong></span> <span class='ocrx_word' id='word_1_757' title='bbox 3478 5667 3592 5726; x_wconf 91' lang='lat' dir='ltr'><strong>nisi</strong></span> <span class='ocrx_word' id='word_1_758' title='bbox 3623 5669 3876 5744; x_wconf 83' lang='lat' dir='ltr'><strong>implere</strong></span> <span class='ocrx_word' id='word_1_759' title='bbox 3903 5676 4238 5731; x_wconf 54' lang='lat' dir='ltr'><strong>contendi.</strong></span> 
     </span>
    </p>
   </div>
   <div class='ocr_carea' id='block_1_117' title="bbox 2542 5755 4236 5830">
    <p class='ocr_par' dir='ltr' id='par_1_117' title="bbox 2542 5755 4236 5830">
     <span class='ocr_line' id='line_1_117' title="bbox 2542 5755 4236 5830; baseline 0.001 -11"><span class='ocrx_word' id='word_1_760' title='bbox 2542 5765 2618 5830; x_wconf 89' lang='lat' dir='ltr'><strong>te,</strong></span> <span class='ocrx_word' id='word_1_761' title='bbox 2651 5765 2717 5818; x_wconf 90' lang='lat' dir='ltr'><strong>ut</strong></span> <span class='ocrx_word' id='word_1_762' title='bbox 2743 5760 2885 5816; x_wconf 89' lang='lat' dir='ltr'><strong>dum</strong></span> <span class='ocrx_word' id='word_1_763' title='bbox 2915 5757 2977 5814; x_wconf 79' lang='lat' dir='ltr'><strong>in</strong></span> <span class='ocrx_word' id='word_1_764' title='bbox 3005 5755 3174 5813; x_wconf 84' lang='lat' dir='ltr'><strong>activi</strong></span> <span class='ocrx_word' id='word_1_765' title='bbox 3199 5755 3416 5816; x_wconf 87' lang='lat' dir='ltr'><strong>laboris</strong></span> <span class='ocrx_word' id='word_1_766' title='bbox 3460 5757 3654 5816; x_wconf 89' lang='lat' dir='ltr'><strong>studio</strong></span> <span class='ocrx_word' id='word_1_767' title='bbox 3703 5759 3868 5818; x_wconf 83' lang='lat' dir='ltr'><strong>diem</strong></span> <span class='ocrx_word' id='word_1_768' title='bbox 3897 5765 4236 5821; x_wconf 77' lang='lat' dir='ltr'><strong>consumi-</strong></span> 
     </span>
    </p>
   </div>
   <div class='ocr_carea' id='block_1_118' title="bbox 2542 5845 4240 5928">
    <p class='ocr_par' dir='ltr' id='par_1_118' title="bbox 2542 5845 4240 5928">
     <span class='ocr_line' id='line_1_118' title="bbox 2542 5845 4240 5928; baseline 0.006 -18"><span class='ocrx_word' id='word_1_769' title='bbox 2542 5850 2708 5921; x_wconf 90' lang='lat' dir='ltr'><strong>tis,in</strong></span> <span class='ocrx_word' id='word_1_770' title='bbox 2738 5865 2914 5908; x_wconf 90' lang='lat' dir='ltr'><strong>usum</strong></span> <span class='ocrx_word' id='word_1_771' title='bbox 2944 5845 3152 5924; x_wconf 67' lang='lat' dir='ltr'><strong>quieta</strong></span> <span class='ocrx_word' id='word_1_772' title='bbox 3183 5847 3697 5928; x_wconf 75' lang='lat' dir='ltr'><strong>contemplationis</strong></span> <span class='ocrx_word' id='word_1_773' title='bbox 3747 5866 3857 5928; x_wconf 68' lang='lat' dir='ltr'><strong>per</strong></span> <span class='ocrx_word' id='word_1_774' title='bbox 3911 5853 4240 5920; x_wconf 65' lang='lat' dir='ltr'><strong>orationis</strong></span> 
     </span>
    </p>
   </div>
  </div>
