4868 6462
703 610 854 672 1161

2189 612 2614 676 EPlS'l‘OLIE.

3939 607 4096 677 N62

701 741 1042 798 instantiam
1058 745 1225 797 nocte
1244 742 1575 799 resumatis.
1592 743 1870 816 Itemque,
1888 746 2161 801 redeunte
2179 763 2348 803 mane
2376 747 2431 813 Α
2461 763 2522 801 se
2551 744 2709 801 velut
2739 744 3040 817 speculum
3072 743 3419 817 inspiciendi
3448 743 3721 800 omnibus
3766 747 4001 818 praebet,
4034 746 4095 802 in

700 831 976 895 diluculo,
1029 830 1375 902 priusquam
1427 833 1728 904 quidpiam
1789 833 1980 905 operis
2026 835 2338 907 incipiatis,

699 918 925 976 lectioni
955 918 1165 975 divinae
1217 936 1453 992 operam
1487 921 1656 991 detis,
1688 926 1976 994 quatenus
2006 923 2122 993 his,
2152 923 2343 979 lectio-

697 1008 787 1063 nis
812 1006 1081 1063 videlicet
1109 1009 1170 1063 in
1196 1010 1673 1077 mane,orationis
1705 1010 1763 1066 in
1794 1029 2049 1083 vespere,
2080 1012 2343 1069 vicissim

695 1096 907 1152 studiis
937 1095 1330 1165 exercitati,ea
1358 1114 1485 1170 quae
1520 1099 1580 1153 in
1624 1100 1814 1155 medio
1867 1101 2183 1156 actualium
2216 1118 2345 1174 ope-

694 1202 823 1240 rum
857 1186 1095 1257 negotia
1122 1188 1516 1256 versantur,in
1551 1187 1643 1245 die
1675 1188 2134 1260 puriori,mentis
2156 1190 2341 1259 oculo,

694 1273 921 1329 Christo
954 1274 1213 1346 auspice;
1244 1275 1483 1331 valeatis
1512 1276 1859 1333 discernere.

763 1363 835 1417 At
857 1360 999 1434 quia
1030 1380 1149 1418 non
1179 1367 1270 1419 est
1290 1364 1349 1419 in
1372 1364 1610 1420 homine
1638 1364 1732 1421 via
1757 1367 2010 1437 ejus,sed
2036 1385 2070 1423 a
2099 1368 2344 1425 Domino

693 1450 1032 1523 diriguntur
1063 1467 1299 1522 gressus
1329 1454 1477 1524 ejus,
1510 1454 1636 1526 ipse
1668 1454 1907 1511 assidua
1937 1472 2105 1527 prece
2144 1457 2216 1512 ad
2248 1473 2348 1513 cor

689 1539 1069 1612 signandum,
1094 1544 1151 1595 et
1183 1541 1253 1596 ad
1278 1557 1517 1614 gressus
1548 1559 1789 1615 operum
1839 1544 2207 1618 dirigendum
2250 1551 2340 1601 est

683 1628 1050 1696 invitandus,
1083 1629 1254 1701 quiin
1275 1631 1524 1686 Canticis
1564 1631 1937 1688 Canticorum
1952 1651 2176 1705 sponsae
2201 1652 2341 1701 suae,

682 1721 894 1773 sanctae
924 1718 1205 1774 videlicet
1236 1720 1467 1788 animas,
1500 1717 1785 1776 hortando
1828 1722 2105 1794 dignatus
2136 1729 2224 1778 est
2254 1723 2340 1778 di-

681 1823 805 1862 cere
840 1825 853 1862 :
888 1812 1048 1863 Pone
1079 1824 1166 1863 me
1211 1814 1275 1864 ut
1316 1810 1666 1878 signaculum
1713 1828 1877 1882 super
1924 1828 2014 1866 cor
2059 1822 2232 1879 tuum,
2285 1822 2348 1868 ut

682 1896 1036 1965 signaculum
1065 1912 1228 1968 super
1271 1896 1557 1953 brachium
1595 1907 1770 1965 tuum,
1822 1904 1885 1953 ut
1932 1900 2197 1956 videlicet
2243 1917 2345 1973 per

680 1984 871 2040 cordis
899 1984 1324 2058 cogitationem
1348 1986 1508 2041 intus
1524 1987 1598 2043 sit
1622 1987 1876 2044 Charitas
1907 1990 1977 2044 de
2008 1989 2178 2044 corde
2199 2006 2342 2061 puro

2453 850 2568 906 qua
2598 835 2743 890 ﬁdes
2774 834 3240 907 patriarcharum
3272 833 3473 907 fulget,
3508 850 3641 907 spes
3681 833 4094 906 prophetarum

2453 922 2739 995 splendet,
2760 923 3015 979 charitas
3029 922 3425 995 apostolorum
3444 922 3887 995 supereminens
3900 921 4096 995 pollet,

2454 1028 2520 1066 ac
2552 1028 2653 1083 per
2684 1011 2790 1067 hoc
2826 1013 2937 1067 Deo
2971 1010 3286 1068 auxiliante
3307 1027 3441 1067 cum
3463 1010 3641 1067 David
3674 1009 3901 1067 fortiter
3919 1009 4100 1067 vindi-

2454 1100 2600 1155 catis
2631 1118 2829 1173 regna,
2861 1105 2917 1156 et
2946 1117 3079 1156 cum
3128 1100 3435 1157 Salomone
3483 1099 3720 1173 paciﬁca
3758 1100 4098 1174 gubernatis

2452 1188 2716 1260 imperia.
2751 1189 2913 1255 Quod
2946 1188 3015 1255 si,
3050 1190 3239 1245 adhuc
3283 1188 3343 1245 in
3394 1188 3700 1262 praesentis
3744 1187 3943 1246 saeculi
3971 1184 4096 1245 salo

2455 1276 2825 1344 ﬂuctuantes,
2856 1278 3048 1332 varios
3078 1276 3364 1333 bellorum
3397 1281 3638 1333 eventus
3688 1276 4012 1346 sustinetis,
4041 1281 4099 1333 et

2444 1367 2615 1437 juxta
2639 1364 2784 1420 illud
2816 1366 2993 1421 Jacob
3020 1366 3360 1439 patriarcha:
3389 1365 3700 1422 videantur
3725 1376 3827 1423 vos
3856 1376 4097 1438 exaspe-

2453 1471 2580 1510 rare
2638 1460 2695 1510 et
2744 1454 2995 1527 jurgari,
3058 1455 3471 1527 invideantque
3539 1455 3821 1512 habentes
3870 1453 4092 1527 jacula,

2453 1543 2681 1598 venient
2714 1548 2910 1599 autem
2945 1543 3069 1600 dies
3115 1544 3174 1598 in
3206 1544 3441 1615 quibus,
3489 1545 3658 1616 juxta
3687 1544 3958 1600 eumdem
3990 1557 4093 1616 pa-

2451 1631 2793 1698 triarcham,
2824 1632 3024 1687 sedebit
3038 1634 3097 1687 in
3117 1632 3335 1704 forti,id
3366 1637 3454 1688 est
3482 1633 3543 1687 in
3566 1631 3867 1698 Deo,arcus
3882 1636 4094 1701 vester,

2450 1729 2500 1775 et
2540 1719 2801 1776 dissoluta
2849 1724 3019 1776 erunt
3064 1723 3286 1777 vincula
3333 1720 3680 1778 brachiorum
3729 1729 3779 1777 et
3829 1732 4095 1776 Mannum

2450 1807 2683 1864 illorum
2709 1825 2808 1880 per
2831 1825 3026 1864 manus
3051 1818 3287 1881 potentes
3314 1811 3493 1866 Jacob.
3518 1809 3665 1876 Quia
3694 1808 3961 1881 quamvis
3993 1814 4096 1881 per

2452 1896 2610 1952 orbis
2638 1902 2926 1953 terrarum
2960 1898 3151 1970 spatia
3187 1900 3313 1968 jam
3371 1915 3527 1954 nunc
3586 1895 3872 1970 triumphi
3918 1896 4094 1952 vestri

2452 1985 2665 2057 ubique
2688 1971 3318 2056 prmdicetur'victoria,
3343 1990 3599 2042 attamen
3633 1986 3901 2059 perfectae
3932 1984 4093 2057 pacis

681 2077 737 2128 et
765 2073 1133 2175 conscientia
1163 2074 1317 2129 bona
1347 2078 1403 2129 et
1433 2075 1544 2130 ﬁde
1574 2093 1686 2175 non
1720 2077 1939 2144 licta,et
1972 2078 2110 2133 foris
2140 2079 2340 2133 eadem
2371 2111 2419 2175 B
2450 2073 2605 2175 dono
2632 2073 2870 2175 ubprius
2898 2074 3189 2175 habebitis
3213 2075 3460 2174 perfrui,
3490 2076 3724 2175 quando
3755 2072 4088 2175 subjugatis

680 2162 872 2217 cordis
904 2162 1145 2218 devotio
1196 2168 1554 2218 monstretur
1599 2164 1655 2219 in
1697 2167 2097 2237 proximorum
2129 2167 2338 2223 conde-

677 2251 983 2306 scensione
1020 2267 1127 2322 per
1158 2251 1373 2306 bonam
1405 2253 1894 2325 operationem,ut
1924 2272 1992 2311 ex
2014 2256 2183 2311 bonis
2213 2273 2340 2328 ope-

672 2339 831 2393 ribus
862 2356 964 2395 vos
995 2339 1443 2395 considerantes
1467 2340 1794 2413 gloriﬁcent
1820 2344 2043 2400 Patrem
2074 2349 2335 2399 vestrum

679 2426 735 2481 in
766 2426 950 2482 oculis.

736 2516 1121 2587 Hnjusmodi,
1157 2521 1360 2589 pastor
1393 2519 2153 2593 amantissime,signaculis
2174 2522 2335 2577 intus

673 2604 859 2660 cordis
892 2606 1289 2678 cogitationes
1335 2624 1400 2662 ac
1430 2608 1647 2664 deforis
1694 2608 2064 2665 brachiorum
2119 2616 2332 2667 vestro-

670 2706 797 2745 rum
830 2708 1012 2763 opera
1041 2693 1267 2763 jugiter
1295 2692 1543 2765 signate,
1572 2700 1860 2767 quatenus
1913 2698 2083 2752 corde
2131 2705 2184 2752 et
2215 2715 2336 2753 cor-

666 2795 820 2849 pore,
852 2780 1018 2836 velut
1053 2796 1157 2837 vas
1187 2781 1487 2839 electionis
1519 2785 1866 2839 mandatum
1918 2790 2094 2857 atque
2144 2787 2333 2859 signa-

667 2872 811 2935 tum,
846 2868 998 2927 illud
1034 2869 1410 2926 Zorobabelis
1460 2873 1531 2928 ad
1562 2890 1664 2928 vos
1710 2891 1743 2928 a
1774 2874 2020 2929 Domino
2052 2874 2337 2948 dirigatur

669 2958 1040 3027 promissum
1080 2974 1092 3013 :
1126 2960 1406 3015 Assumam
1451 2968 1518 3027 te,
1572 2979 1721 3017 serve
1751 2979 1917 3027 meus,
1969 2968 2022 3018 et
2056 2981 2256 3035 ponam
2287 2968 2336 3019 te

674 3049 834 3116 quasi
859 3048 1243 3118 signaculum,
1279 3052 1410 3120 quia
1438 3050 1579 3121 elegi
1608 3058 1674 3118 te,
1708 3051 1842 3106 dicit
1869 3051 2145 3108 Dominus.

740 3134 962 3191 Verum
1000 3135 1289 3207 quoniam
1323 3153 1357 3191 a
1398 3136 1550 3191 bono
1600 3138 1761 3209 pacis
1811 3138 1982 3210 ccepit
2031 3139 2332 3194 exordium

671 3227 887 3279 nostrae
921 3224 1308 3287 narrationis.
1340 3225 1482 3280 libet
1532 3225 1591 3280 in
1621 3227 1882 3297 ejusdem
1916 3244 2335 3283 commemora-

663 3311 826 3369 tione
859 3312 1045 3369 tinem
1101 3312 1356 3368 sermoni
1403 3315 1723 3386 imponere.
1774 3317 1957 3387 Igitur
2001 3316 2050 3371 si
2112 3317 2334 3372 nomini

659 3406 854 3456 vestro
884 3404 1033 3471 Jero,
1071 3401 1259 3457 Salem
1280 3403 1567 3474 jungatur
1612 3403 1806 3472 dictio,
1840 3405 2139 3460 visionem‘
2170 3406 2329 3477 pacis

2449 2166 2661 2217 sanctae
2694 2163 2959 2218 Ecclesiae
3002 2163 3261 2219 inimicis
3309 2178 3443 2219 cum
3493 2161 3706 2236 populo
3754 2162 3858 2219 Dei
3888 2162 4089 2218 audire

2444 2252 2689 2322 potestis
2723 2267 2736 2308 :
2771 2254 3032 2307 Bominus
3057 2252 3328 2323 pugnabit
3362 2266 3464 2323 pro
3493 2252 3663 2319 vobis,
3698 2267 3788 2308 vos
3819 2250 4090 2308 iacebitis.

2445 2340 2513 2394 Et
2569 2338 2669 2394 illa
2723 2339 2939 2412 Joseph
3002 2341 3327 2396 benedictio
3386 2341 3459 2396 ad
3512 2357 3614 2396 vos
3644 2340 3947 2414 dirigetur,
3980 2355 4090 2411 qua

2445 2428 2656 2482 dicitur
2685 2447 2702 2481 :
2735 2433 2878 2483 Deus
2904 2430 3087 2499 patris
3137 2431 3220 2483 tui
3272 2431 3380 2484 erit
3422 2428 3643 2499 adjutor
3671 2435 3875 2494 tuus,“
3902 2429 4091 2483 Omni-

2439 2524 2628 2587 potens
2660 2517 2933 2571 benedicet
2961 2518 3083 2571 tibi.
3114 2517 3276 2572 Tunc
3305 2516 3501 2584 etiam,
3544 2518 3715 2588 juxta
3743 2514 4084 2573 vaticinium

2445 2605 2625 2672 Isaia},
2659 2606 2957 2676 quiescere
2989 2606 3159 2660 faciet
3208 2605 3489 2661 Dominus
3518 2604 3855 2678 superbiam
3884 2604 4087 2660 infide-

2444 2692 2610 2760 lium,
2643 2699 2696 2749 et
2715 2693 3111 2766 arrogantium
3139 2693 3377 2749 fortium
3408 2692 3823 2760 bumiliabit,et
3842 2706 4086 2765 pascen-

2442 2786 2539 2836 tur
2567 2782 2935 2854 primogeniti
2968 2799 3314 2853 pauperum,
3347 2787 3403 2838 et
3431 2798 3718 2855 pauperes
3740 2780 4089 2837 ﬁducialiter

2444 2875 2637 2942 agent.
2672 2871 2820 2936 Quin
2866 2875 2923 2925 et
2951 2870 3046 2925 ille
3079 2872 3198 2926 Rex
3234 2872 3303 2926 de
3352 2886 3467 2942 quo
3515 2868 3789 2926 Salomon
3821 2870 3903 2925 ait
3934 2887 3946 2924 :
3981 2870 4090 2937 Qui

2443 2958 2588 3013 sedet
2614 2960 2674 3012 in
2702 2960 2840 3014 solio
2862 2958 3089 3030 judicii,
3124 2967 3175 3014 et
3201 2959 3434 3031 dissipat
3458 2975 3615 3015 omne
3637 2959 3848 3015 malum
3878 2960 4087 3014 intuitu

2442 3063 2558 3117 suo,
2592 3052 3014 3118 consequenter
3063 3064 3330 3118 supernas
3379 3045 3772 3103 miserationis
3819 3050 4085 3120 respectu

2444 3153 2543 3191 vos
2574 3135 2916 3202 intuebitur,
2947 3139 3143 3207 atque,
3178 3135 3494 3206 tranquilla
3522 3139 3856 3208 temporum
3887 3136 4082 3208 quiete

2444 3241 2739 3289 concessa,
2772 3240 3048 3279 coronare
3080 3224 3421 3296 dignabitur
3442 3223 3689 3295 justitia:
3721 3236 3951 3280 corona.

2517 3314 2669 3368 Inter
2714 3313 2834 3368 huic
2865 3329 3235 3385 egoquoque
3266 3311 3510 3368 humilis
3540 3312 3715 3368 vestri
3742 3311 4082 3380 clientulus,

2446 3419 2559 3457 non
2591 3402 2900 3457 immemor
2929 3400 3341 3456 beneﬁciorum
3357 3400 3570 3473 quibus
3604 3399 3854 3467 me,licet
3876 3399 4083 3455 imme-

663 3488 926 3547 indicare
984 3465 1225 3546 videtur
1280 3465 1501 3563 absque
1532 3492 1729 3558 dubio,
1786 3465 1902 3548 una
1950 3465 2231 3549 duntaxat
2287 3495 2330 3550 Ο
2362 3465 2404 3532 (ἶ
2444 3491 2718 3557 ritum,de
2750 3489 3109 3562 paupertatis
3155 3465 3405 3545 stercore
3448 3465 3715 3545 voluistis
3757 3488 3997 3561 erigere,
4028 3492 4089 3544 et

660 3576 861 3634 littera
886 3581 966 3635 ob
999 3583 1225 3635 certam
1258 3579 1466 3634 futurae
1501 3596 1721 3638 coronae
1754 3580 2241 3653 signiﬁcationem
2272 3583 2331 3637 in

662 3668 860 3723 medio
892 3685 1004 3741 pro
1040 3667 1088 3723 U
1121 3667 1331 3739 posita,
1379 3673 1445 3723 ut
1487 3685 1555 3724 ex
1597 3668 1706 3724 hoc
1762 3669 1985 3741 liquido
2026 3670 2334 3743 colligatur

662 3757 881 3828 quia,si
915 3756 1210 3814 sanctitas
1238 3761 1428 3812 vestra
1448 3758 1505 3812 in
1528 3758 1635 3813 hac
1665 3758 1923 3814 convalle
1944 3759 2330 3832 lacrymarum

660 3860 764 3915 pro
795 3862 944 3917 pace
978 3850 1042 3903 et
1072 3845 1296 3901 unitate
1328 3846 1623 3902 catholicae
1656 3848 1861 3904 matris
1891 3847 2158 3904 Ecclesia:
2180 3849 2334 3905 solli-

657 3934 768 3988 cite
800 3933 1204 3998 insndaverit,
1235 3934 1390 3990 sicut
1439 3952 1595 3990 nunc
1628 3936 1788 4007 pacis
1829 3937 2214 4008 participatur
2240 3954 2333 3993 vo-

655 4022 887 4089 cabulo,
921 4024 1011 4079 ita
1042 4023 1312 4095 ejusdem
1344 4024 1702 4096 quandoque
1750 4024 1972 4081 visione
2003 4026 2336 4097 perfruatur

657 4109 718 4164 in
753 4112 1036 4182 praemio.

1272 4199 1612 4256 EPISTOLA
1643 4200 1738 4256 III.

1019 4304 1107 4344 AD
1132 4304 1449 4344 HEINRICUM
1482 4305 1519 4343 Il
1552 4304 1982 4345 IMPERATOREM.

657 4376 915 4434 Celebrat
955 4378 1085 4450 ejus
1135 4378 1380 4444 virtutes,
1424 4380 1738 4449 gratiasque
1780 4381 1834 4434 ei
1857 4396 1958 4450 pro
2001 4380 2196 4435 collata
2228 4382 2338 4435 sibi

725 4451 932 4521 Augise
958 4450 1311 4521 praefectura
1338 4451 1479 4517 agit,
1509 4465 1573 4505 ac
1616 4451 1745 4507 laeta
1775 4453 1960 4506 omnia
1986 4458 2260 4522 precatur.

727 4554 992 4611 Domino
1042 4570 1176 4620 suo,
1227 4552 1565 4610 Christiana:
1616 4554 1915 4627 religionis
1963 4556 2334 4629 propagatori

652 4642 1019 4711 orthodoxe,
1056 4642 1340 4699 Hemmco
1371 4643 1707 4715 imperatori
1763 4649 2034 4715 augusto,
2085 4661 2187 4699 nec
2220 4662 2331 4700 non

654 4734 962 4788 terrarum
997 4731 1304 4803 marisque
1332 4731 1913 4799 domino,honorilice
1943 4749 1976 4786 a
2006 4733 2121 4789 Deo
2154 4734 2335 4789 subli-

2441 3596 2575 3634 cum
2608 3578 2970 3650 principibus
3018 3577 3239 3651 populi,
3274 3578 3388 3634 Deo
3421 3583 3677 3644 auctore,
3719 3577 3778 3633 in
3827 3577 4082 3650 quadam

2441 3666 2741 3740 dignitatis
2790 3667 2926 3723 sede
2975 3667 3278 3737 collocare,
3312 3683 3445 3723 cum
3498 3667 3659 3722 omni
3708 3680 3880 3740 grege
3938 3666 4085 3721 mihi

2443 3756 2659 3811 credito
2690 3760 2871 3811 totam
2896 3773 3059 3829 spem
3082 3772 3272 3811 meam
3296 3756 3395 3811 diu
3418 3759 3712 3829 noctuque
3731 3754 3791 3810 in
3814 3755 4087 3827 precibus

2443 3844 2515 3899 ad
2548 3844 2730 3900 Deum
2762 3844 2962 3911 funbo,
3015 3849 3305 3915 quatenus
3350 3846 3655 3916 praesentis
3689 3844 3817 3900 vitae
3848 3860 4085 3917 prospe-

2444 3933 2585 3989 ritas
2616 3934 2867 3989 arrideat
2896 3933 2967 3988 ad
2986 3934 3419 3999 votum,futura3
3441 3932 3821 3993 beatitudinis
3844 3931 4087 3988 felicitas

2442 4022 2606 4078 vobis
2633 4023 2798 4078 cedat
2827 4022 2882 4077 in
2916 4022 3239 4094 praemium.

2514 4111 2593 4166 Dc
2624 4110 2865 4183 pacifico
2923 4110 3153 4183 imperii
3184 4113 3360 4177 statu,
3411 4109 3481 4165 de
3536 4109 3695 4165 vario
3752 4108 4084 4181 procinctus

2444 4203 2735 4270 eventu,et
2766 4201 2916 4272 quod
2951 4199 3044 4256 his
3072 4199 3347 4255 omnibus
3378 4199 3571 4270 majus
3603 4201 3710 4264 est,
3725 4198 3796 4253 de
3825 4198 4086 4270 corporis

2444 4288 2765 4361 animmque
2795 4293 2995 4344 vestra:
3028 4287 3343 4359 salute,per
3362 4285 3737 4358 praesentium
3757 4284 4084 4341 litterarum

2443 4378 2783 4450 portitorem
2812 4394 2918 4432 nos
2948 4378 3576 4447 certificate,quatenus
3605 4373 3867 4431 omnium
3898 4370 4085 4430 bono-

2445 4482 2576 4521 rum
2606 4465 2865 4538 largitori
2907 4465 3229 4538 gratiarum
3271 4465 3525 4521 actiones
3572 4463 3894 4519 referamus
3950 4460 4084 4518 lati.

2443 4553 2783 4627 Augustalis
2829 4553 3063 4627 imperii
3120 4553 3295 4609 vestri
3358 4552 3691 4609 sublimitas
3747 4566 3849 4624 per
3904 4549 4093 4607 multa

2447 4660 2731 4699 annorum
2757 4642 3048 4698 curricula
3092 4642 3187 4697 hic
3214 4642 3360 4699 bene
3390 4639 3684 4715 regnando
3710 4638 3993 4713 proficiat,
4026 4643 4092 4694 ut

2446 4737 2578 4805 post
2609 4732 2667 4786 in
2701 4731 2956 4803 paradisi
3013 4731 3347 4787 amoenitate
3377 4746 3624 4804 operum
3647 4744 3889 4786 suorum
3932 4727 4090 4783 fruc-

655 4825 818 4877 mato
854 4826 1052 4892 atque
1086 4823 1381 4886 coronato,
1412 4819 1614 4887 Euam,
1640 4836 1880 4875 suorum
1902 4821 2127 4876 meritis
2153 4826 2335 4877 extre-
2366 4834 2413 4899 ί)
2448 4826 2569 4877 tum
2600 4819 2846 4876 dulciter
2875 4823 3098 4891 carpat.
3126 4818 3287 4876 Vale.

654 4923 817 4976 mus,
874 4905 1243 4963 bumillimze
1296 4905 1619 4963 devotionis
1649 4907 1934 4980 obsequia
1965 4925 2099 4965 cum
2132 4911 2337 4967 oratio-

646 5012 803 5053 num
832 4995 1159 5055 instantia.

731 5086 764 5140 J
776 5103 883 5141 ure
902 5086 1211 5141 immenso
1232 5085 1427 5141 cordis
1439 5085 1633 5157 jubilo
1653 5090 1847 5158 grates
1870 5103 2062 5143 rerum
2077 5089 2339 5145 omnium

654 5174 1083 5245 persolvimus
1111 5173 1512 5246 Domino,qui,
1535 5174 1596 5229 in
1638 5176 1878 5230 modum
1903 5174 2138 5231 excelsae
2170 5194 2341 5249 pyra-

660 5262 871 5331 midis,
908 5267 1133 5319 vestra:
1163 5262 1466 5335 dignitatis
1519 5263 2015 5335 magnificentiam
2056 5266 2342 5322 universis

658 5348 1154 5424 superexcellere
1194 5350 1361 5407 fecitr
1379 5352 1708 5423 egnis.Quze
1722 5368 1835 5407 non
1851 5352 2141 5409 immerito
2161 5353 2341 5425 hujus

651 5436 1072 5511 pulcherrimi
1104 5438 1423 5496 schematis
1441 5440 1635 5495 decori
1668 5440 1988 5512 comparari
2021 5458 2192 5513 posse
2222 5460 2346 5500 ere-

649 5526 1003 5595 ditur,cum
1040 5523 1244 5598 glorias
1264 5531 1465 5583 vestra:
1482 5527 1641 5583 fama
1662 5545 1839 5600 super
1867 5532 2109 5584 cunctos
2130 5530 2345 5603 ubique

650 5618 935 5691 gentium
952 5613 1434 5672 dominantesita
1455 5615 1665 5672 excelsi
1677 5615 1908 5672 verticis
1922 5616 2343 5676 sublimitatem

644 5704 1008 5763 extollendo
1032 5704 1319 5771 emineat,
1353 5709 1419 5760 ut
1464 5704 1524 5760 in
1557 5704 1646 5760 sui
1688 5703 2132 5761 admirationem
2168 5724 2341 5763 cunc-

646 5799 854 5850 torum
914 5795 1211 5864 aspectus
1254 5792 1488 5849 alliciat.
1543 5793 1603 5847 In
1646 5797 1851 5849 vestrm
1883 5794 2095 5849 etenim
2131 5797 2342 5853 mentis

651 5898 860 5945 arcem
894 5878 1435 5947 omnigenerarum
1467 5881 1749 5938 virtutum
1790 5880 1923 5939 idea
1945 5884 2340 5943 conscendens

1006 6005 1283 6072 PATROL.
1330 6005 1563 6094 CXLII,

3029 4925 3381 4983 EPISTOLA
3410 4924 3503 4982 IV.

2803 5033 2876 5072 AD
2910 5032 2965 5070 H.
2999 5031 3255 5071 ΛΒΒΑἸἙΠ
3294 5032 3344 5071 8.
3377 5030 3739 5072 SALVATORIS.

2520 5110 2878 5178 Profecturus
2910 5104 3000 5158 illi
3038 5102 3307 5178 valedicit,
3345 5118 3679 5178 suorumque
3707 5103 3760 5158 ei
3784 5102 4024 5173 fratrum

2870 5190 2871 5193 ‘
2908 5176 3249 5230 necessitates
3276 5173 3629 5229 commendat.

2520 5265 2729 5322 Abbati
2759 5265 2851 5329 Η..
2884 5279 3173 5337 germanae
3205 5261 3507 5318 charitatis
3522 5260 3731 5318 affectu
3755 5259 4095 5317 dulcissime

2449 5357 2781 5427 conjuncto,
2840 5354 2902 5423 Β,
2936 5351 3245 5408 dimidium
3278 5350 3485 5407 animae
3533 5367 3672 5419 suae,
3723 5348 3980 5422 seipsum
4032 5347 4093 5402 in

2455 5445 2610 5501 omni
2635 5444 2768 5500 fide.

2525 5533 2671 5598 Quia
2697 5533 2769 5588 ab
2792 5531 2937 5604 ipsis
2966 5529 3379 5604 peneinfantiaa
3398 5527 3692 5603 vagitibus
3712 5527 3891 5585 chara
3905 5523 4100 5581 amici-

2452 5621 2544 5676 tiae
2574 5620 2867 5676 soliditate
2900 5622 2957 5676 in
2988 5636 3172 5676 unum
3204 5619 3501 5692 quoddam
3526 5617 4096 5699 concrevimus,cong

2453 5709 2720 5781 sequitur
2769 5715 2834 5765 ut
2863 5711 3041 5766 decus
3089 5708 3197 5765 hoc
3229 5706 3445 5765 sociale
3476 5709 3555 5764 sit
3591 5709 3743 5765 inter
3771 5720 3876 5762 nos
3906 5704 4098 5759 ineno-

2451 5798 2664 5853 dabile.
2697 5798 2791 5854 Sic
2835 5797 2991 5853 enim
3037 5814 3136 5854 cor
3186 5812 3369 5853 unum
3421 5801 3479 5852 et
3519 5797 3772 5854 animam
3820 5806 3995 5849 unam
4035 5788 4094 5842 in

2449 5887 2677 5950 Christo
2738 5886 2953 5946 habere
3010 5886 3354 5955 valebimus,
3414 5884 3467 5941 si
3513 5886 3681 5956 juxta
3732 5876 4093 5955 Αροεῐοιυωι

3694 6005 3773 6069 37

4062 6070 4089 6086 δ
