4868 6458
1130 131 1175 137 η
1246 139 1272 143 _
1364 136 1379 138 θ
1442 129 1504 140 ..ν
1552 127 1566 133 π
1690 131 1721 136 Δ

696 617 853 683 M77

1770 608 1946 676 VlTA
1995 612 2058 676 S.
2109 612 2551 679 MEGINRADI
2594 610 3019 676 MARTYRIS.

1876 123 1949 135 ε.
1976 124 2037 125 ἀνί
2060 123 2137 140 ν
2162 123 2381 140 *ίαν
2402 123 2611 141 --⁷
2634 123 2749 141 *ί
2786 123 3277 142 *ΪΪ““Ῠ-

3933 613 4093 679 μη

705 754 873 809 fama.
907 745 1228 824 Meginradi
1252 763 1483 820 corpus,
1512 746 1665 819 quod
1696 746 1890 819 Augia
1910 745 2205 819 sepultum
2228 749 2341 801 fuc-
2370 749 2419 821 Α
2455 748 2603 802 Cella
2630 748 2808 802 sancti
2836 745 3165 818 Meginradi,
3192 762 3295 803 seu
3319 743 3815 813 Meginradescclla,
3849 749 3984 805 tunc
4006 765 4091 805 cc-

704 846 808 908 rat,
842 857 907 897 eo
939 842 1231 895 revectum
1258 841 1366 904 est,
1395 835 1600 893 saltem
1628 835 1835 908 majori
1866 852 1934 892 ex
1963 839 2146 907 parte,
2188 853 2338 891 anno
2446 836 2610 891 clesia
2632 840 2836 892 sanctae
2856 835 3047 893 Mariae
3068 837 3127 891 in
3165 835 3306 895 cella
3336 836 3515 893 sancti
3525 833 3854 906 Heginradi,
3887 842 3945 892 et
3974 854 4093 894 mo-

710 931 860 996 1039,
890 931 1037 985 teste
1072 928 1398 983 Bermanno
1424 927 1748 990 Contracto,
1782 924 1977 999 Augiae
2033 925 2338 991 monacho,

705 1019 872 1091 cujus
902 1017 1022 1074 haec
1052 1016 1228 1073 verba
1260 1031 1274 1071 :
1302 1015 1538 1071 Ecclesia
1569 1014 1723 1070 cella:
1750 1015 1926 1068 sancti
1951 1013 2255 1084 Meginradi
2279 1028 2340 1068 ιιι

706 1108 824 1165 ldus
856 1106 1097 1162 Octobris
1126 1104 1429 1171 dedicatur,
1461 1103 1716 1172 reliquiae
1771 1118 1962 1173 corpus
2010 1103 2188 1157 sancti
2236 1101 2340 1157 Me-

704 1196 938 1267 ginradi.
962 1194 1058 1249 Sic
1071 1192 1248 1249 habet
1267 1192 1444 1247 editio
1463 1189 1792 1246 Canisiana.
1818 1190 2150 1262 Legendum
2178 1194 2341 1262 puto,

706 1293 753 1341 et
773 1299 962 1355 corpus
990 1284 1175 1338 sancti
1230 1279 1535 1349 Mcginradi
1563 1280 1625 1333 in
1682 1296 1804 1334 eam
1858 1279 2184 1334 translatum
2241 1284 2340 1335 est.

703 1373 808 1429 Sed
833 1373 1027 1428 forsan
1041 1387 1180 1428 cum
1205 1386 1317 1426 non
1340 1373 1525 1424 totum
1552 1384 1785 1439 corpus,
1802 1368 1901 1423 sed
1924 1385 2056 1438 pars
2070 1384 2134 1423 eo
2160 1372 2347 1423 trans-

703 1460 814 1516 lata
832 1460 1058 1527 fuisset,
1082 1459 1403 1530 Augienses
1426 1455 1796 1528 glossematis
1818 1455 1940 1511 luco
1962 1460 2349 1526 reposuerunt

707 1549 979 1623 reliquiae,
1009 1564 1089 1604 ne
1118 1546 1339 1604 scilicet
1363 1546 1539 1601 etiam
1572 1544 1767 1617 aliqua
1795 1545 1921 1615 ejus
1954 1548 2113 1616 parte
2153 1561 2347 1601 carere

708 1640 1065 1715 putarentur.
1098 1637 1143 1691 A
1175 1640 1435 1708 tempore
1476 1634 1661 1690 saneti
1704 1632 2020 1706 Meginradi
2053 1632 2208 1689 dicta
2261 1638 2350 1690 est

2446 926 2749 979 nasteriam
2768 926 2826 978 in
2845 924 2999 979 Silva
3019 924 3213 992 Nigra,
3248 922 3563 995 aliquando
3593 924 4092 997 Eberhardescella,

2449 1014 2520 1067 ad
2535 1012 2717 1068 Eberh
2726 1013 2864 1068 ardo
2879 1013 3132 1069 secundo
3156 1013 3417 1081 eremita;
3432 1012 3684 1085 denique
3702 1016 4096 1079 mtasterium

2450 1102 2630 1158 Eremz
2660 1118 2756 1157 seu
2786 1103 3179 1171 Eremitarum,
3212 1099 3523 1158 Teutonico
3555 1102 3860 1171 Einsidlen,
3895 1108 3951 1159 et
3978 1121 4096 1167 mo-

2450 1192 2751 1245 nasterium
2773 1191 2943 1247 beatxe
2964 1192 3169 1246 Mariae
3191 1191 3245 1243 in
3270 1190 3479 1257 Ercmo,
3505 1189 3577 1245 ob
3598 1190 3821 1255 cultum
3835 1191 4094 1266 Deiparaa

2451 1277 2709 1349 Virginis
2738 1277 3013 1332 continua
3041 1277 3535 1350 peregrinantium
3576 1277 3853 1351 religione
3884 1280 3961 1337 ibi
3986 1281 4096 1337 fre-

2453 1370 2817 1439 quentatum.
2854 1366 3272 1421 Monasterium
3304 1366 3482 1422 situm
3509 1371 3599 1422 est
3628 1367 3687 1422 in
3710 1367 4098 1428 dimcesiCon-

2455 1455 2756 1510 stantiensi
2795 1455 2944 1510 inter
2971 1455 3317 1527 Tigurinum
3357 1459 3413 1509 et
3446 1455 3872 1514 Lucerncnsem
3908 1456 4095 1527 lacus,

2456 1544 2515 1599 in
2548 1543 2700 1599 edito
2732 1547 2925 1599 monte
2953 1560 3127 1617 quem
3158 1543 3302 1599 silva
3331 1544 3593 1616 undique
3616 1544 3806 1601 vestit.

1951 1788 2382 1860 PROLOGUS
2431 1787 2848 1860 AUCTORIS

775 1941 824 1995 1.
855 1940 1133 1995 Dicturus
1163 1936 1509 1994 venerabilis
1529 1936 1635 1991 viri
1661 1935 1977 2008 Meginradi
2007 1936 2269 1992 Eremitze
2290 1940 2347 1993 et
2376 1948 2421 2012 Β
2450 1936 2693 2002 litteras,
2727 1936 2837 1992 sub
2868 1952 2980 2008 quo
3002 1935 3208 1991 abbate
3232 1937 3615 1993 monasticam
3638 1939 3814 1995 vitam
3846 1940 4097 1997 subierit

706 2028 972 2097 martyris
1004 2026 1343 2100 passionem
1376 2032 1432 2081 et
1462 2025 1708 2095 obitum,
1744 2025 1882 2079 libet
1912 2041 2226 2097 parumper
2257 2041 2343 2080 re-

707 2115 928 2172 ﬂectere
958 2116 1199 2189 stylum,
1225 2118 1400 2187 atque
1431 2131 1541 2186 quo
1572 2118 1829 2186 tempore
1879 2114 2102 2175 doctus.
2137 2114 2258 2180 ubi,
2293 2118 2349 2168 et

708 2205 875 2273 unde,
908 2220 1044 2278 quo,
1079 2203 1172 2259 vel
1203 2204 1293 2260 cui
1325 2203 1578 2260 traditus
1620 2202 1875 2275 primum
1909 2202 1980 2259 ad
2039 2202 2347 2258 discendae

2456 2023 3082 2095 servandam,qualiter
3110 2025 3286 2079 etiam
3319 2042 3353 2079 a
3383 2026 3640 2083 fraterna
3659 2028 3783 2083 acie
3805 2028 4101 2102 singulare

2457 2118 2749 2168 certamen
2781 2113 2961 2168 eremi
2989 2113 3217 2179 adierit,
3252 2113 3501 2170 breviter
3533 2117 3849 2187 praelibare.
3892 2119 4101 2191 Regre-

2457 2201 2586 2258 diar
2613 2218 2747 2276 ergo
2778 2201 2849 2258 ad
2884 2200 3120 2275 singula
3150 2218 3278 2275 quae
3311 2203 3588 2276 proposui
3622 2205 3983 2265 resolvenda.

2043 2382 2457 2472 INCIPIT
2515 2382 2761 2473 VITA

779 2570 830 2623 2.
864 2567 1259 2641 Temporibus
1288 2565 1475 2622 Caroli
1527 2565 1936 2639 gloriosissimi
1985 2567 2354 2639 imperatoris

713 2657 1085 2726 Francorum,
1121 2656 1222 2728 qui
1249 2656 1474 2729 primus
1506 2656 1657 2711 inter
1682 2655 1840 2728 ipsos
1864 2656 2101 2713 Caesaris
2142 2674 2354 2712 nomen

717 2746 949 2818 accepit,
984 2745 1302 2820 praedictus
1332 2745 1420 2799 vir
1442 2743 1503 2799 in
1535 2743 1881 2801 Alemannia
1909 2750 2083 2802 natus
2142 2752 2250 2812 est,
2294 2746 2353 2800 in

714 2849 855 2907 pago
882 2851 1058 2907 quem
1082 2851 1152 2890 ex
1173 2832 1313 2888 villa
1337 2831 1707 2905 Sulicbgewe
1727 2833 1840 2905 (47)
1867 2835 2090 2890 vocavit
2109 2834 2358 2905 antiqui-

712 2924 817 2979 tas.
867 2923 1147 2979 Parentes
1179 2922 1291 2995 (48)
1319 2938 1453 2978 vero
1482 2921 1610 2993 ejus
1639 2938 1707 2977 ex
1734 2921 2070 2978 Alemannis
2101 2923 2354 2990 fuerunt,

710 3026 934 3068 morum
958 3010 1269 3068 nobilitate
1295 3010 1483 3083 magis
1505 3010 1803 3082 conspicui
1822 3028 1999 3083 quam
2026 3010 2243 3066 divitiis
2264 3027 2358 3084 pe-

708 3099 924 3157 rituris.
953 3100 1075 3167 Qui
1105 3116 1241 3156 cum
1274 3116 1403 3155 eam
1435 3099 1726 3172 attigisset
1768 3104 1993 3155 aetatem
2029 3117 2145 3172 qua
2171 3099 2357 3172 aptari

711 3192 904 3261 posset
920 3188 1263 3245 litterarum
1281 3187 1556 3256 studiis,a
1570 3192 1729 3260 patre
1745 3187 1975 3243 ducitur
1994 3188 2066 3245 ad
2082 3187 2356 3255 insulam,

712 3294 883 3351 quam
903 3282 1137 3335 veteres
1150 3276 1729 3349 Sindlochesaugiam
1750 3277 2053 3346 vocabant,
2072 3294 2106 3333 a
2126 3278 2359 3333 nomine

711 3368 1016 3439 cujusdam
1044 3366 1373 3441 presbyteri
1401 3366 1535 3436 (49),
1569 3365 1689 3437 qui,
1715 3365 1989 3422 Sindloch
2011 3366 2361 3439 appellatus,

712 3455 896 3527 primo
927 3456 989 3512 in
1019 3472 1097 3513 ea
1120 3454 1455 3511 habitacula
1485 3454 1908 3512 monachorum
1928 3455 2272 3523 construxit,
2306 3460 2363 3511 et

713 3562 905 3601 secum
938 3543 1301 3601 Pirmiuium
1330 3560 1463 3599 cum
1495 3542 1670 3599 sociis
1690 3544 1759 3599 ad
1782 3544 2167 3600 habitandum
2193 3561 2258 3600 eo
2280 3544 2364 3599 in-

718 3633 898 3700 duxit,
923 3636 1109 3706 jussu
1136 3632 1463 3688 Berchtoldi
1510 3632 1863 3689 nobilissimi
1906 3633 2361 3689 Alemannorum

714 3720 898 3790 ducis,
921 3721 1299 3795 temporibus
1315 3720 1544 3793 Pippini
1565 3721 1717 3794 regis
1729 3722 2081 3777 Francorum
2104 3740 2115 3789 ;
2139 3739 2363 3795 suoque

715 3826 782 3866 ex
807 3811 1050 3867 nomine
1084 3826 1298 3865 nomen
1337 3808 1549 3865 indidit
1602 3808 1827 3865 insula}.
1862 3810 1983 3866 Huc
2034 3828 2168 3883 ergo
2221 3827 2365 3884 puer

713 3900 995 3972 prtefatus
1025 3917 1063 3955 a
1095 3900 1259 3971 patre
1282 3898 1495 3954 ductus
1517 3899 1959 3954 commendatur
1980 3899 2101 3955 viro
2126 3917 2227 3972 per
2246 3917 2364 3955 om-

716 3987 811 4041 nia
838 3984 1268 4061 honestissimo
1299 3983 2031 4056 Erlebaldo(50)monacho,
2064 3985 2166 4059 qui
2186 3986 2362 4041 etiam

713 4075 987 4147 praedicto
1021 4072 1268 4148 puerulo
1303 4073 1622 4146 propagine
1649 4072 1866 4129 carnali
1897 4074 2090 4129 afﬁnis
2124 4074 2251 4129 fuit.
2284 4075 2360 4142 Is,

713 4167 845 4220 cum
867 4162 1237 4220 infantulum
1262 4161 1425 4217 bonae
1440 4160 1653 4217 indolis
1673 4161 2049 4233 conspiceret.
2071 4166 2367 4235 gratanter

713 4252 1097 4309 nutriendum
1118 4249 1664 4323 suscepit,studiose
1678 4248 2078 4322 docuit,atque
2090 4268 2157 4307 eo
2178 4268 2365 4323 usque

712 4337 1035 4397 imbuendo
1086 4338 1382 4412 produxit,
1422 4343 1485 4393 ut
1544 4342 1879 4393 sanctarum
1931 4338 2363 4410 Scripturarum

715 4429 1027 4486 scientiam
1057 4426 1391 4484 infudisset.
1433 4427 1579 4482 Nam
1610 4443 1754 4498 puer
1782 4443 1816 4481 a
1871 4427 2146 4498 primava
2200 4431 2364 4483 aetate

710 4518 869 4587 iocos
900 4523 1082 4590 atque
1112 4531 1337 4573 errores
1368 4515 1582 4587 quibus
1610 4514 1865 4571 tenerior
1897 4519 2037 4571 (etas
2073 4515 2365 4590 implicari

614 4660 619 4664 .
709 4603 858 4662 solet
884 4606 1120 4673 vitavIt,
1157 4609 1331 4676 atque
1362 4604 1434 4659 ad
1465 4621 1533 4659 ea
1562 4608 1818 4660 mentem
1848 4603 2150 4676 occupavit
2178 4605 2366 4660 susci-

709 4694 925 4764 pienda
955 4711 1088 4766 quea
1114 4694 1391 4749 docuerat
1415 4691 1712 4765 magister.

777 4782 834 4837 3.
866 4786 1017 4839 Cum
1051 4787 1248 4838 autem
1269 4781 1611 4837 vicesimum
1639 4780 1911 4852 quintum
1932 4781 2118 4836 aetatis
2140 4798 2362 4837 annum

708 4871 1050 4944 attingeret,
1083 4870 1155 4941 ad
1182 4869 1530 4926 diaconatus
1558 4870 1840 4937 ofﬁcium,
1874 4875 1931 4925 et
1960 4887 2073 4925 non
2108 4869 2363 4926 multum

707 4965 840 5031 post
864 4960 940 5015 ad
963 4959 1292 5032 presbyteri
1311 4958 1582 5031 gradum,
1613 4957 1859 5014 faciente
1881 4959 2080 5014 eodem
2116 4976 2221 5014 suo
2246 4977 2364 5015 ma-

707 5047 914 5119 gistro,
949 5045 1312 5104 sublimatus
1343 5050 1449 5102 est.
1484 5045 1615 5101 Fuit
1646 5049 1839 5102 autem
1873 5051 2012 5102 tunc
2060 5046 2362 5119 temporis,

710 5140 999 5208 regnante
1021 5134 1315 5192 Ludovico
1337 5135 1560 5190 Caesare
1584 5134 1701 5190 ﬁlio
1719 5134 1924 5204 Caroli,
1944 5135 2003 5191 in
2026 5136 2154 5207 ipsa
2174 5135 2368 5191 insula

706 5223 890 5280 abbas
913 5223 1158 5280 nomine
1187 5224 1379 5290 Hatto,
1410 5222 1500 5277 vir
1527 5222 1691 5278 valde
1722 5222 1780 5278 in
1807 5224 2070 5279 doctrina
2097 5228 2154 5279 et
2182 5224 2369 5296 cperi-

705 5310 815 5367 bus
852 5313 1033 5370 bonis
1063 5328 1412 5384 morumque
1443 5311 1746 5368 nobilitate
1778 5312 2028 5384 fulgens,
2056 5312 2155 5384 qui
2178 5316 2234 5368 et
2265 5313 2368 5367 Ba-

775 5445 1112 5520 (47)_Hodie
1136 5446 1430 5520 Sutqovia,
1462 5445 1635 5518 vulgo
1666 5446 1894 5517 Sulgcn,
1938 5445 2065 5503 aliis
2105 5443 2360 5517 Salgaw,

698 5516 879 5587 juxta
902 5517 1278 5573 Danubium.
1572 5516 1591 5518 “
1676 5586 1681 5587 γ
1770 5516 1779 5517 '
2044 5548 2053 5587 ν,

773 5588 891 5659 (48)
923 5588 1162 5644 Patrem
1186 5587 1564 5644 Bertholdum
1588 5586 1871 5660 Sulgoviae
1904 5586 2174 5643 comitem
2202 5592 2366 5644 vocat

706 5656 1141 5714 Hartmannus.

774 5728 892 5801 (49)
922 5730 1057 5785 Imo
1082 5728 1332 5801 comitis,
1367 5729 1473 5801 qui
1490 5731 1699 5801 sancto
1729 5728 2008 5801 Pirminio
2041 5728 2231 5784 locum
2265 5729 2362 5801 de-

774 5746 892 5801 (ιιυ)
923 5746 1057 5785 uno
1082 5746 1332 5797 comins,
1411 5746 1469 5784 u1
1498 5746 1699 5785 saneto
1730 5746 2008 5785 rirmimo
2041 5746 2231 5784 locum
2265 5746 2358 5784 oe-

702 5799 793 5882 dit
822 5805 1099 5882 tempore
1127 5799 1315 5882 gum-li
1354 5746 1639 5882 'Euditmu
1665 5800 1938 5882 Pippin'i"
1953 5801 2105 5874 regis
2157 5799 2358 5871 patris.

705 5869 856 5944 Lege
887 5869 1094 5931 Vitam
1126 5870 1186 5927 S.
1221 5870 1482 5927 Pirminii
1516 5871 1574 5927 in
1606 5869 1828 5929 Szeculo
1862 5870 1960 5927 III.

2463 2566 2729 2624 sileensis
2760 2566 3023 2624 Ecclesiae
3049 2566 3259 2640 praesul
3281 2568 3521 2624 exstitit.
3553 2570 3675 2633 Quo
3701 2574 3948 2628 actuosae
3973 2572 4103 2629 vitai

2465 2656 2695 2729 negotia
2736 2661 3066 2729 respuente,
3103 2660 3276 2728 atque
3334 2659 3403 2713 ad
3460 2658 3920 2731 contemplativa:
3975 2660 4104 2718 vita

2464 2744 2958 2816 pulchritudinem
2990 2762 3052 2801 se
3080 2746 3489 2814 transferente,
3533 2748 3809 2819 praefatus
3845 2747 4124 2809 Erlebal-.

2465 2834 2576 2890 dus
2603 2850 2740 2889 cum
2769 2834 3005 2890 licentia
3035 2834 3252 2890 Ludovi
3282 2836 3524 2891 Caesaris
3573 2835 3794 2893 electus
3849 2838 3922 2894 ab
3980 2853 4107 2895 om-

2467 2923 2660 2991 nibus,
2694 2923 2975 2995 praadictae
2998 2922 3202 2980 insula:
3223 2928 3280 2980 et
3302 2924 3581 2981 fratribus
3602 2925 3917 2997 praeﬁcitur
3932 2930 4111 2999 atque

2466 3012 2524 3067 in
2557 3011 2784 3067 abbatis
2812 3010 3069 3067 ofﬁcium
3102 3012 3500 3069 substituitur.
3560 3013 3689 3082 Qui,
3744 3014 3944 3071 statim
4000 3015 4111 3073 hac

2464 3102 2750 3170 potestate
2772 3102 3062 3170 suscepta,
3081 3101 3204 3172 jam
3221 3116 3373 3172 saepe
3384 3101 3605 3157 dictum
3628 3101 3819 3158 virum
3838 3118 4115 3160 veneran-

2466 3187 2609 3243 dum
2622 3188 3027 3260 Meginradum
3051 3188 3462 3262 suasitjugum
3486 3191 3802 3262 suscipere,
3820 3208 4114 3263 normam-

2472 3293 2583 3348 que
2613 3275 3104 3346 monasticzepvitaa
3163 3278 3358 3333 subire
3417 3279 3750 3337 tenendam.
3806 3277 4115 3349 Consensit

2470 3381 2604 3439 ergo
2635 3363 2856 3421 salubri
2888 3365 3128 3421 consilio
3158 3370 3215 3421 et
3243 3365 3694 3438 promissionem
3737 3365 3890 3439 fecit,
3936 3370 4117 3440 atque

2471 3453 2961 3510 omniintentione
2982 3455 3208 3512 studuit
3227 3456 3517 3526 promissa
3536 3471 3784 3524 servare,
3803 3458 4115 3529 promptus

2472 3559 2701 3617 semper
2733 3543 2805 3601 ad
2835 3543 3248 3611 obediendum,
3308 3545 3367 3601 in
3410 3544 3691 3615 jejuando
3740 3544 4004 3615 strictus,
4050 3544 4113 3605 in

2472 3632 2731 3688 oratione
2759 3632 3053 3701 assiduus,
3082 3633 3142 3687 in
3163 3631 3572 3689 misericordiae
3592 3633 3868 3705 operibus
3886 3631 4108 3707 largus,

2472 3724 2528 3777 et
2559 3720 2809 3777 maxime
2830 3720 3159 3780 humilitate
3188 3724 3525 3779 substratus
3549 3722 3844 3779 omnibus.

2542 3811 2595 3864 4.
2624 3809 2726 3866 His
2757 3810 2898 3865 dum
2934 3808 3173 3881 polleret
3221 3811 3504 3881 moribus,
3536 3829 3571 3865 a
3625 3810 3861 3884 praefaio
3906 3806 4121 3867 abbate

2472 3898 2797 3954 destinatus
2814 3898 2884 3953 ad
2909 3896 3178 3955 cellulam
3195 3899 3304 3969 (51)
3318 3899 3635 3971 quamdam
3660 3899 3731 3955 ad
3746 3900 3874 3970 jam
3895 3898 4117 3971 dictum

2474 3986 2895 4043 monasterium
2918 3986 3325 4057 pertinentem,
3349 3986 3707 4057 sitamjuxta
3727 3986 3922 4043 iacum
3950 3987 4118 4061 Turi-

2472 4074 2669 4130 cinum
2729 4075 2819 4142 (de
2854 4075 3114 4148 Zurich),
3175 4091 3350 4147 quem
3396 4073 3680 4130 interﬂuit
3725 4074 4113 4145 Lindemacus

2474 4164 2765 4235 (Limmat)
2797 4162 3032 4231 ﬂuvius,
3064 4167 3129 4218 ut
3173 4163 3388 4219 ibidem
3448 4161 3656 4218 schola:
3710 4166 4009 4234 pmesset,
4057 4166 4118 4220 et

2470 4250 2757 4310 talentum
2788 4268 2903 4323 quo
2922 4251 3047 4323 ipse
3068 4251 3291 4308 ditatus
3308 4255 3435 4309 erat
3455 4251 3525 4307 ad
3547 4250 3711 4307 lucra
3730 4250 4034 4307 Dominica
4054 4250 4115 4307 in

2472 4339 2757 4413 plurimos
2776 4338 3606 4413 dispergeret.Aliquantulum
3625 4338 3908 4412 temporis
3930 4338 4111 4397 ﬂuxe-

2472 4433 2581 4496 rat,
2614 4444 2679 4483 eo
2710 4428 2768 4482 in
2800 4427 2893 4483 his
2913 4428 3145 4484 detento
3182 4444 3194 4482 :
3229 4428 3483 4500 quadam
3513 4427 3606 4482 die
3629 4427 3886 4500 sumpsit
3916 4443 4114 4504 secum

2474 4515 2850 4572 scholasticos
2883 4532 3031 4588 quos
3063 4517 3367 4583 nutrierat,
3409 4520 3467 4572 et
3521 4515 3864 4589 praedictum
3921 4513 4116 4571 lacum

2472 4605 2922 4677 transnavigans
2954 4604 3190 4660 intravit
3215 4620 3478 4661 eremum
3505 4622 3632 4679 quae
3667 4604 3854 4677 ipsius
3885 4603 3997 4660 laci
4025 4603 4118 4660 lit-

2393 4679 2441 4744 D
2472 4694 2584 4750 tori
2616 4693 2863 4764 adjacet,
2898 4697 2955 4749 et
2998 4709 3185 4765 usque
3217 4694 3289 4748 ad
3346 4692 3519 4766 Alpes
3579 4692 3869 4755 Penninas
3926 4691 4118 4749 tendit

2473 4788 2646 4854 atque
2675 4783 2745 4839 ad
2768 4781 2967 4839 villam
2992 4781 3229 4851 Chama,
3260 4798 3437 4838 causa
3456 4781 3798 4854 piscationis
3818 4784 3875 4836 et
3894 4781 3967 4837 ad
3990 4779 4117 4837 loca

2473 4872 2651 4927 eremi
2703 4870 3006 4927 intuenda.
3061 4871 3408 4927 Perveniunt
3480 4871 3676 4942 itaque
3733 4870 3803 4931 ad
3874 4868 4117 4926 ﬂuvium

2474 4960 2787 5031 quemdam
2816 4960 2913 5033 qui
2942 4960 3000 5014 in
3031 4959 3161 5032 ipsa
3182 4958 3791 5027 decurritsolitudinc,
3816 4957 4012 5032 ibique
4031 4955 4120 5015 vir

2475 5048 2682 5104 beatus
2704 5048 2776 5104 ad
2801 5049 3148 5121 piscandum
3173 5050 3414 5121 occupat
3440 5048 3684 5103 comites
3709 5064 3722 5115 ;
3756 5047 3881 5122 ipse
3900 5062 4034 5102 vero
4056 5044 4117 5100 in

2476 5137 2943 5195 consideratione
2967 5136 3301 5195 solitudinis
3319 5136 3479 5192 solus
3500 5135 3892 5209 Spatiabatur:
3922 5136 4120 5201 accen-

2476 5241 2578 5280 sus
2611 5224 2765 5280 enim
2793 5228 2917 5280 erat
2946 5225 3193 5281 nimium
3227 5241 3422 5281 amore
3464 5223 3735 5280 solitariae
3789 5223 3966 5281 sedis.
3996 5225 4122 5291 Qua

2475 5313 2937 5371 consideratione
2961 5315 3102 5370 dum
3125 5318 3379 5370 mentem
3412 5314 3511 5369 diu
3544 5316 3822 5387 pasceret,
3848 5312 4019 5369 rediit
4046 5313 4118 5370 ad

2544 5446 2658 5516 (50)
2716 5446 3087 5502 Hermannus
3142 5447 3532 5503 Contractus:
3574 5447 3728 5502 Anno
3772 5448 3882 5513 822
3929 5447 4120 5514 Augiaz

2473 5518 2696 5588 Heitonc
2726 5517 2917 5572 abbate
2945 5526 2995 5573 et
3031 5518 3274 5588 episcopo
3301 5520 3575 5588 privatam
3603 5523 3655 5573 et
3683 5520 3925 5588 quietam
3943 5518 4116 5588 vitam

2471 5587 2786 5660 adoptante,
2818 5585 3137 5660 Erlebald‘us
3166 5585 3332 5660 abbas
3361 5591 3555 5660 tertius
3615 5585 3854 5660 decimus
3884 5585 4113 5660 prmfujt
4176 5646 4179 5653 ι

2471 5655 2634 5714 amiis
2662 5676 2778 5715 xm.
2814 5660 2921 5713 Adi
2953 5658 3345 5714 Walal'ridum
3373 5659 3646 5713 Strabum
3677 5658 3738 5713 in
3770 5655 4020 5714 carmine
4043 5655 4116 5707 de

2474 5729 2726 5785 Wetino.

2542 5801 2648 5871 (21)
2682 5798 3006 5871 Bollingam
3037 5804 3201 5856 vocat
3232 5799 3649 5871 Hartmanuus,
3678 5810 3924 5871 eamque
3960 5792 4117 5845 locat

2472 5870 2530 5926 in
2549 5863 2754 5927 dextro
2772 5863 3048 5944 lacYTigu
3058 5871 3168 5941 riui
3185 5869 3451 5943 margine
3470 5863 3646 5939 supra
3666 5863 3856 5931 vicum
3876 5863 4108 5925 Ionam-
