4868 6402
1386 503 1548 583 me

2459 509 2848 575 BEHNONIS
2892 505 3220 573 ABBATIS
3261 510 3696 574 AUGIENSIS.

4631 513 4762 575 “80

1388 663 1583 721 socios
1613 652 1950 727 invenitque
1966 668 2065 709 eos
2087 667 2198 706 non
2222 667 2394 723 parva
2416 649 2607 722 praeda
2629 648 2874 721 piscium
2897 665 3026 702 one-
3054 645 3113 712 Α
3142 645 3295 701 libus
3319 649 3457 702 viris
3483 653 3538 703 et
3573 645 3804 703 feminis
3836 645 4237 715 mittebantur,
4272 653 4486 704 cuncta
4516 647 4586 703 ad
4619 665 4673 703 se
4693 666 4766 703 ve-

1389 757 1568 809 ratos.
1603 752 1760 814 Quos
1789 744 1980 800 taliter
2008 741 2218 798 atfatur
2249 757 2260 794 :
2293 739 2519 794 Gratias
2565 737 3023 808 Largitoriffqui

1389 859 1499 898 nos
1529 838 1657 895 suis
1689 832 2134 892 misericorditer
2158 829 2361 884 ditavit
2391 828 2580 882 donis.
2613 828 2766 892 Jam,
2820 827 2944 890 filii,
2977 827 3023 880 si

1390 931 1599 1004 placet,
1635 923 1992 982 redeundum
2022 924 2109 974 eet
2136 918 2398 990 prOprios
2431 917 2677 971 invisere
2708 916 2876 970 lares.
2913 917 3024 970 Πρ-

1389 1003 1671 1093 greditur,
1705 1012 2014 1081 villamque
2045 1010 2153 1080 (52)
2185 1007 2498 1062 deveniunt
2531 1023 2641 1060 non
2676 1004 2844 1074 longe
2876 1022 2908 1058 τι
2940 1003 3026 1058 lit-

1388 1113 1513 1164 tore
1543 1106 1736 1162 sitam.

1457 1227 1509 1279 5.
1544 1221 1647 1287 Ibi,
1682 1219 1984 1290 cujusdam
2032 1219 2308 1267 matrona:
2343 1211 2662 1280 hospitium
2717 1211 3024 1278 intrantes,

1383 1311 1706 1386 paulubum
1739 1305 2078 1379 quieverunt
2109 1301 2336 1356 relicien
2349 1307 2434 1354 tes
2456 1317 2514 1353 se
2534 1299 2660 1354 cibo
2684 1305 2734 1353 et
2758 1298 3024 1370 potu.\-'ir

1383 1405 1574 1457 autem
1609 1397 1710 1452 Dei
1771 1394 2105 1466 praulictam
2159 1396 2485 1444 matronam
2541 1407 2781 1443 cernens
2817 1388 2911 1442 Ι)ρί
2948 1387 3021 1440 ti-

1380 1506 1539 1546 more
1561 1488 1814 1560 plenam,
1847 1483 1993 1537 etab
2017 1479 2456 1550 obsequendum
2483 1478 2810 1548 hospitibus
2836 1494 3022 1547 prom-

1379 1577 1738 1652 ptissimam,
1762 1573 2025 1627 ardorem
2052 1569 2142 1623 sui
2169 1567 2347 1621 animi
2371 1566 2662 1620 occultum
2690 1566 2736 1619 ei
2770 1566 3018 1636 aperuit.

1379 1667 1474 1722 his
1504 1663 1695 1720 verbis
1731 1659 2012 1724 incipirms
2048 1675 2060 1711 :
2097 1657 2284 1710 Chara
2312 1656 2538 1710 Christo
2573 1655 2808 1717 femina,
2839 1654 2884 1708 si
2907 1653 3019 1708 vel-

1381 1756 1468 1812 les
1498 1753 1720 1815 audire,
1756 1755 2041 1803 secretum
2075 1744 2265 1800 cordis
2289 1745 2398 1798 mei
2427 1743 2526 1797 tibi
2563 1743 3017 1797 manifestarem.

1381 1843 1488 1900 Sed
1523 1845 1837 1911 antequam
1867 1837 1926 1890 id
1957 1852 2150 1906 agam,
2177 1849 2351 1904 posco
2384 1837 2448 1886 ut
2470 1831 2640 1884 verba
2678 1849 2806 1886 mea
2849 1838 3021 1901 atque

1380 1931 1739 1988 voluntatem
1771 1924 2049 1987 occultes,
2110 1937 2417 1994 quousque
2471 1937 2672 1974 cernas
2731 1919 2777 1973 si
2838 1920 3020 1990 possit

1381 2036 1554 2092 opere
1583 2013 1861 2088 compleri
1889 2013 2041 2084 quod
2065 2011 2234 2066 credo
2260 2027 2349 2064 me
2377 2009 2580 2062 devota
2603 2014 2794 2063 mente
2827 2025 3022 2062 conce-
3053 2013 3098 2078 Β

1381 2109 1560 2182 pisse.
1594 2102 1958 2161 Habitatione
1991 2100 2168 2169 hujus
2193 2097 2368 2153 eremi
2394 2097 2544 2152 ultra
2563 2114 2765 2152 omnes
2787 2097 3017 2152 divitias

1383 2196 1656 2260 delector,
1685 2205 2071 2264 cuperemque
2091 2189 2216 2257 jam
2245 2187 2298 2240 in
2331 2204 2398 2241 ea
2420 2185 2698 2240 collocare
2723 2187 3021 2240 mansiun-

1381 2285 1571 2342 culam
1605 2297 1815 2348 meam,
1849 2283 1913 2333 ut
1940 2276 2282 2332 familiarius
2307 2292 2538 2348 possem
2599 2275 2870 2346 precibus
2923 2293 3019 2328 va~

1379 2390 1529 2438 care,
1571 2371 1619 2428 si
1652 2367 1985 2442 quempiam
2019 2364 2328 2438 reperirem
2353 2365 2450 2436 qui
2477 2364 2802 2419 necessaria
2825 2381 3020 2435 corpo-

1378 2463 1460 2518 ris
1489 2460 1632 2517 mihi
1665 2458 1998 2514 ministrare
2030 2455 2103 2510 ob
2135 2455 2233 2509 Dei
2258 2470 2515 2508 amorem
2533 2453 2720 2507 vellet.
2747 2453 2857 2507 Sed
2882 2454 3020 2523 quia

1378 2551 1568 2608 adhuc
1598 2549 1708 2604 hoc
1738 2545 1944 2603 solatio
1976 2543 2307 2606 defraudor,
2342 2559 2514 2612 posco
2547 2541 2779 2595 interim
2831 2541 3018 2595 occul-

1378 2640 1489 2696 tari
1519 2637 1674 2710 quod
1703 2633 1892 2706 cupio.
1950 2631 2056 2687 llla
2086 2647 2120 2684 a
2149 2631 2264 2684 Deo
2318 2630 2567 2699 inpirata
2599 2631 2683 2698 (ut
2713 2629 2904 2700 credo)
2933 2648 3020 2684 re-

1379 2727 1644 2800 spondit:
1669 2725 1968 2778 Secretum
1993 2724 2159 2774 tuum
2182 2718 2348 2782 nulli,
2377 2723 2427 2772 te
2450 2717 2699 2781 nolente,
2725 2719 3017 2784 revelabo;

1379 2813 1612 2872 noveris
1643 2815 1860 2878 autem,
1893 2809 1941 2863 si
1975 2809 2032 2863 in
2069 2811 2253 2880 ccepto
2283 2806 2590 2878 persistere
2621 2807 2726 2873 vis,
2782 2824 2871 2861 me
2923 2825 3016 2862 ne-

1381 2901 1635 2962 cessaria
1663 2901 1897 2974 propter
1925 2896 2239 2953 Dominum
2273 2895 2376 2950 tibi
2428 2895 2913 2960 ministraturam,
2964 2903 3020 2951 et

1379 2995 1666 3065 quantum
1697 3004 1936 3062 possum
1972 2990 2072 3041 tuo
2103 2989 2230 3040 voto
2260 2985 2715 3040 satisfacturam.

1449 3119 1502 3172 6.
1537 3113 1636 3170 Ille
1661 3111 1970 3187 promissis
2001 3109 2324 3182 rependens
2352 3108 2568 3180 gratias
2625 3109 2917 3181 repedavit
2945 3111 3016 3165 ad

1377 3205 1604 3271 cellam,
1641 3203 1797 3259 unde
1829 3201 2130 3274 digressus
2161 3201 2268 3265 est,
2293 3197 2510 3268 ubique
2529 3197 2775 3269 jejuniis
2806 3204 2860 3254 et
2890 3217 3016 3254 ora-

1377 3294 1637 3352 tionibus
1650 3289 1943 3349 continuis
1958 3306 1990 3343 a
2006 3287 2120 3343 Deo
2137 3287 2428 3358 proposcit
2445 3290 2507 3340 ut
2525 3287 2808 3358 quidquid
2827 3289 2897 3343 de
2910 3288 3016 3344 hoc

3141 737 3433 791 aientibus
3469 738 3523 791 in
3555 737 3980 808 eleemosynam
4015 735 4290 808 erogavit.

3207 833 3258 881 8.
3293 827 3514 881 Accidit
3547 831 3739 882 autem
3773 827 3924 882 inter
3953 826 4075 882 haec
4105 832 4169 881 ut
4225 826 4486 898 quadam
4545 827 4652 893 die,
4707 844 4759 882 eo

3136 922 3355 980 orante,
3377 921 3535 970 tanta
3555 915 3864 970 multitudo
3889 915 4226 969 dtrmonum
4250 916 4405 970 circa
4428 914 4594 970 illum
4621 915 4762 970 undi-

3137 1022 3246 1074 que
3278 1005 3701 1059 diffunderetur
3736 1010 3795 1058 ut
3829 1021 3931 1059 nec
3961 1004 4148 1075 ipsam
4183 1004 4373 1059 lucem
4405 1004 4546 1072 dici,
4577 1005 4756 1058 iisdem

3136 1096 3503 1149 tenebrarum
3565 1094 3851 1150 ministris
3926 1093 4472 1160 obtenebrantibus,
4551 1109 4760 1147 cernere

3136 1188 3346 1253 posset.
3382 1183 3486 1245 Qui
3522 1201 3652 1238 cum
3687 1200 3820 1237 eum
3856 1183 4031 1237 minis
4061 1181 4424 1237 terribilibus
4463 1187 4520 1237 et
4553 1181 4762 1236 horrore

3136 1271 3316 1326 nimio
3351 1272 3678 1341 fatigarent,
3728 1272 3782 1326 in
3842 1271 4100 1325 oratione
4162 1275 4513 1342 prostratus,
4575 1276 4634 1324 ut
4685 1286 4758 1323 res

3135 1362 3427 1432 poscebat,
3458 1378 3589 1415 cum
3615 1361 3769 1415 omni
3797 1361 3992 1415 studio
4017 1376 4076 1414 se
4102 1359 4193 1431 pio
4217 1359 4468 1415 Domino
4491 1374 4755 1412 commen-

3134 1451 3328 1504 dabat.
3363 1451 3522 1515 Quod
3558 1468 3688 1504 cum
3723 1449 3819 1504 diu
3865 1455 4152 1519 ageretur,
4209 1449 4399 1503 cernit
4431 1447 4507 1503 ab
4559 1448 4762 1502 Oriente

3133 1537 3319 1590 lucem
3355 1556 3366 1592 :
3403 1555 3579 1608 quam
3614 1537 3802 1592 lucem
3837 1542 4072 1592 secutus
4112 1535 4379 1608 angelus,
4437 1536 4510 1590 ad
4561 1536 4753 1607 ipsum,

3133 1627 3229 1680 ubi
3265 1626 3318 1680 in
3353 1627 3862 1695 orationejaccbat
3895 1627 3950 1680 in
3978 1627 4170 1680 medio
4203 1625 4598 1697 malignorum
4620 1624 4761 1694 spiri-

3132 1721 3319 1780 tuum,
3355 1715 3631 1786 pervenit,
3669 1732 3880 1779 inagna
3911 1714 4256 1769 auctoritate
4279 1713 4505 1784 agmini
4538 1712 4756 1768 nefando

3135 1811 3398 1875 praecepit
3435 1810 3493 1858 ut
3525 1805 3887 1859 discederent
3909 1803 4171 1875 nihilque
4208 1802 4552 1858 tentationis
4583 1806 4634 1856 et
4663 1806 4756 1854 ter-

3135 1895 3275 1947 roris
3311 1895 3357 1947 ci
3387 1893 3534 1947 ultra
3560 1896 3768 1947 iulerre
3791 1893 4090 1948 auderent.
4111 1891 4564 1948 Discedentibus
4585 1892 4754 1960 itaque

3131 1983 3418 2041 hostibus.
3439 1984 3747 2053 prtedictus
3771 1999 3900 2036 eum
3917 1979 4567 2053 angelusamicabiliter
4581 1995 4755 2034 conso-

3131 2071 3281 2126 latus
3314 2073 3602 2135 discessit,
3638 2077 3810 2142 atque
3837 2071 3908 2125 ab
3935 2071 4058 2142 ipso
4089 2069 4180 2125 die
4203 2075 4290 2138 (ut
4320 2069 4411 2124 vir
4430 2066 4752 2125 venerabilis

3131 2161 3434 2233 referebat)
3487 2160 3565 2214 nil
3603 2159 3839 2214 terroris
3881 2159 4037 2214 ultra
4070 2176 4103 2213 a
4153 2157 4432 2231 malignis
4478 2158 4754 2231 spiritibus

3129 2250 3429 2305 sustinuit.

3198 2341 3252 2394 9.
3286 2339 3508 2394 Accidit
3535 2339 3708 2393 etiam
3743 2342 3942 2410 postea
3975 2343 4037 2392 ut
4059 2337 4297 2409 quidam
4325 2336 4510 2393 frater
4540 2337 4607 2392 de
4635 2354 4751 2408 pre-

3129 2430 3282 2484 dieto
3315 2427 3666 2482 monasterio
3699 2444 3831 2481 eum
3870 2426 4220 2481 visitationis
4274 2425 4468 2496 gratia
4523 2424 4748 2487 adierit;

3130 2536 3300 2589 quem
3338 2517 3582 2587 benigne
3615 2515 3960 2584 suscipiens,
3993 2532 4126 2571 cum
4160 2514 4333 2570 sociis
4365 2515 4470 2586 qui
4515 2530 4640 2570 cum
4668 2512 4749 2567 illo

3128 2611 3426 2669 venerant,
3461 2609 3671 2660 cuncta
3701 2621 3826 2675 quze
3861 2604 4120 2676 hospites
4151 2603 4460 2667 decebant,
4495 2605 4748 2675 quantum

3129 2695 3485 2767 possibilitas
3512 2694 3795 2765 permisit,
3829 2693 4078 2764 benigne
4137 2692 4421 2748 exhibuit.
4473 2691 4611 2747 Cum
4640 2706 4747 2744 vero

3120 2785 3244 2854 jam
3281 2789 3510 2852 tempus
3549 2781 3944 2852 vespertinum
3970 2779 4244 2845 venisset,
4277 2785 4333 2835 et
4364 2780 4562 2836 sidera
4589 2777 4745 2850 splen-

3128 2873 3326 2928 dentia
3353 2871 3666 2926 suaderent
3725 2887 3984 2938 somnos,
4038 2869 4364 2924 refecerunt
4396 2885 4464 2924 se
4507 2867 4747 2924 dulcibus

3128 2962 3503 3017 collationum
3562 2958 3868 3030 colloquiis
3927 2963 4099 3029 atque
4145 2963 4277 3030 post
4325 2956 4744 3031 completorium

3127 3051 3321 3105 ierunt
3347 3049 3685 3114 dormitum,
3722 3047 3777 3101 in
3813 3045 3938 3102 loco
3965 3051 4233 3117 separato
4265 3046 4447 3102 frater
4477 3045 4576 3119 qui
4605 3045 4746 3100 adve-

3128 3144 3313 3201 nerat.
3346 3153 3610 3194 seorsum
3642 3135 3815 3191 etiam
3847 3137 3974 3207 ejus
3997 3135 4260 3201 comites,
4286 3151 4389 3190 nec
4424 3152 4542 3191 non
4565 3139 4617 3190 et
4645 3135 4744 3204 ipse

3126 3227 3474 3284 venerabilis
3503 3228 3590 3281 vir
3622 3225 3678 3280 in
3711 3224 3934 3297 privata
3983 3223 4414 3279 mansiuncula.
4468 3223 4744 3280 Paululum

3129 3335 3263 3388 ergo
3297 3316 3561 3370 reficiens
3591 3312 4004 3386 corpusculum
4036 3328 4264 3382 somno,
4303 3311 4391 3367 vir
4437 3311 4542 3368 Dei
4587 3309 4747 3381 surgit

1377 3382 1674 3478 negOtiofi
1695 3379 2014 3478 Ρὲδθυίεδθξ
2033 3378 2212 3478 “1,390
2233 3375 2428 3478 “finio
2451 3377 2796 3478 εΫΠΠΪῙΠῨῨθ
2817 3378 3016 3478 dign?”
3048 3377 3092 3444 θ’
3133 3375 3306 3478 atque
3338 3404 3588 3460 assuetis
3619 3375 3856 3457 incubat
3878 3401 4114 3474 pervigil
4139 3375 4432 3473 precibus.
4460 3375 4750 3458 Predictvus

1376 3477 1556 3530 retur.
1589 3470 1848 3526 Tandem
1874 3466 2232 3522 confortatus
2263 3464 2458 3518 divina
2484 3464 3020 3536 inspirat'one,reli-

1378 3562 1509 3632 quit
1568 3557 1775 3613 cellam
1834 3553 2210 3624 scholamque
2262 3552 2354 3606 cui
2413 3557 2674 3623 prazcrat,
2736 3559 2792 3610 et
2824 3556 3019 3612 revisit

1377 3646 1675 3719 hospitam
1705 3659 1898 3708 suam,
1924 3641 2219 3712 explorare
2242 3639 2440 3695 volens
2465 3645 2658 3696 utrum
2683 3643 2740 3697 in
2766 3661 2873 3698 sua
2896 3662 3020 3715 pro-

1381 3733 1665 3793 missione
1717 3731 2026 3805 persistere
2057 3728 2224 3784 vellet
2250 3746 2322 3783 an
2383 3746 2516 3783 non.
2551 3731 2732 3794 Quam
2791 3733 2930 3787 dum
2960 3735 3017 3789 in

1381 3822 1692 3900 praebendo
1714 3819 1823 3876 sibi
1839 3817 2125 3892 promisso
2139 3816 2344 3874 solatio
2360 3818 2705 3890 perdurasse
2720 3820 3014 3892 sensisset,

1379 3930 1496 3972 non
1527 3911 1692 3986 longe
1717 3909 1790 3966 ab
1821 3909 1948 3982 ipsa
1976 3905 2128 3970 villa,
2160 3906 2219 3960 in
2253 3923 2370 3978 qua
2399 3907 2597 3962 eadem
2633 3909 2847 3964 femina
2869 3928 3019 3967 com-

1378 4001 1672 4068 manebat,
1708 3999 1767 4054 in
1799 4015 1990 4054 eremo
2013 3995 2124 4052 sibi
2147 3994 3014 4070 habitaculum(53)construxit,

1382 4097 1559 4164 atque
1613 4089 1830 4146 ibidem
1875 4086 2120 4158 jejuniis
2175 4089 2233 4140 et
2288 4085 2645 4142 orationibus
2690 4087 3017 4145 indefessus

1379 4177 1632 4237 Creatori
1665 4175 1918 4245 servivit,
1951 4173 2280 4231 necessaria
2317 4174 2606 4244 prmbente
2637 4175 2687 4230 ei
2745 4177 3018 4247 praedicta

1377 4265 1644 4326 matrona
1673 4283 1779 4322 nec
1811 4282 1926 4320 non
1957 4269 2016 4320 et
2045 4261 2177 4319 aliis
2205 4262 2494 4336 religiosis
2523 4263 2681 4319 viris.

1445 4386 1500 4439 7.
1529 4382 1637 4440 Ubi
1668 4383 1810 4438 dum
1842 4398 1944 4454 per
1973 4383 2195 4452 septem
2227 4395 2412 4434 annos
2447 4379 2681 4450 superni
2711 4381 2881 4452 Regis
2908 4382 3015 4454 mi-

1375 4471 1565 4528 litiam
1587 4451 1892 4544 exegisset,
1919 4451 2361 4524 multitudinem
2386 4465 2582 4538 pOpuli
2605 4468 2675 4522 ad
2709 4485 2768 4524 se
2791 4451 3019 4526 venieri-

1375 4560 1452 4618 tis
1480 4562 1626 4617 ferre
1656 4576 1772 4616 non
1801 4557 2024 4624 valens,
2060 4554 2304 4611 mutavit
2324 4553 2538 4622 locum,
2571 4560 2744 4627 atque
2765 4573 2800 4612 a
2821 4559 3020 4630 prmdi-

1377 4650 1453 4708 cti
1482 4648 1592 4706 laci
1623 4649 1816 4704 littore
1857 4649 2110 4719 quatuor
2153 4643 2414 4699 millibus
2458 4643 2774 4699 distantem
2808 4647 3020 4718 reperit

1375 4738 1680 4811 planitiem
1711 4737 1865 4792 inter
1890 4735 2118 4790 montes
2149 4749 2389 4790 accessu
2410 4731 2577 4788 valde
2607 4732 3020 4807 difﬁcilemt54)
3053 4749 3098 4812 D

1374 4827 1482 4895 Ibi,
1501 4825 1914 4898 adjuvantibus
1934 4822 2074 4879 viris
2091 4821 2400 4895 religiosis,
2423 4827 2481 4878 et
2493 4821 2744 4878 maxime
2767 4825 3020 4894 quadam

1376 4915 1677 4974 abbatissa
1705 4912 1991 4985 Heilvviga
2007 4912 2116 4984 (55)
2141 4911 2395 4978 nomine,
2420 4910 2751 4967 necessaria
2780 4913 2894 4968 voti
2927 4915 3016 4970 sui

1375 5003 1701 5062 construxit
1716 4999 2068 5064 habitacula,
2085 5003 2257 5070 atque
2279 5001 2338 5054 in
2357 4999 2557 5056 eodem
2581 4997 2704 5054 loco
2726 5001 2880 5072 quod
2897 5007 3021 5058 erat

1376 5091 1672 5162 reliquum
1699 5089 1828 5143 vitae
1860 5087 2200 5159 permansit,
2225 5087 2725 5160 semetipsumque
2747 5089 3018 5146 maximis

1382 5193 1687 5236 macerans
1708 5176 1974 5248 jejuniis,
2008 5179 2066 5230 et
2095 5180 2379 5246 quantum
2429 5175 2688 5232 humana
2733 5179 3018 5252 fragilitas

1381 5263 1818 5341 permisit,sine
1836 5263 2273 5318 intermissione
2317 5264 2516 5318 oravit.
2538 5267 2670 5331 Quae
2689 5266 2800 5322 sibi
2823 5286 2856 5324 a
2878 5269 3018 5324 fide-

1453 5366 1912 5442 (52igdrtendorf
1933 5366 2154 5423 scilicet
2179 5367 2240 5422 in
2299 5369 2513 5424 montis
2571 5370 2743 5426 Ecelii
2801 5374 3016 5442 radice,

1377 5440 1524 5498 teste
1555 5440 1937 5496 Hartmanno.

1451 5511 1682 5586 (ξω-ιω
1707 5525 1868 5586 nunc
1899 5525 2129 5586 quoque
2160 5508 2438 5586 sacellum
2465 5511 2650 5586 sancti
2697 5512 3014 5586 Meginradi

1377 5584 1436 5640 in
1460 5581 1658 5639 ‘Ecelio
1690 5581 1934 5636 dictum.
1969 5583 2272 5636 Secessum
2321 5581 2473 5636 hunc
2522 5583 2592 5636 ad
2645 5581 2862 5639 annu'm
2913 5590 3018 5642 832

1378 5658 1607 5711 revocat
1639 5653 2054 5708 Hartmannus.
2081 5653 2322 5726 Praatero
2346 5657 2711 5726 anuum7828,
2732 5655 3018 5726 siquidem

1380 5726 1772 5798 obieritanno
1796 5725 1908 5798 360
1939 5739 1957 5798 :_
1986 5741 2123 5779 nam
2147 5724 2208 5780 in
2239 5740 2439 5798 eremo
2461 5725 2636 5780 Ecelii
2683 5724 2927 5798 septem,
2963 5729 3022 5782 in

1379 5796 1529 5856 silva
1555 5796 1736 5868 Nigra
1756 5794 1961 5868 viginti
1992 5811 2094 5854 sex
2117 5811 2302 5854 annos
2333 5794 2490 5851 vixit.

3127 3496 3300 3553 etiam
3335 3495 3527 3558 frater,
3563 3491 3694 3546 licet
3753 3490 3810 3544 in
3842 3495 4023 3544 strato
4077 3489 4422 3561 quiesceret,
4487 3505 4628 3562 pene
4677 3485 4746 3540 in-

3129 3600 3392 3641 somnem
3425 3580 3588 3636 duxit
3617 3584 3864 3634 noctem.
3899 3578 4048 3634 Dum
4105 3583 4300 3634 autem
4343 3577 4461 3634 huc
4519 3577 4605 3634 vel
4633 3575 4747 3632 illuc

3128 3675 3354 3730 curiose
3394 3675 3639 3726 verteret
3689 3667 3909 3732 oculos,
3963 3667 4148 3722 cernit
4205 3684 4454 3738 puerum
4515 3667 4574 3723 in
4623 3663 4749 3719 albis

3126 3764 3384 3819 vestibus
3415 3761 3485 3814 ab
3515 3760 3640 3830 ipso
3672 3756 3904 3812 oratorii
3939 3755 4062 3810 loco
4097 3756 4589 3828 progredientem,
4613 3754 4747 3810 mira:

3127 3848 3602 3925 pulchritudinis,
3638 3851 3701 3901 ut
3731 3847 3780 3900 ei
3815 3845 4005 3900 visum
4053 3849 4141 3899 est
4194 3845 4384 3900 aetatis
4418 3850 4642 3917 septem
4668 3858 4750 3894 au-

3127 3958 3360 4006 norum,
3383 3938 3483 4011 qui
3515 3936 3842 4008 ingreditur
3869 3934 3940 3990 ad
3973 3933 4162 3988 virum
4186 3931 4382 4005 ipsum
4407 3933 4533 3999 Dei,
4555 3938 4609 3987 et
4637 3943 4748 3985 cum

3127 4049 3192 4088 eo
3220 4035 3418 4085 orante
3467 4026 3689 4090 orabat,
3716 4028 3772 4079 et
3827 4023 4057 4078 diversa
4113 4039 4248 4078 cum
4306 4038 4374 4077 eo
4402 4021 4747 4095 loquebatur.

3127 4117 3306 4188 Cujus
3335 4111 3736 4169 collocutionis
3763 4109 3895 4164 licet
3916 4108 4228 4181 praedictus
4259 4109 4434 4165 frater
4459 4123 4650 4166 vocem
4669 4121 4751 4162 au-

3126 4206 3328 4270 disset,
3362 4217 3602 4258 sensum
3634 4204 3827 4254 tamen
3859 4199 4124 4270 ejusdem
4155 4198 4312 4254 vocis
4339 4215 4456 4253 non
4490 4195 4744 4271 percipie-

3125 4296 3244 4350 bat.
3280 4292 3386 4358 Qui
3419 4291 3593 4345 etiam
3617 4303 3762 4360 puer
3791 4287 3901 4359 ipsi
3923 4285 4086 4342 fratri
4111 4285 4276 4358 plene
4301 4285 4563 4360 vigilanti
4585 4281 4748 4341 astitit

3125 4388 3301 4455 atque
3324 4381 3394 4436 de
3413 4377 3769 4451 quibusdam
3795 4375 4041 4442 monuit,
4065 4393 4193 4448 qua;
4219 4376 4458 4431 omnino
4479 4377 4649 4432 frater
4668 4370 4747 4425 ille

3127 4471 3237 4529 sibi
3271 4466 3579 4525 interdicta
3609 4483 3736 4522 esse
3768 4482 3838 4520 ne
3871 4466 3929 4519 in
3962 4463 4155 4536 palam
4187 4466 4472 4536 proferret
4521 4462 4745 4519 dicebat.

3126 4558 3440 4632 Supprimo
3472 4554 3676 4622 multa,
3707 4553 3974 4609 brevitati
4009 4553 4274 4620 studens,
4309 4570 4436 4625 quae
4471 4554 4544 4610 de
4569 4541 4635 4608 ἒο
4662 4547 4747 4604 mi-

3127 4649 3312 4706 randa
3344 4644 3733 4718 plurimorum
3765 4641 4021 4698 narratio
4051 4646 4208 4698 certa
4235 4642 4617 4697 demonstrat.

3205 4739 3290 4792 10.
3323 4737 3468 4790 Cum
3499 4749 3634 4804 ergo
3666 4732 3725 4787 in
3756 4731 3885 4804 ipsa
3914 4747 4107 4786 eremo
4139 4731 4484 4786 vicesimum
4544 4733 4745 4786 sextum

3131 4841 3351 4883 annum
3414 4825 3629 4894 ageret,
3691 4819 3947 4876 serviens
4005 4819 4248 4874 Domino
4303 4821 4362 4875 in
4413 4818 4652 4892 jejuniis
4702 4815 4747 4868 et

3128 4911 3484 4971 abstinentia
3530 4913 3874 4965 cunctarum
3933 4906 4303 4964 mundalium
4362 4925 4576 4977 rerum,
4632 4920 4745 4960 con-

3127 5003 3282 5076 tigit,
3341 5017 3408 5056 eo
3462 4997 3784 5071 inspirante
3842 4997 3941 5069 qui
4015 5001 4346 5069 serpentem
4403 4995 4652 5061 intravit,
4701 4993 4747 5044 et

3131 5108 3326 5166 peros
3376 5089 3505 5160 ejus
3557 5085 3948 5160 protoplastos
4006 5086 4236 5158 decepit
4265 5091 4322 5142 et
4377 5087 4448 5143 de
4505 5081 4746 5158 paradiso

3128 5181 3316 5254 ejecit,
3349 5180 3496 5234 duos
3529 5176 3822 5242 homines,
3853 5192 4031 5231 causa
4058 5192 4193 5231 eum
4215 5175 4536 5242 occidendi,
4564 5170 4744 5229 cellam

3126 5270 3290 5326 illius
3319 5282 3647 5341 properare.
3682 5263 3790 5331 Qui
3820 5280 3954 5320 cum
3985 5264 4282 5320 venissent
4323 5265 4397 5321 ad
4431 5263 4622 5321 villam
4651 5255 4742 5328 (56)

3198 5376 3667 5444 (54)Asportasse
3693 5387 3902 5444 secum
3921 5369 4320 5444 exEceliicelli
4339 5371 4598 5444 regulam
4609 5365 4746 5422 S.Be-

3129 5441 4741 5515 nedicti,scriptaCassiani,Missale,librumﬂbmiliarum,

3165 5511 3560 5573 Hartmannus
3589 5513 3865 5587 traditex
3897 5511 4711 5587 monumentisAugiensibus.

3201 5589 3316 5659 (55)
3347 5589 3745 5659 Hartmannus
3773 5584 4212 5659 interpretatur
4232 5578 4632 5659 Hildeg'ardegi
4662 5578 4746 5653 Lu:

3131 5652 3312 5714 dovici
3347 5655 3670 5714 Germanici
3705 5656 3858 5727 regis
3888 5652 4089 5723 tiliam,
4122 5655 4357 5712 cuitum
4389 5652 4550 5728 pater
4569 5652 4740 5723 Tiguﬂ

3131 5729 3460 5786 cmnobium
3492 5726 4007 5784 Frawenmunster
4033 5727 4254 5782 dictum
4286 5726 4622 5782 aedificabat.

3204 5802 3314 5872 (56)
3345 5800 3632 5872 Endigcm
3666 5797 3910 5866 scilicet,
3944 5798 4046 5855 ubi
4076 5797 4287 5857 deinde
4315 5798 4594 5872 oppidum
4622 5794 4746 5860 Rap-
