4868 6458
672 592 821 658 1181

1738 589 1926 656 VI'I‘A
1969 591 2034 655 S.
2082 589 2520 656 MEGINRADI
2563 589 2989 659 MARTYRIS.

3904 600 4066 666 “89

675 729 987 802 quamdam
1022 727 1079 783 in
1111 727 1376 801 Tigurini
1398 727 1504 784 loci
1526 727 1714 783 littore
1738 728 1934 795 sitam,
1963 732 2302 799 legaret-unt
2334 729 2387 794 Α
2422 727 2656 799 insuper
2687 747 2749 783 ac
2774 735 2974 801 potum
2994 730 3238 797 addidit,
3264 732 3529 789 dicenszvx
3549 732 3675 789 Haec
3694 733 3763 790 de
3784 736 4057 793 manibus

676 818 781 876 sibi
822 817 1133 874 monstrari
1195 836 1321 890 qua:
1352 834 1487 890 pars
1532 817 1727 891 pervia
1756 821 1909 872 esset
1951 816 2203 872 adeundi
2237 818 2307 871 ad

676 907 937 964 cellulam
994 908 1142 977 ejus.
1178 908 1339 973 Quod
1371 924 1503 963 cum
1545 907 1628 962 eis
1687 909 2075 961 monstratum
2134 911 2305 973 esset,

676 1000 895 1052 mature
926 1012 1028 1068 per
1053 999 1283 1051 noctem
1317 1000 1644 1067 surgentes,
1674 994 1933 1067 aggressi
1974 999 2110 1050 sunt
2143 1012 2306 1049 mon-

673 1090 914 1141 stratum
948 1083 1058 1140 sibi
1094 1084 1220 1152 iter,
1247 1085 1504 1156 agitante
1530 1084 1627 1155 qui
1663 1101 1759 1139 eos
1792 1084 2129 1155 impleverat
2146 1088 2311 1165 teter-

676 1175 816 1229 rimo
849 1172 1077 1245 spiritu.
1139 1172 1247 1227 Diu
1280 1177 1475 1227 tamen
1526 1173 1747 1227 erronei
1781 1190 1815 1227 a
1865 1176 2018 1227 recto
2077 1174 2308 1226 tramite

675 1263 911 1318 ducente
941 1261 1014 1316 ad
1046 1261 1234 1333 ipsam
1265 1261 1490 1327 cellam,
1524 1261 1784 1317 daemone
1832 1262 2066 1315 tandem
2100 1261 2306 1327 vexati,

676 1368 785 1422 quo
814 1350 1084 1406 volebant
1112 1356 1516 1421 pervenerunt,
1571 1351 1824 1406 maxima
1847 1352 1972 1420 jam
2008 1355 2166 1421 parte
2198 1349 2309 1405 diei

677 1437 885 1509 elapsa.

746 1529 794 1581 1.
828 1527 953 1598 Ipse
982 1543 1117 1583 vero
1150 1527 1338 1583 solitis
1383 1527 1747 1582 orationibus
1808 1527 2114 1591 incubans,
2166 1528 2310 1583 mis-

677 1632 865 1670 sarum
924 1617 1125 1671 devote
1184 1616 1469 1672 solemnia
1526 1616 1745 1670 libabat
1808 1616 2080 1671 Creatori.
2145 1617 2311 1672 Prius

678 1707 865 1758 autem
896 1721 1075 1775 quam
1106 1703 1164 1759 in
1198 1705 1384 1776 ipsam
1427 1703 1632 1759 cellam
1684 1704 1925 1776 maligni
1974 1704 2309 1771 intrassent,

678 1794 943 1864 (quorum
958 1810 1113 1848 unus
1130 1794 1445 1849 vocabatur
1470 1792 1817 1861 Richardus,
1842 1798 2083 1865 eratque
2105 1811 2313 1865 genere

676 1879 1041 1950 Alemannus,
1068 1882 1213 1937 alter
1230 1899 1361 1937 vero
1378 1883 1603 1947 Petrus,
1630 1883 1730 1953 qui
1752 1882 2183 1938 Rhaztiauorum
2212 1900 2311 1938 na-

676 1970 823 2026 tione
871 1975 1211 2043 procreatus
1242 1973 1349 2042 est)
1410 1970 1573 2043 pulli,
1634 1988 1780 2042 quos
1812 1971 1897 2025 vir
1947 1973 2313 2028 venerandus

676 2060 867 2114 eodem
899 2060 957 2115 in
1018 2060 1145 2115 loco
1178 2060 1480 2124 nutrierat,
1542 2076 1640 2114 eos
1700 2060 1760 2113 in
1820 2059 2083 2130 proxima
2118 2060 2312 2115 venire

677 2147 1116 2220 conspicientes,
1177 2148 1347 2219 quasi
1380 2166 1412 2202 a
1464 2146 1634 2219 vulpe
1693 2148 2159 2218 insequerentur,
2216 2166 2314 2219 per

677 2251 927 2292 eremum
960 2237 1331 2308 diffugerant,
1383 2236 1634 2291 clamore
1683 2235 1918 2291 insolito
1977 2241 2034 2291 et
2066 2238 2309 2308 strepitu

679 2324 934 2380 inaudito
971 2325 1177 2381 silvam
1213 2324 1529 2379 resultante
1561 2325 1701 2378 echo
1727 2323 2101 2396 complentes,
2140 2325 2221 2379 ita
2252 2332 2315 2380 ut

679 2413 846 2468 etiam
868 2413 979 2487 ipsi
1001 2414 1263 2470 latrones
1289 2415 1393 2468 hac
1424 2415 1494 2468 de
1524 2431 1584 2469 re
1612 2412 1864 2468 multum
1888 2414 2239 2468 mirarentur
2259 2420 2315 2470 et

681 2502 1170 2573 obstupescerent,
1200 2507 1373 2574 atque
1406 2502 1472 2556 ad
1508 2502 1839 2574 prodigium
1872 2502 1977 2556 hoc
2028 2503 2314 2574 pertinere

682 2590 916 2662 propria
948 2590 1167 2647 mentis
1199 2592 1572 2645 decernerent
1590 2590 1833 2660 judicio.
2312 2656 2316 2660 ἠ

751 2680 830 2733 12.
853 2680 1144 2746 Attamen,
1179 2696 1211 2734 a
1233 2683 1417 2750 coepto
1446 2696 1560 2733 non
1588 2679 1869 2745 distracti,
1896 2681 2317 2751 aggrediuntur

684 2767 951 2837 capellam
984 2767 1044 2822 in
1079 2784 1196 2839 qua
1226 2769 1312 2821 vir
1344 2767 1464 2833 Dei,
1498 2772 1563 2822 ut
1594 2767 1929 2838 przedictum
1962 2773 2067 2834 est,
2109 2770 2315 2824 oratio-

683 2855 846 2910 nibus
878 2856 1193 2911 Dominum
1227 2855 1334 2910 sibi
1370 2855 1633 2927 placabat
1666 2856 1940 2927 profusis,
1988 2872 2315 2929 corpusque

680 2942 1060 3013 Dominicum,
1099 2949 1164 3000 ut
1214 2945 1495 3015 praescius
1526 2944 1876 3009 futurorum,
1921 2945 1992 2999 ad
2038 2945 2313 3001 viaticum

681 3030 866 3089 obitus
897 3033 989 3089 sui
1019 3051 1166 3106 puro
1200 3034 1371 3088 corde
1402 3050 1466 3088 ac
1502 3033 1706 3087 devota
1738 3038 1929 3087 mente
1960 3041 2313 3106 susceperat.

681 3118 921 3192 Jamque
945 3122 1033 3177 vir
1063 3121 1183 3189 Dei,
1219 3125 1283 3176 ut
1329 3121 1609 3176 sensisset
1662 3121 1864 3175 adesse
1920 3128 2316 3194 peremptores

684 3223 833 3275 suos,
858 3226 971 3265 non
996 3214 1194 3266 tamen
1221 3226 1281 3264 se
1311 3210 1394 3264 eis
1426 3211 1625 3264 statim
1650 3209 2044 3280 prazsentavit;
2077 3211 2176 3265 sed
2199 3229 2317 3266 mo-

682 3294 867 3351 dicum
910 3298 1103 3353 adhuc
1135 3297 1429 3361 differens,
1464 3297 1724 3352 clausum
1757 3299 1971 3352 ostium
2006 3297 2193 3369 ipsius
2223 3317 2314 3356 ca-

681 3382 835 3452 pella:
852 3402 964 3440 non
989 3385 1313 3458 aperuit,ut
1329 3385 1751 3457 aliquantisper
1769 3386 1827 3439 in
1847 3386 2103 3441 oratione
2125 3389 2316 3445 adhuc

2418 817 2563 872 meis
2606 819 2923 891 percipite;
2985 825 3295 893 postquam
3343 838 3476 878 vero
3509 822 3934 895 compleveritis
3984 825 4058 881 ad

2416 906 2570 977 quod
2603 908 2890 978 agendum
2913 907 3172 975 venistis,
3199 908 3441 981 potestis
3462 910 3673 966 horum
3698 929 3823 984 quae
3845 912 4061 968 adsunt

2418 1011 2519 1066 per
2547 1012 2646 1049 vos
2676 995 2876 1052 tollere
2935 998 3091 1067 quod
3152 998 3383 1070 cupitis.
3446 1000 3576 1055 Scio
3607 1000 3763 1056 enim
3798 1002 3951 1074 quod
3986 1002 4057 1057 ad

2418 1083 2792 1138 occidendum
2827 1084 3110 1151 intrastis,
3152 1087 3252 1141 sed
3282 1103 3466 1142 unum
3497 1105 3530 1142 a
3559 1089 3724 1144 vobis
3756 1106 3930 1161 posco
3962 1091 4062 1145 be-

2418 1172 2711 1238 neficium,
2748 1176 2831 1239 ut,
2857 1175 2999 1227 dum
3025 1175 3325 1246 praesentis
3347 1175 3474 1231 vitae
3497 1193 3737 1231 cursum
3763 1177 3820 1232 in
3842 1195 3934 1234 me
3956 1182 4064 1233 ter-

2419 1260 2797 1328 minaveritis,
2822 1262 3092 1319 candelas
3115 1280 3261 1334 quas
3283 1264 3593 1335 inspicitis,
3620 1282 3766 1336 quas
3790 1266 3964 1322 etiam
3989 1268 4060 1322 ad

2420 1348 2527 1403 hoc
2551 1350 2741 1420 ipsum
2760 1350 3209 1418 formavi,unam
3231 1353 3301 1407 ad
3321 1357 3494 1423 caput
3515 1370 3710 1410 meum
3734 1356 4058 1411 ardentem.

2420 1441 2474 1493 et
2504 1436 2677 1492 aliam
2701 1439 2771 1493 ad
2804 1439 2977 1509 pedes
3003 1439 3221 1511 ponite,
3243 1443 3299 1494 et
3333 1441 3444 1496 cito
3472 1445 3673 1513 postea
3697 1443 3767 1497 ab
3803 1442 3911 1499 hoc
3934 1442 4059 1499 loco

2420 1526 2717 1592 discedite,
2742 1544 2813 1581 ne
2836 1544 2869 1581 a
2886 1527 3450 1598 supervenientibus,
3475 1529 3575 1600 qui
3608 1546 3699 1586 me
3721 1531 3956 1588 visitare
3973 1549 4064 1588 so-

2419 1614 2561 1680 lent,
2602 1616 3110 1688 constringamini,
3134 1633 3332 1687 pmnas
3346 1616 3545 1673 luituri
3562 1618 3794 1675 sceleris
3814 1620 4057 1675 vestri.»

2492 1704 2579 1758 t3.
2602 1704 2913 1759 Confestim
2936 1704 3113 1776 igitur
3136 1704 3458 1762 Ricbardus
3480 1707 4060 1780 praedictus,pollutis

2423 1793 2693 1847 manibus
2728 1793 2963 1847 beatum
2996 1792 3183 1847 virum
3219 1794 3476 1849 medium
3499 1795 3959 1867 comprehendit,
3993 1814 4060 1852 ac

2422 1880 2701 1935 tenaciter
2734 1881 3348 1953 maceratumjejuniis
3373 1883 3786 1954 corpusculum
3808 1885 4062 1941 brachiis

2422 1968 2673 2038 strinxit,
2702 1969 2973 2040 socioque
3002 1970 3500 2041 minaciterjussit
3526 1975 3591 2026 ut
3620 1976 3890 2028 sanctum
3912 1974 4064 2030 fuste

2346 2095 2391 2158 B
2423 2062 2766 2129 percuteret.
2800 2058 2907 2121 Qui
2936 2074 3068 2113 cum
3093 2058 3191 2112 diu
3213 2075 3345 2113 eum
3378 2058 3632 2115 feriendo
3655 2061 3804 2116 circa
3826 2060 3981 2117 latus
4007 2067 4064 2118 et

2424 2163 2592 2201 suras
2651 2145 3035 2212 debilitasset,
3097 2151 3297 2202 sancto
3353 2149 3697 2205 extendente
3738 2149 3965 2221 palmas
3991 2152 4064 2207 ad

2423 2233 2908 2300 Dominum,alter
2927 2234 3124 2289 intulit
3144 2236 3364 2292 dicens:
3384 2259 3411 2286 ‹‹
3430 2236 3473 2292 Ο
3493 2235 3707 2309 segnis!
3725 2255 3829 2293 cur
3849 2256 3981 2295 eum
4006 2240 4063 2294 in

2423 2327 2598 2395 caput
2626 2340 2740 2377 non
2772 2323 3047 2394 percutis,
3068 2328 3133 2379 ut
3155 2323 3387 2397 plagam
3416 2326 3719 2382 mortalem
3752 2328 4064 2401 suscipiat?

2424 2428 2600 2483 quam
2654 2410 2701 2466 si
2733 2414 2796 2465 tu
2844 2413 3040 2466 tardas
3082 2411 3312 2480 inferre,
3350 2429 3454 2484 ego
3487 2412 3768 2469 citissime
3794 2414 4063 2473 illaturus

2424 2518 2575 2555 sum.
2588 2499 3049 2571 nConfestimque
3064 2500 3216 2556 fuste
3228 2501 3797 2572 apprehenso,ictum
3812 2502 4063 2560 librabat

2424 2589 2480 2644 in
2515 2593 2687 2660 caput
2715 2588 3245 2644 vehementissime.
3280 2590 3396 2644 Hoc
3453 2590 3625 2645 modo
3681 2590 3769 2645 vir
3824 2596 4062 2649 sanctus

2426 2677 2716 2749 plagatus,
2749 2676 3061 2732 semivivus
3092 2677 3151 2731 in
3182 2682 3393 2733 terram
3418 2679 3661 2745 corruit;
3695 2684 3751 2735 et
3781 2679 3862 2734 illi
3886 2682 4065 2736 conti-

2426 2785 2541 2821 nuo
2560 2767 2616 2821 in
2640 2783 2772 2821 eum
2796 2766 3080 2820 irruentes
3101 2770 3302 2838 guttur
3316 2767 3443 2837 ejus
3457 2767 3743 2822 sutfocant
3765 2770 4059 2839 manibus,

2426 2871 2730 2927 quousque
2743 2853 3721 2927 exhalassetspiritum.Egrediente
3733 2861 3924 2912 autem
3934 2858 4061 2929 jam

2425 2942 2640 3007 anima,
2665 2942 2724 2997 in
2743 2943 2869 3013 ipso
2892 2946 3079 2997 tractu
3098 2942 3429 2999 novissimae
3452 2943 4065 3015 exspirationis,tanta3

2425 3031 2730 3088 suavitatis
2760 3031 2902 3086 odor
2932 3031 3310 3103 progrediens
3362 3036 3549 3087 totum
3598 3032 3817 3089 cellula:
3869 3034 4062 3091 locum

2425 3119 2828 3191 compleverat,
2884 3134 2950 3173 ac
2983 3118 3032 3173 si
3085 3118 3346 3173 omnium
3394 3119 3828 3192 pigmentorum
3859 3123 4063 3179 odora-

2426 3213 2622 3264 menta
2650 3208 2729 3262 ibi
2761 3207 2974 3262 diffusa
3008 3207 3350 3279 fragrarent.

2499 3298 2582 3352 14.
2618 3301 2824 3351 Postea
2850 3312 2981 3350 vero
3012 3298 3376 3351 nudavcrunt
3408 3313 3540 3351 eum
3574 3302 3728 3353 veste
3777 3315 3894 3370 qua
3941 3304 4065 3356 erat

2428 3386 2688 3450 indutus,
2722 3388 2778 3438 et
2808 3388 3105 3455 portantes
3144 3389 3457 3455 posuerunt
3491 3384 3546 3438 in
3592 3384 3805 3440 lectum
3834 3374 4064 3459 quo'vir

683 3451 963 3528 demorari
1007 3451 1318 3546 potuisset.
1368 3451 1613 3529 Strenue
1643 3451 1777 3545 ergo
1808 3475 2125 3530 orationem
2157 3494 2315 3533 com-
2345 3451 2388 3516 ί]
2428 3473 2527 3529 Dei
2552 3451 2907 3545 requiescere
2930 3451 3169 3527 solebat.
3203 3472 3367 3527 Nudo
3390 3478 3825 3544 supposuerunt
3844 3451 3955 3545 (57)
3978 3475 4063 3529 ﬁl-

685 3559 871 3630 plevit,
904 3578 1232 3634 capsasque
1257 3562 1518 3635 singulas
1541 3562 1919 3633 reliquiarum
1942 3580 2118 3618 manu
2142 3567 2320 3622 susci-

686 3647 846 3717 piens
877 3656 929 3705 et
960 3651 1330 3718 deosculans,
1378 3650 1825 3705 commendabat
1865 3668 2107 3722 agonem
2140 3672 2316 3710 suum

686 3734 924 3795 Domino
941 3743 997 3795 et
1012 3738 1235 3795 sanctis
1257 3755 1504 3810 quorum
1530 3737 1807 3810 reliquias
1829 3739 2320 3811 complectebatur

684 3832 1023 3884 reverenter.
1060 3828 1199 3895 Hoc,
1230 3828 1330 3898 qui
1362 3828 1731 3892 advenerant,
1767 3826 2005 3899 maligni
2036 3845 2140 3899 per
2168 3830 2315 3886 fora-

683 3928 809 3968 men
840 3916 1136 3986 quoddam
1166 3914 1402 3987 parietis
1442 3932 1576 3969 eum
1608 3919 1872 3985 agentem
1912 3914 2313 3986 inspiciebant.

681 3999 919 4072 Jamque
941 4003 1161 4059 athleta
1185 4003 1371 4068 fortis,
1396 4007 1508 4057 Deo
1539 4003 1922 4067 confortante,
1949 4009 2317 4075 pugnaturus

681 4091 984 4159 egreditur,
1011 4091 1498 4164 praesentiamque
1521 4107 1685 4145 suam
1712 4107 1823 4145 non
1855 4098 2025 4163 negat
2046 4094 2316 4149 occisori-

680 4173 812 4244 bus;
831 4196 897 4233 ac
921 4181 1181 4251 primum
1202 4177 1569 4233 ralutationis
1591 4171 1764 4233 vei-ba
1786 4179 1853 4233 ad
1874 4196 1972 4234 eos
1994 4182 2312 4251 proferens,

678 4270 802 4333 post
832 4267 1058 4324 intulit:
1095 4291 1123 4319 ‹‹
1147 4268 1191 4323 Ο
1223 4267 1387 4334 socii,
1411 4283 1514 4321 cur
1534 4270 1653 4321 tam
1683 4283 1809 4322 sero
1830 4267 2069 4325 venistis
2089 4271 2117 4324 ?
2138 4288 2315 4342 quare

679 4367 787 4408 non
803 4357 1147 4413 maturastis
1176 4356 1454 4411 veniread
1479 4355 1834 4410 audiendum
1850 4356 2152 4427 parvitatis
2176 4375 2314 4414 meae

680 4440 937 4514 missam,
972 4450 1040 4502 ut
1070 4463 1174 4518 pro
1195 4444 1359 4500 vobis
1381 4460 1751 4499 communem
1776 4443 2089 4500 Dominum
2118 4447 2314 4519 depre-

680 4532 881 4587 carer?
911 4535 1014 4590 sed
1046 4533 1132 4590 vel
1185 4550 1339 4588 nunc
1374 4533 1604 4597 intrate,
1635 4532 1915 4604 poscituri
1970 4532 2312 4605 placabilem

680 4617 841 4675 nobis
870 4621 991 4678 fore
1024 4623 1335 4678 Dominum
1365 4626 1423 4677 et
1459 4625 1692 4677 sanctos
1721 4622 1870 4691 ejus,
1900 4638 1966 4677 ac
1997 4628 2196 4693 postea
2226 4642 2312 4680 re-

678 4706 963 4764 vertimini
995 4712 1068 4766 ad
1100 4726 1214 4776 me,
1261 4715 1325 4765 ut
1356 4710 1495 4782 quid
1527 4710 1780 4765 donante
1810 4713 1924 4765 Deo
1955 4711 2116 4767 vobis
2146 4712 2315 4768 bene-

2426 3568 2581 3617 trum
2612 3562 2720 3632 (58)
2740 3565 3133 3632 supponentes
3149 3559 3321 3615 etiam
3347 3564 3403 3616 et
3429 3562 3694 3632 quaedam
3716 3564 4061 3635 fragmenta,

2427 3656 2624 3722 atque,
2672 3654 2735 3705 ut
2772 3649 2970 3705 vivens
2998 3649 3084 3703 vir
3112 3649 3212 3704 Dei
3246 3654 3561 3722 rogaverat,
3597 3649 3869 3710 candelas
3900 3669 4062 3708 sum-

2428 3743 2689 3810 pserunt,
2723 3754 2902 3792 unam
2934 3742 3215 3809 ponentes
3238 3738 3308 3792 ad
3342 3742 3543 3809 caput;
3568 3754 3702 3793 eum
3736 3738 3849 3795 alia
3878 3757 4067 3797 curre-

2426 3828 2567 3881 bant
2596 3827 2667 3880 ad
2698 3825 2886 3896 ipsam
2908 3825 3212 3896 capellam,
3248 3824 3445 3881 lumen
3477 3827 3611 3881 inde
3633 3827 3885 3895 allaturi,
3909 3830 4063 3900 quod

2427 3914 2484 3968 in
2517 3914 2719 3969 eodem
2752 3914 2999 3968 oratorio
3021 3910 3244 3984 jugiter
3268 3914 3525 3969 ardebat.
3554 3914 3914 3985 Repedantes
3934 3934 4066 3973 vero

2426 4003 2496 4058 ad
2516 4000 2925 4074 corpusculum
2948 4001 3226 4069 defuncti,
3242 4001 3584 4057 invenerunt
3597 4002 3750 4057 clare
3765 4004 4063 4060 ardentem

2425 4107 2602 4161 quam
2623 4095 2933 4161 posuerant
2948 4089 3247 4144 candelam
3263 4090 3751 4145 exstinctam.Tan
3760 4095 3853 4146 tus
3867 4096 4064 4149 autem

2425 4194 2523 4233 eos
2554 4178 2828 4232 continuo
2862 4176 3073 4232 invasit
3112 4175 3307 4242 timor,
3359 4180 3423 4231 ut
3453 4176 3598 4231 nihil
3629 4177 3962 4251 contingere
3992 4180 4065 4235 de

2425 4267 2599 4321 rebus
2614 4266 2683 4320 ad
2700 4263 2899 4319 altaris
2913 4263 3104 4318 ofﬁcia
3119 4264 3545 4334 pertinentibus
3557 4265 4063 4323 auderent.Vestes

2424 4371 2489 4410 ac
2519 4357 2841 4409 stramenta
2860 4351 3127 4423 quaedam
3146 4350 3341 4406 lectuli
3363 4352 3411 4423 ej
3423 4370 3491 4408 us
3512 4358 3832 4424 sumentes,
3856 4354 4063 4412 festiue

2424 4441 2778 4514 repedabant
2808 4440 2960 4494 unde
2994 4439 3237 4511 digressi
3274 4446 3431 4495 sunt.
4062 4508 4065 4513 ν

2497 4532 2581 4585 15.
2614 4529 2710 4584 Eis
2742 4534 2936 4585 autem
2994 4528 3129 4583 inde
3160 4528 3541 4601 fugientibus,
3584 4529 3738 4585 corvi
3770 4530 3871 4603 qui
3904 4549 4064 4589 more

2424 4619 2591 4675 solito
2604 4619 2671 4673 ad
2699 4616 2983 4673 famulum
3001 4617 3098 4672 Dei
3115 4617 3396 4673 viventem
3409 4617 3604 4674 venire
3621 4625 4061 4689 consueverant,

2422 4725 2488 4763 ac
2506 4707 2874 4780 praebendam
2896 4706 2966 4761 de
2989 4706 3262 4761 manibus
3280 4708 3406 4778 ejus
3428 4707 3922 4780 suscipere,quasi
3944 4709 4065 4764 vin-

677 4793 943 4854 dictionis
956 4801 1212 4870 praebere
1231 4798 1475 4859 valeam,
1502 4796 1803 4869 impertiar
1824 4814 1926 4868 pro
1947 4798 2075 4868 ejus
2093 4816 2309 4887 giers,
2344 4816 2389 4880 Β
2422 4797 2614 4852 dicare
2646 4796 2952 4867 cupientes
2975 4794 3344 4861 exstinctum,
3371 4797 3766 4867 sequebantur
3784 4796 4059 4866 latrones,

677 4881 867 4955 sicque
897 4887 1185 4959 complete
1216 4904 1363 4958 opus
1394 4886 1466 4941 ad
1498 4886 1650 4956 quod
1681 4887 1971 4958 agendum
1994 4881 2255 4944 venistis.
2284 4911 2310 4937 ››

676 4967 959 5029 latrantes
992 4975 1173 5048 igitur
1196 4973 1538 5040 oratorium,
1573 4990 1687 5027 non
1712 4974 1784 5030 ad
1818 4974 1873 5028 id
1898 4975 1969 5029 ad
1992 4976 2145 5047 quod
2178 4993 2311 5032 sua-

676 5056 957 5117 debantur
987 5063 1214 5131 intenti,
1250 5064 1349 5119 sed
1384 5062 1453 5117 ad
1488 5060 1707 5116 malum
1741 5061 1812 5116 ad
1854 5064 2004 5134 quod
2039 5069 2315 5120 venerant

676 5152 1143 5221 perpetrandum,
1168 5152 1446 5208 continuo
1468 5150 1879 5222 regrediuntur
1897 5152 1968 5206 ad
1994 5169 2146 5209 eum.
2174 5153 2308 5216 Qui-

672 5233 779 5292 bus
796 5238 885 5294 vir
905 5239 1008 5295 Dei
1032 5242 1289 5297 tunicam
1312 5245 1368 5297 et
1384 5238 1677 5295 cucullam
1705 5256 1874 5293 suam
1899 5239 2077 5307 dedit,
2101 5257 2307 5312 panem

674 5361 1071 5440 pervillacum
1111 5367 1689 5440 arceconstructum,
1720 5366 1783 5417 ut
1812 5379 1881 5419 ex
1905 5363 2034 5419 Vita
2067 5365 2307 5420 Germa-

676 5435 799 5487 nica
828 5438 998 5490 notat
1027 5435 1364 5492 Bollandus.

743 5503 853 5579 (57)
887 5506 948 5560 Id
981 5511 1070 5579 est
1100 5508 1616 5579 superposuerunt,
1651 5520 1766 5575 quo
1812 5519 1985 5559 sensu
2030 5506 2203 5579 etiam
2236 5505 2308 5559 ab

675 5570 802 5645 aliis
816 5570 1155 5634 auctoribus
1172 5570 1374 5633 inediae
1397 5575 1579 5630 {etatis
1599 5570 1706 5628 ηοή
1718 5592 1833 5628 nun
1844 5592 2015 5645 quam
2034 5575 2306 5629 sumitur.

672 5640 1014 5720 Ekkehardo
1055 5650 1288 5720 juniore
1338 5666 1462 5718 cap.
1503 5654 1551 5710 ι,
1602 5647 1705 5720 ubi
1733 5640 2310 5720 Grimalduscrucem

672 5725 888 5781 argento
918 5716 1180 5776 deaurato
1214 5716 1459 5775 vestitam
1484 5716 1737 5786 analogia
1781 5717 2091 5771 noctumali
2112 5732 2306 5786 suppo-

671 5787 840 5842 suisse
868 5788 1104 5856 dicitur,
1137 5792 1291 5863 apud
1324 5787 1686 5855 Oaldastum,
1713 5803 1843 5858 pag.
1874 5789 1964 5855 38,
1989 5803 2061 5842 an
2086 5787 2303 5841 scriba-

673 5870 801 5912 rum
833 5858 975 5915 vitio
1000 5861 1029 5915 ?

673 5870 801 5912 rum
833 5858 975 5915 vitio

2418 4886 2774 4957 vocibusque
2804 4883 3176 4951 grandisonis
3216 4880 3516 4956 replebant
3545 4884 3743 4951 silvas,
3776 4889 3852 4952 et,
3885 4903 4063 4959 quam

2421 4973 2680 5045 proxime
2712 4977 2977 5045 poterant
3007 4970 3295 5043 capitibus
3327 4990 3528 5027 eorum
3550 4973 3904 5042 advolantes,
3930 4992 4061 5046 pro-

2420 5062 2636 5117 debant
2666 5064 3063 5132 perpetratum
3092 5060 3274 5115 nefas.
3308 5061 3431 5115 Non
3468 5060 3722 5116 multum
3770 5065 3905 5134 post
3949 5062 4062 5135 ipsi

2422 5149 2661 5221 maligni
2692 5139 3093 5220 comprehensi
3128 5153 3284 5213 sunt,
3317 5154 3374 5204 et
3404 5150 3557 5221 quod
3589 5150 3814 5206 occulte
3858 5168 4061 5224 perpe-

2419 5240 2711 5292 traverant
2731 5236 3084 5307 patefactum
3112 5240 3203 5290 est
3222 5235 3433 5303 scelus,
3455 5237 3683 5293 nolente
3707 5238 3822 5294 Deo
3845 5238 4064 5295 differri

2493 5358 2605 5433 (58)
2637 5356 2951 5412 Goldastus
2984 5358 3041 5433 in
3075 5358 3676 5433 notisadiEkkehardi
3708 5366 3881 5433 caput
3899 5363 4063 5433 _5,ﬁl-

2418 5428 2508 5485 tra
2536 5430 2953 5499 interpretatur
2967 5429 3067 5499 ﬁla
3096 5428 3182 5483 vel
3212 5431 3511 5499 funiculus,
3544 5432 3719 5486 citato
3765 5428 3918 5486 Balbi
3950 5432 4058 5485 Ca—

2418 5445 2508 5485 tra
2536 5445 2686 5484 inter
2730 5445 3066 5498 retatur/ua
3096 5445 3182 5483 vel
3212 5445 3511 5499 mulcatos,
3544 5445 3719 5486 citato
3766 5445 3918 5486 Dalbl
3950 5445 4055 5485 Ua-

2417 5500 2649 5556 tholico.
2682 5445 2916 5553 {lectius
2936 5516 2989 5552 v.
3023 5498 3094 5553 cl.
3131 5500 3369 5554 Carolus
3402 5503 3679 5556 Fresnius
3732 5503 3789 5555 in
3832 5502 4055 5556 Glossa-

2420 5572 2524 5638 rio,
2556 5571 2789 5625 feltrum
2824 5587 2922 5623 seu
2958 5568 3174 5623 filtrum
3209 5569 3401 5624 lanam
3430 5572 3724 5626 coactilem
3748 5586 3875 5624 esse
3898 5569 4053 5638 dicit,

2417 5643 2589 5710 vulgo
2619 5642 2812 5710 fculrc.
2849 5640 3174 5710 Bernardus
3206 5639 3370 5695 Prior
3395 5642 3697 5697 Portarum
3722 5637 4053 5710 inepistola

2417 5715 2487 5769 ad
2518 5706 2842 5777 Inclusum,
2872 5709 3088 5764 filtrum
3121 5715 3391 5767 numerat
3421 5712 3571 5767 inter
3599 5706 4050 5780 suppellectilem

2414 5782 2734 5841 lectariam.
