4868 6494
1313 581 1469 647 ηδε

2391 579 2782 646 BEBNONIS
2821 579 3152 646 ABBA'I’IS
3197 582 3640 648 AUGIENSIS.

4583 585 4736 652 ιηι

1313 718 1536 792 peccati
1562 733 1795 792 poenam
1827 733 2006 790 quam
2046 719 2376 774 meruerant
2403 715 2462 772 in
2492 715 2776 772 occisione
2806 717 2954 773 servi
2985 721 3041 787 Α
3069 717 3166 773 Dei
3201 723 3346 774 nutu
3374 720 3666 778 extinctus
3695 723 3803 777 est.
3851 719 4011 778 Illico
4039 725 4239 780 autem
4276 722 4640 781 dilfamatur
4669 726 4738 782 de

1314 807 1436 867 Dei.
1460 806 1691 864 Etenim
1713 805 2018 880 judicibus
2047 810 2103 862 et
2126 804 2338 878 p0pulo
2369 805 2698 862 Christiano
2730 807 2840 862 sub
2871 823 2959 862 co-

1315 897 1457 953 mite
1485 895 1797 954 Adalberto
1827 895 1941 969 (59)
1971 912 2070 952 eos
2098 895 2170 952 ad
2199 894 2308 950 hoc
2347 894 2811 963 decernentibus,
2845 897 2954 950 vivi

1315 985 1541 1042 incensi
1571 990 1730 1042 sunt.

1387 1077 1474 1132 16.
1505 1073 1758 1132 Candela
1789 1077 1981 1130 autem
2015 1089 2193 1146 quam
2241 1073 2313 1131 ad
2365 1077 2542 1146 caput
2583 1073 2686 1128 viri
2723 1074 2820 1129 Dei
2857 1091 2956 1146 p0-

1314 1169 1572 1232 suerant,
1603 1169 1660 1221 et
1689 1181 1815 1236 qua:
1846 1163 2073 1219 caelitus
2102 1179 2349 1219 accensa
2371 1167 2478 1232 est,
2503 1163 2741 1218 ardebat
2771 1181 2955 1235 usque

1312 1255 1384 1310 ad
1414 1258 1736 1310 stramenta
1793 1269 1920 1326 quae
1971 1253 2338 1325 superposita
2393 1253 2622 1307 fuerant
2682 1253 2999 1327 defuncto-

1309 1341 1671 1415 corpusculo.
1691 1343 1947 1407 Quorum
1967 1341 2139 1396 etiam
2161 1348 2382 1412 partem
2404 1341 2525 1412 ipse
2547 1341 2698 1412 ignis
2722 1343 2952 1407 invasit,

1307 1435 1362 1487 et
1384 1432 1647 1504 pervenit
1676 1447 1863 1503 usque
1893 1431 1964 1486 ad
2000 1431 2263 1486 membra
2292 1431 2550 1486 defuncti
2577 1449 2588 1495 ;
2635 1448 2761 1502 qua:
2812 1431 2952 1486 dum

1305 1521 1612 1594 attigisset,
1641 1519 1792 1576 sicut
1823 1520 2101 1576 divinitus
2125 1536 2406 1575 accensus
2429 1521 2635 1587 fuerat,
2668 1519 2748 1574 ita
2777 1521 2951 1574 etiam

1371 1665 1484 1735 (59)
1502 1665 1669 1722 Hunc
1689 1681 1818 1719 esse
1840 1667 1984 1733 puto
2008 1663 2409 1735 Adalbertum,
2430 1679 2603 1734 quem
2628 1663 2952 1735 Ludovicus

1301 1733 1626 1806 Germaniae
1659 1752 1753 1788 rex
1789 1753 1940 1788 anno
1965 1737 2064 1790 841
2091 1736 2150 1789 in
2176 1733 2490 1806 Rbaatiensi
2517 1733 2804 1789 territorio
2829 1752 2956 1806 pro-

1305 1805 1582 1863 stravisse
1609 1813 1789 1861 fertur
1820 1807 1974 1876 apud
2006 1807 2406 1861 Hermannum
2447 1805 2843 1860 Contractum.
2880 1811 2952 1860 De

1305 1877 1418 1935 alio
1436 1877 1747 1934 Adalberto
1769 1877 1890 1949 agit
1906 1877 2283 1949 Hepidannus
2306 1877 2399 1932 his
2420 1877 2613 1932 verbis
2636 1893 2647 1931 :
2675 1882 2827 1932 Anno
2847 1879 2953 1932 906

1302 1949 1624 2008 Adalberm
1651 1949 1812 2004 decus
1841 1952 2177 2004 Francorum
2205 1949 2488 2004 occiditur.

1374 2022 1489 2092 (60)
1521 2019 1862 2078 Waltherus
1919 2019 2213 2076 Folcwino
2259 2020 2456 2075 abbati
2519 2019 2792 2092 Augiensi
2825 2037 2953 2074 sur-

3070 811 3253 863 morte
3285 809 3433 879 ejus.
3465 808 3588 872 Qua
3615 814 3934 883 comperta,
3968 811 4319 870 venerabilis
4351 814 4546 870 abbas
4571 814 4738 870 Wal-

3068 897 3269 951 therus
3304 899 3394 966 (60
3421 902 3479 953 et
3506 898 3712 953 fratres
3735 900 3844 956 sub
3875 899 4003 972 ipso
4037 901 4332 973 degentes,
4367 918 4596 976 corpus
4629 904 4737 960 viri

3067 986 3163 1040 Dei
3182 1001 3250 1040 ex
3273 986 3399 1059 ipsa
3414 1003 3607 1042 eremo
3625 988 3974 1057 auferentes,
4000 993 4180 1062 atque
4201 992 4272 1046 ad
4299 993 4737 1050 monasterium

3064 1074 3311 1145 Augiam
3343 1074 3688 1143 deferentes,
3725 1077 3801 1132 ibi
3835 1077 4012 1150 digno
4071 1078 4430 1151 sepelierunt
4481 1081 4735 1139 honore.

3069 1163 3280 1219 Passus
3303 1168 3390 1220 est
3420 1169 3614 1221 autem
3640 1171 3879 1222 sanctus
3905 1172 4126 1238 martyr
4147 1169 4502 1226 duodecimo
4528 1171 4739 1227 Kalen-

3067 1253 3170 1308 dos
3203 1253 3517 1319 Februarii,
3550 1271 3702 1311 anno
3728 1256 3800 1310 ab
3827 1255 4230 1313 lncarnatione
4262 1257 4500 1316 Domini
4534 1261 4734 1318 octin-

3064 1341 3386 1413 gentesimo
3405 1344 3764 1415 sexagesimo
3787 1345 3957 1401 tertio
3981 1347 4094 1418 (61)
4117 1353 4400 1420 regnante
4431 1347 4735 1406 Ludovico

3064 1447 3194 1501 rege
3229 1431 3286 1485 in
3322 1431 3702 1487 orientalibus
3732 1433 3988 1503 Francis,
4021 1451 4176 1490 anno
4207 1436 4489 1494 vicesimo
4523 1443 4732 1495 octavo

3064 1520 3224 1589 regni
3255 1521 3404 1592 ejus.

3061 1663 3332 1751 ctoritati,
3367 1663 3465 1735 qui
3504 1663 3650 1751 bane
3683 1663 3876 1751 Vitam
3910 1665 4218 1751 (ut_s‘imile
4247 1667 4364 1723 veri
4407 1670 4524 1748 est)
4569 1669 4732 1751 lege:

3063 1741 3226 1814 rant;
3263 1735 3317 1788 in
3351 1753 3465 1807 qua
3508 1736 3708 1814 forsan
3767 1735 3921 1792 olim
3967 1737 4151 1814 aliter
4189 1739 4424 1814 numeri
4483 1735 4732 1814 ascripti

3062 1811 3264 1882 erant:
3291 1806 3433 1882 nam
3467 1813 3523 1860 et
3549 1806 4007 1882 Suriusannum
4052 1811 4160 1863 860
4189 1808 4404 1882 legisse
4464 1806 4732 1868 videtur.

3059 1879 3225 1931 Anno
3281 1879 3436 1943 1039,
3490 1883 3554 1932 ut
3604 1879 3809 1933 scribit
3869 1879 4272 1936 Hartmannus
4327 1880 4387 1936 in
4454 1882 4735 1939 Embrico

3061 1948 3266 2004 abbate
3299 1955 3480 2014 sexto,
3506 1949 3690 2020 pridie
3719 1949 3912 2005 Nonas
3937 1951 4224 2014 Octobris,
4252 1951 4736 2014 Einsidlensibus

3063 2020 3297 2096 reddita!
3327 2026 3464 2074 sunt
3495 2019 3757 2096 reliquis;
3784 2022 3985 2096 sancti
4003 2023 4353 2096 Meginradi,
4374 2041 4557 2096 quem
4581 2027 4738 2084 mul-

1304 2090 1483 2170 cassit
1508 2107 1662 2170 anno
1692 2093 2097 2170 848,mor_tuu_s
2114 2107 2265 2170 anno
2286 2093 2568 2170 86-i,t_este_
2599 2090 2948 2170 Hermanno.
2983 2093 3030 2158 Β
3063 2091 3134 2170 tis
3167 2090 3450 2170 hactenus
3491 2090 3793 2146 miraculis
3851 2090 4139 2149 celebrem
4190 2090 4410 2150 eodem'
4456 2101 4735 2170 tempore

1376 2164 1486 2233 (61)
1520 2161 1890 2233 Hermannus
1933 2162 2279 2217 Contractus
2326 2168 2383 2216 et
2427 2161 2783 2233 Tritbemius
2832 2162 2948 2216 Me-

1346 2231 1534 2289 inradi
1586 2231 1810 2304 obitum
1860 2236 2146 2304 reponunt
2201 2249 2354 2288 anno
2384 2234 2512 2304 860.
2573 2232 2949 2304 Hepidannus

1346 2249 1534 2289 iuraui
1586 2249 1810 2288 omium
1860 2249 2146 2304 reponunt
2201 2249 2354 2288 anno
2384 2249 2509 2287 seu.
2573 2249 2948 2304 nepmannus

1302 2249 1825 2366 guno-tiﬁallensis
1881 2304 2204 2360 monachus
2260 2309 2316 2361 et
2374 2303 2672 2360 Marianus
2716 2305 2948 2360 Scottus

1301 2393 1456 2452 anno
1487 2376 1785 2452 sequ_enti._
1812 2375 2200 2452 Utrorumque
2229 2376 2433 2452 eadem
2461 2375 2768 2452 sententia.
2803 2375 2946 2452 Cum

1301 2447 1456 2530 enim
1485 2446 2097 2530 Meginradusmense
2115 2446 2402 2530 Januario
2445 2463 2665 2530 caesus.
2689 2447 2798 2530 sit,_
2846 2447 2946 2530 qui

1299 2517 1439 2576 anni
1481 2517 1720 2574 initium
1751 2535 1786 2574 a
1834 2518 2038 2574 Martio
2070 2534 2172 2573 seu
2204 2535 2238 2572 a
2297 2517 2578 2572 Paschate
2635 2517 2945 2581 ducebant,

1300 2603 1522 2662 annum
1570 2592 1713 2662 86(7),;
1761 2589 1863 2662 qui
1889 2607 2024 2646 vero
2054 2589 2417 2662 a_._lan_uario,
2453 2605 2673 2662 annum
2707 2591 2805 2644 861
2843 2607 2947 2644 nu-

1300 2661 1625 2721 merebant.
1649 2659 1814 2721 Unde
1835 2666 1990 2720 stare
2006 2659 2206 2718 malim
2231 2660 2442 2716 horum
2475 2659 2822 2732 scriptorum
2848 2677 2950 2715 au-

3062 2161 3416 2248 Benedictus.
3433 2179 3796 2248 palpa'ponus
3818 2171 4155 2248 sanctorum
4180 2183 4427 2248 numero
4459 2161 4732 2248 inserue-

3060 2239 3168 2288 rat.
3201 2235 3364 2287 Anno
3401 2234 3536 2288 1500
3584 2234 3874 2289 Breviario
3924 2235 4189 2291 Ecclesiae
4245 2237 4731 2297 Constantiensis

3061 2321 3208 2378 novo
3252 2304 3536 2378 insertum
3571 2305 3754 2378 sancti
3789 2307 4109 2378 Meginradi
4145 2324 4382 2376 nomen,
4413 2310 4725 2369 decretum

3059 2375 3340 2459 officium,
3375 2376 3647 2459 quoted-ta
3681 2375 4036 2459 martyribus
4074 2381 4208 2459 fieri
4241 2375 4574 2459 conuuevit,
4609 2386 4727 2459 ritu

3057 2446 3313 2527 duplici;
3365 2446 3464 2527 sed
3497 2446 3884 2527 23‘Januurii,
3921 2455 4403 2527 propt_er_sa_nctaa
4451 2446 4725 2527 Agnetis,

3059 2520 3281 2643 quietZl
3317 2519 3512 2590 agitur
3568 2519 3960 2592 festivitatem,
4013 2519 4096 2578 uti
4147 2522 4472 2581 Bollandus
4504 2519 4728 2583 ‘obseré

3060 2607 3234 2643 vavi-

3060 2607 3234 2644 vam.

2159 3145 2503 3340 ἯΤΑ
2600 3144 3090 3270 SANCTI
3183 3145 3823 3272 UDALBICI

2529 3395 2881 3458 EPISGOPI
2926 3396 3468 3458 AUGUSTENSIS

2034 3591 2463 3684 Auctore
2543 3577 2992 3678 Bemonc
3061 3577 3426 3680 abbate
3511 3585 4001 3716 Augiensi

2545 3973 2975 4046 PROLOGUS
3029 3973 3459 4047 BERNONIS

1325 4209 1331 4216 '
1366 4138 1894 4244 4..Revendissimo
1942 4178 2097 4236 Patri
2130 4177 2492 4244 Frideboldo,
2544 4195 2610 4234 ac
2639 4195 2769 4235 vero
2801 4195 2942 4234 san-
2971 4179 3015 4247 C
3054 4177 3242 4250 digitu

2801 4195 2942 4234 san-
2971 4179 3015 4247 C
3054 4177 3306 4250 digitum
3325 4176 3408 4232 ori
3431 4175 3828 4249 imposuisset.
3851 4175 3915 4232 Id
3932 4176 4127 4248 ipsum
4149 4179 4352 4232 tamen
4369 4177 4534 4248 quod
4557 4195 4721 4234 com-

1297 4281 1400 4334 eta:
1433 4273 1640 4332 matris
1690 4269 1838 4328 Afra;
1894 4269 2154 4334 alumno,
2214 4268 2400 4324 Berno
2460 4268 2580 4339 [al.,
2641 4268 2809 4337 Bern}
2841 4267 2941 4322 Dei

1294 4364 1493 4423 Matris
1523 4361 1903 4434 mancipium,
1935 4374 2070 4414 cum
2101 4357 2261 4414 omni
2292 4356 2670 4412 contubernio
2690 4355 2942 4429 Augien-

1296 4456 1453 4514 sium
1483 4453 1752 4517 fratrum,
1785 4465 2088 4506 summum
2111 4451 2169 4502 et
2196 4445 2536 4502 indeﬁciens
2565 4445 2806 4501 bonum.

1304 4553 1312 4574 -'
1367 4542 1526 4599 Mira;
1537 4535 2420 4605 charitatisvirtus,exdulciﬂuo
2432 4533 2682 4606 pectoris
2696 4533 2777 4590 tui
2791 4550 2945 4590 ema-

1297 4648 1448 4690 nans
1463 4627 1711 4698 fonte,id
1734 4626 2038 4700 exiguitati
2062 4641 2201 4680 mea:
2216 4624 2296 4696 ind
2306 4623 2474 4680 unxit
2490 4622 2662 4680 ofﬁcii
2673 4664 2686 4690 ,
2701 4627 2766 4678 ut
2777 4621 2942 4678 libel-

1295 4721 1421 4778 lum
1443 4721 1515 4777 de
1535 4718 1654 4776 vita
1682 4721 1769 4774 ter
1799 4721 2124 4790 quaterque
2146 4713 2298 4770 beati
2324 4711 2550 4786 patroni
2569 4710 2752 4768 nostri
2777 4711 2946 4768 Udal-

1297 4809 1427 4878 rioi,
1455 4808 1647 4866 veraci
1673 4807 1936 4881 quidem,
1965 4803 2067 4862 sed
2107 4802 2448 4876 simpliciori
2481 4819 2660 4874 quam
2690 4801 2946 4874 oportuit

1298 4913 1566 4956 sermone
1595 4895 1838 4963 editum,
1859 4893 2091 4950 cultiori
2113 4891 2262 4966 stylo
2284 4891 2525 4948 reddam
2558 4889 2942 4946 luculentum.

1299 4985 1440 5042 Pius
1465 4985 1705 5058 quidem
1727 4983 1991 5057 jubentis
2044 4981 2288 5039 affectus
2317 4985 2426 5052 est,
2467 4980 2569 5037 sed
2621 4996 2737 5036 non
2785 4995 2946 5050 aeque

1299 5073 1488 5132 facilis
1516 5072 1775 5146 parentis
1803 5089 1932 5129 ese
1979 5069 2193 5142 poterit
2221 5071 2499 5138 eﬂ‘ectus;
2547 5067 2764 5141 quippe
2809 5083 2944 5124 cum

1299 5153 1544 5238 tarditas
1576 5160 1797 5235 ingenii
1823 5169 1884 5217 et
1909 5159 2260 5217 exteriorum
2291 5176 2464 5227 cura,
2515 5173 2716 5216 amaro
2747 5157 2834 5229 (ut
2861 5157 2945 5213 sic

1300 5251 1525 5309 dictum
1581 5251 1678 5314 sit)
1732 5265 1940 5322 sapore
1997 5247 2265 5314 conditae,
2300 5264 2390 5303 me
2446 5246 2794 5320 prohibeant
2820 5251 2944 5302 tam

1301 5341 1555 5404 arduum
1574 5355 1726 5412 opus
1738 5335 1972 5410 aggredi
1984 5333 2236 5392 .Accedit
2250 5335 2424 5392 etiam
2438 5335 2592 5408 quod
2605 5335 2943 5392 venerandae

1301 5428 1597 5487 memoriae
1653 5424 2054 5488 Gebebardus,
2111 5423 2211 5495 qui
2267 5428 2398 5495 post
2463 5423 2694 5481 beatum
2753 5422 2944 5480 virum

3051 4265 3266 4340 posuit,
3283 4265 3418 4321 licet
3436 4263 3652 4338 eloquii
3677 4269 4048 4322 venustatem
4080 4264 4359 4333 redoleat,
4391 4269 4606 4325 tamen
4643 4270 4728 4324 ita

3049 4355 3358 4412 verborum
3390 4370 3456 4410 ac
3481 4353 3908 4410 sententiarum
3941 4353 4309 4411 sublimitate
4333 4370 4400 4412 se
4431 4355 4496 4411 in
4527 4356 4726 4414 altum

3051 4443 3292 4512 extollit,
3324 4447 3389 4498 ut
3417 4442 3511 4498 vix
3531 4441 3746 4515 aliquis
3771 4442 3996 4500 exinde
4017 4441 4238 4515 aliquid
4263 4443 4572 4516 percipere
4588 4461 4730 4518 pos.

3051 4533 3147 4590 sit.
3173 4531 3428 4589 Alterius
3452 4547 3586 4587 vero
3633 4531 3840 4596 oratio,
3867 4531 3977 4588 etsi
4023 4547 4218 4586 rerum
4276 4530 4527 4589 veritate
4577 4533 4727 4590 sub-

3053 4621 3209 4690 nixa,
3229 4620 3314 4676 sic
3344 4624 3541 4676 tamen
3576 4636 3723 4692 pene
3759 4619 3990 4676 videtur
4007 4618 4174 4676 humi
4194 4620 4416 4690 jacere,
4451 4624 4518 4678 ut
4549 4621 4728 4694 quis-

3052 4710 3186 4784 quis
3203 4707 3556 4782 sapientium
3579 4707 3760 4764 semel
3780 4707 3918 4764 hinc
3931 4709 4188 4781 potuerit
4205 4708 4495 4781 quiddam
4512 4717 4730 4783 gusta.

3053 4818 3136 4867 re,
3183 4799 3380 4887 “eat
3407 4815 3471 4854 se
3498 4796 3748 4854 ulterius
3778 4797 3850 4853 ad
3884 4797 4035 4854 hanc
4063 4795 4370 4855 inclinare.
4401 4797 4724 4866 Quocirca,

3051 4885 3377 4945 venerande
3389 4885 3688 4955 Pater,tibi
3701 4887 3936 4959 tuisque
3954 4885 4177 4958 placuit
4187 4885 4541 4959 huiusmodi
4561 4904 4727 4946 onus

3053 4977 3200 5034 mihi
3231 4977 3553 5050 imponere,
3585 4980 3650 5033 ut
3673 4975 4126 5048 interutrosque
4149 4974 4383 5032 medius
4402 4973 4725 5043 incedens,

3053 5066 3230 5124 talem
3259 5065 3558 5122 moderato
3587 5079 3860 5122 sermone
3889 5063 4198 5121 materiam
4230 5080 4624 5136 componam,
4659 5073 4726 5122 ut

3052 5173 3122 5213 ex
3149 5160 3396 5228 utraque
3441 5158 3606 5228 parte
3633 5153 3704 5210 ad
3737 5170 3800 5210 se
3829 5153 4147 5221 venientes,
4195 5153 4394 5210 media
4421 5152 4725 5212 charitate

3053 5247 3370 5313 constrata,
3403 5247 3460 5300 et
3509 5240 3735 5315 parvuli
3795 5241 3883 5298 lac
3927 5241 4084 5314 quod
4145 5245 4382 5315 augent,
4411 5245 4476 5298 et
4533 5242 4726 5302 fortes

3053 5333 3284 5392 valeant
3313 5330 3568 5388 invenire
3597 5331 3794 5389 cibum
3826 5347 4001 5406 quem
4034 5331 4364 5389 comedunt.
4405 5331 4579 5398 Quod
4615 5352 4722 5409 ego

3053 5420 3410 5480 omnimodis
3437 5420 3760 5488 horrerem,
3791 5419 3902 5475 nisi
3948 5419 4233 5493 scriptum
4265 5437 4397 5480 esse
4452 5421 4682 5482 scirem
4709 5441 4722 5479 :

1303 5515 1611 5620 quat-tusc;
1623 5513 1825 5568 usdem
1838 5509 2148 5620 Vipdelicaa
2161 5512 2432 5620 Augustis
2449 5511 2752 5620 ecclejsiam
2776 5513 2942 5578 rexit,
2975 5554 3023 5620 D
3054 5512 3346 5620 latiores:
3360 5509 3669 5609 obedientia
3687 5525 3854 5608 quam
3873 5510 4386 5609 uictimawcclmv,
4407 5511 4521 5582 17).
4547 5511 4722 5568 Nunc

1301 5601 1454 5661 nulli
1478 5599 2201 5657 modernorumdoctorum
2217 5599 2533 5668 secundus,
2566 5599 2721 5656 idem
2764 5617 2943 5673 nego-
2975 5596 3022 5620 ν
3051 5617 3184 5656 vero
3216 5599 3287 5666 si,
3314 5599 3452 5655 data
3479 5596 3922 5654 intercessionis
3951 5602 4064 5653 tum
4094 5614 4296 5665 manu,
4329 5601 4538 5655 manui
4575 5619 4721 5657 mea»

1299 5693 1456 5750 tium
1469 5688 1794 5763 corrigendi
1804 5688 2000 5746 studio
2013 5688 2440 5758 attentavit,sed
2453 5687 2944 5756 infectum,morte

1305 5783 1656 5853 praeventus,
1716 5777 2042 5852 dereliquit.
2101 5779 2204 5835 Cui
2236 5779 2285 5834 si
2318 5778 2443 5850 ipse
2488 5793 2730 5836 manum
2759 5781 2945 5835 extre-

1309 5883 1470 5940 mam
1500 5865 1902 5942 imposuisset,
1925 5867 2178 5952 parvitas
2211 5883 2342 5926 mea
2365 5863 2604 5925 omnino
2636 5881 2812 5941 super
2838 5864 2948 5922 hoc

3053 5691 3332 5745 ducatum
3387 5687 3642 5761 praebere
3693 5687 4095 5760 spoponderis,
4152 5686 4454 5760 adjunctis
4518 5693 4717 5746 tecum

3053 5777 3206 5834 beati
3239 5777 3342 5833 viri
3368 5775 3614 5844 meritis,
3637 5775 4058 5848 omnipotentis
4079 5775 4282 5842 Verbi,
4305 5776 4468 5849 quod
4483 5780 4720 5850 aperuit

3056 5884 3122 5924 os
3152 5871 3450 5925 mutorum
3468 5870 3526 5922 et
3543 5863 3781 5938 linguas
3803 5865 4120 5923 infantium
4137 5863 4276 5923 fecit
4297 5865 4583 5937 disertae,
4609 5870 4718 5926 ἰτε-
