4868 6480
685 593 837 658 8885
2010 597 2194 663 νιτΑ
2237 600 2304 664 S.
2325 645 2330 650 -
2349 598 2607 666 UDALR

2150 597 2194 660 Α
2237 598 2741 667 S.-UDALRICI.
3914 604 4072 677 “86

687 733 780 785 tus
833 728 1071 796 auxilio,
1103 728 1338 785 obedire
1383 728 1639 799 tentabo,
1668 730 1900 787 initium
1932 733 2204 788 narrandi
2254 734 2326 790 ab
2354 730 2410 801 Α
2438 737 3466 806 diliusa,modestabrevitatearctius
3479 745 4078 814 coerceam;strictius

689 818 868 892 ipsius
899 818 1004 874 viri
1031 818 1129 873 Dei
1154 819 1401 874 infantia
1429 834 1691 889 sumens,
1707 838 1774 877 ac
1798 820 2077 877 orationis
2091 836 2329 877 cursum
2440 823 2685 907 digesta,
2703 829 3003 885 moderata
3034 829 3361 901 prolixitate
3392 830 3630 887 dilatem
3656 833 3886 899 ;minus
3916 852 4081 907 regns

685 910 762 962 ita
789 908 860 963 ad
895 907 1071 963 finem
1105 923 1293 980 usque
1322 907 1646 980 perducens
1678 913 1745 964 ut
1785 908 1937 965 nihil
1968 911 2039 966 de
2070 910 2321 982 propriis
2431 906 2632 969 lui-iter
2682 915 2922 987 prolata,
2971 919 3042 973 ad
3085 919 3453 975 rectitudinis
3501 919 3717 976 lineam
3763 906 4074 995 corrigam:

689 996 915 1062 addam,
947 1000 1157 1068 praeter
1185 996 1451 1069 exempla
1478 996 1855 1069 antiquorum
1888 996 2123 1055 Patrum
2147 1003 2322 1071 atque
2431 1003 2565 1068 Quae
2596 1007 2790 1060 tamen
2821 1005 3019 1061 omnia
3046 1007 3132 1062 tui
3164 1023 3401 1064 examen
3416 1008 3626 1078 judieii
3646 1012 4000 1082 exspectant,
4016 1015 4083 1067 ut

687 1086 998 1141 sententias
1042 1089 1381 1142 sanctarum
1411 1085 1863 1159 Scripturarum,
1898 1104 2025 1160 quae
2076 1104 2182 1143 suo
2223 1088 2322 1143 de-
2432 1092 2488 1142 te
2542 1089 2793 1164 benigno
2832 1093 3031 1163 judice
3078 1094 3305 1151 valeant
3350 1100 3477 1151 rata
3526 1098 3866 1154 consistere.
3907 1098 4078 1172 Opto,

689 1191 817 1231 core
832 1173 1020 1229 solent
1049 1174 1342 1230 dictorum
1375 1174 1587 1230 seriem
1618 1180 1946 1231 venustare.
1979 1177 2099 1231 Hoc
2128 1180 2325 1232 tamen
2434 1176 2604 1232 Pater
2633 1179 2989 1248 beatissime,
3023 1187 3090 1239 ut
3116 1182 3176 1238 in
3209 1183 3436 1240 Christo
3465 1184 3678 1253 valeas,
3711 1186 3945 1260 meique
3965 1203 4082 1244 me»

688 1262 872 1318 solum
903 1261 1174 1319 mihimet
1200 1279 1270 1318 ex
1295 1262 1529 1335 proprio
1552 1264 1765 1320 sudore
1790 1265 2119 1336 injunxi,ut
2148 1264 2326 1321 latius
2433 1281 2562 1321 mor
2593 1284 2823 1341 semper
2851 1271 3065 1328 existas
3095 1273 3229 1343 (δεῖ).

2208 1387 2552 1400 .——~_—

2016 1471 2281 1557 VITA
2338 1471 2744 1560 INCIPIT

756 1611 879 1667 CAP.
908 1611 950 1667 Ι.
987 1642 1054 1653 -
1088 1611 1363 1684 Egregius
1412 1611 1625 1669 Christi
1674 1612 1971 1668 confessor
2020 1612 2324 1668 Udalricus
2435 1602 4076 1694 amici,etinobriamini,charissimi.»Hicituquemyste4

689 1715 751 1755 ex
778 1700 1236 1756 Alamannorum
1269 1701 1540 1773 prosapia
1570 1700 1791 1756 exstitit
1819 1701 2121 1756 oriundus.
2146 1701 2325 1772 Cujus
2433 1701 2653 1757 riorum
2699 1703 2799 1759 Dei
2849 1705 3220 1777 dispensator
3266 1707 3501 1764 futurus
3534 1709 3663 1778 jam
3715 1708 3907 1765 solido
3951 1710 4078 1768 cibo

689 1787 1289 1861 parentes,Hupaldus
1320 1788 1542 1843 scilicet
1564 1806 1629 1843 ac
1659 1789 1971 1861 Teotbirga
2001 1790 2172 1843 ambo
2203 1788 2326 1861 qui-
2432 1806 2580 1861 opus
2647 1791 2901 1848 habebat
2959 1794 3290 1862 confortari,
3354 1800 3420 1850 ut
3480 1796 3539 1851 in
3606 1812 3810 1853 mensa
3872 1795 4079 1853 altaris

688 1878 814 1931 dem
845 1877 1173 1933 secundum
1208 1875 1400 1932 saeculi
1434 1877 1614 1948 hujus
1645 1878 1989 1950 dignitatem
2008 1877 2322 1932 clarietno-
2432 1877 2663 1946 Christi,
2696 1879 2853 1936 velut
2902 1882 2973 1937 ad
3041 1883 3269 1938 caeleste
3340 1883 3666 1940 convivium
3723 1886 4077 1958 quandoque

686 1965 848 2034 biles,
880 1967 981 2022 sed
1029 1966 1147 2021 fide
1177 1970 1349 2037 atque
1380 1965 1574 2021 divina
1602 1966 1880 2038 religione
1908 1966 2093 2023 multo
2118 1965 2322 2022 clario-
2365 2041 2398 2044 _
2432 1968 2775 2037 consistens,
2810 1975 3007 2042 posset
3054 1972 3113 2026 in
3162 1977 3421 2044 tempore
3469 1987 3574 2028 suo
3620 1974 3797 2030 tritici
3838 1990 4082 2031 mensu»

689 2071 775 2110 res
788 2059 959 2126 atque
976 2054 1323 2111 nobiliores.
1348 2054 1604 2118 Quitalis
1622 2072 1684 2111 ac
1699 2059 1870 2110 tanta:
1890 2054 2068 2127 prolis
2084 2054 2336 2110 fecundi-
2362 2041 2411 2106 Β
2440 2072 2564 2112 ram
2605 2057 2741 2113 dare
2785 2041 3080 2117 conservis
3136 2041 3301 2115 suis:
3328 2061 3647 2133 Incipiebat
3714 2061 3873 2117 enim
3945 2066 4083 2117 tunc

688 2145 797 2198 tate
828 2142 1111 2199 divinitus
1142 2141 1327 2210 ditati,
1361 2158 1495 2197 mox
1524 2143 1726 2198 eadem
1770 2142 2000 2198 cuidam
2053 2141 2208 2197 fideli
2256 2142 2328 2197 ad
2441 2144 2593 2199 inter
2640 2146 2921 2203 coaevulos
2962 2149 3223 2204 modeste
3272 2150 3628 2218 conversari,
3672 2149 3940 2206 timorem
3983 2150 4083 2206 Dei

687 2229 976 2300 alendum,
999 2236 1070 2287 ut
1102 2231 1362 2303 Moysen,
1393 2232 1945 2287 commendaverunt
1974 2230 2180 2285 nutrici
2193 2230 2329 2286 .Ubi
2438 2232 2671 2302 habere,
2704 2235 2983 2292 honorem
3014 2237 3355 2309 parentibus
3387 2238 3627 2308 deferre,
3660 2236 3959 2294 lasciviam
3989 2240 4087 2294 de-

687 2319 832 2376 inter
874 2322 1005 2394 ipsa
1053 2320 1376 2375 nativitatis
1422 2320 1744 2392 primordia
1797 2319 2053 2376 cwlestia
2085 2336 2197 2375 non
2229 2320 2327 2374 de-
2437 2319 2672 2386 clinare,
2708 2340 2792 2392 ac,
2826 2323 2885 2378 in
2928 2328 3216 2395 quantum
3268 2325 3547 2398 possibile
3588 2324 3691 2381 tali
3732 2325 3923 2382 adhuc
3958 2330 4085 2384 erat

690 2406 840 2466 fuere
865 2406 1152 2484 auspicia,
1171 2427 1306 2466 nam
1338 2408 1471 2465 licet
1502 2409 1714 2465 blando
1747 2408 2065 2465 nutriretur
2095 2409 2327 2478 alfactu,

691 2494 813 2553 feda
840 2503 1035 2555 tamen
1052 2498 1268 2555 macies
1295 2499 1560 2570 quaedam
1582 2499 1902 2571 apparebat
1920 2498 1977 2553 in
2008 2497 2329 2561 vultu.Qua

689 2604 754 2643 ex
781 2605 955 2646 causa
983 2589 1130 2643 dum
1162 2587 1412 2643 nimium
1444 2588 1640 2643 tristes
1670 2589 1797 2659 ejus
1827 2588 2194 2644 efficerentur
2224 2604 2328 2658 pa—

688 2682 892 2747 rentes,
924 2694 993 2734 ac
1022 2676 1085 2733 in
1113 2676 1378 2750 angustis
1406 2675 1638 2732 illorum
1670 2676 1999 2748 pectoribus
2026 2692 2176 2731 cura:
2205 2692 2328 2730 ver-

688 2769 948 2821 sarentur
976 2765 1271 2838 ingentes,
1314 2764 1553 2836 quidam
1586 2762 1799 2835 hospes
1828 2763 2171 2835 peregrinus
2200 2763 2327 2817 ofﬁ-

688 2853 771 2908 cio
800 2854 1068 2924 clericus,
1085 2853 1410 2909 secundum
1430 2853 1585 2924 quod
1608 2852 1843 2908 illorum
1867 2852 2082 2907 ostium
2099 2868 2329 2923 semper

686 2942 883 2998 viatori
917 2943 1131 3015 patuit,
1159 2942 1412 3015 benigne
1441 2942 1512 2996 ab
1545 2941 1688 3013 ipsis
1718 2940 2068 3013 praecipitur,
2093 2957 2194 3012 per
2224 2939 2327 2994 ali-

688 3033 835 3102 quod
859 3031 1144 3104 temporis
1173 3031 1427 3103 spatium
1462 3029 1717 3084 humane
1740 3033 2056 3084 tractatur:
2076 3028 2214 3083 dum
2239 3027 2328 3082 iri-

688 3120 849 3177 terim
883 3122 1143 3193 quadam
1176 3119 1269 3175 die
1307 3119 1452 3174 hora
1498 3117 1828 3175 refectionis
1872 3116 2156 3187 residens,
2182 3133 2328 3188 prte-

685 3208 900 3265 dictum
930 3207 1314 3273 infantulum,
1330 3208 1591 3264 nondum
1612 3207 1919 3262 duodecim
1936 3206 2327 3261 hebdomada-

686 3312 811 3353 rum
842 3299 969 3355 dies
1017 3300 1093 3355 ab
1147 3302 1277 3353 ortu
1328 3297 1399 3353 ad
1454 3296 1691 3369 plenum
1740 3295 2074 3363 habentem,
2105 3294 2329 3350 audivit

2437 2410 2611 2478 aetati,
2644 2404 2701 2466 in
2737 2413 2994 2484 corporis
3024 2417 3208 2479 motu,
3242 2413 3865 2485 gestu,incessu,foris
3894 2419 4084 2471 osten~

2436 2497 2591 2565 dere,
2627 2499 2818 2571 qualis
2860 2500 3096 2556 habitus
3152 2501 3502 2557 formaretur
3551 2502 3711 2558 intus
3757 2503 3817 2557 in
3864 2507 4080 2559 mente.

2435 2586 2709 2643 Videntes
2739 2594 2933 2644 autem
2968 2595 3238 2660 parentes
3265 2591 3395 2662 ejus
3424 2594 3648 2645 tantam
3678 2589 3776 2646 Dei
3826 2591 4075 2664 gratiam

2437 2675 2495 2729 in
2525 2692 2591 2731 eo
2622 2674 2860 2749 fulgere,
2893 2678 3449 2734 commendaverunt
3495 2693 3630 2734 eum
3682 2677 3743 2734 in
3788 2683 4079 2735 morientes

2439 2764 2591 2819 rium
2643 2766 2831 2821 sancti
2879 2765 3027 2822 Galli
3077 2767 3355 2822 fratribus
3402 2766 3716 2839 religiosis,
3766 2772 3833 2823 ut
3879 2780 4081 2824 eorum

2439 2854 2772 2925 magisterio
2793 2858 2911 2910 tam
2933 2854 3298 2911 saecularium
3320 2855 3644 2911 litterarum
3659 2856 4077 2928 studiis,quam

2437 2943 2769 2998 coelestibus
2792 2943 3180 3000 instrueretur
3207 2943 3532 3017 disciplinis
3558 2962 3573 3013 ;
3606 2945 3728 3012 ubi,
3754 2945 3904 3000 inter
3929 2960 4085 3018 egre-

2437 3031 2563 3103 gios
2594 3031 2876 3104 regularis
2908 3031 3225 3104 disciplinae
3256 3034 3590 3105 magistros,
3621 3033 3821 3090 dulces
3850 3033 4082 3090 theor'ra

2438 3121 2711 3191 carpebat
2739 3120 2999 3192 quotidie
3027 3120 3274 3189 fructus,
3308 3137 3444 3176 cum
3480 3122 3678 3188 verba,
3712 3137 3840 3193 quts
3883 3122 3941 3177 in
3987 3137 4080 3178 sa-

2437 3209 2549 3264 cris
2581 3209 2879 3265 codicibus
2906 3207 3152 3282 legebat,
3182 3226 3313 3265 mox
3345 3209 3402 3264 in
3435 3226 3612 3282 Opera
3639 3211 3919 3267 vertebat.
3951 3210 4080 3267 Jam

2437 3298 2835 3354 summitatem
2870 3297 3027 3353 illius
3056 3298 3234 3354 Jacob
3265 3297 3433 3354 scalae
3466 3299 3749 3354 virtutum
3793 3298 4077 3372 gradibus

686 3386 833 3443 inter
858 3388 1097 3461 vagitus
1125 3402 1324 3442 vocem
1355 3386 1739 3441 emittentem.
1772 3385 1852 3439 Ex
1880 3399 2018 3456 quo,
2052 3382 2325 3455 providus
2358 3398 2401 3468 ρ
2437 3387 2802 3443 ascendendo
2850 3387 3145 3459 tangebat.
3177 3386 3307 3443 Jam
3349 3404 3384 3442 a
3418 3387 3712 3443 Salvatore
3756 3386 4032 3442 audiebat
4062 3402 4079 3442 :

685 3478 1037 3544 futurorum,
1074 3475 1187 3531 tale
1212 3475 1394 3531 edidit
1445 3473 1767 3530 oraculum.
1801 3473 1945 3540 Nisi,
1975 3471 2186 3543 inquit,
2220 3472 2329 3527 iste

684 3564 874 3622 infans
904 3566 1159 3623 celerius
1184 3563 1359 3620 fuerit
1387 3563 1729 3629 ablactatus,
1764 3579 1879 3618 non
1934 3561 2146 3633 poterit
2202 3576 2328 3616 esse

684 3654 899 3712 salvus.
928 3655 1198 3727 Cumque
1227 3652 1405 3709 semel
1438 3668 1504 3708 ac
1535 3651 1789 3708 secundo
1818 3649 2100 3706 admoniti
2132 3649 2329 3705 minus

682 3743 830 3799 tanti
857 3744 1147 3817 praconis
1175 3742 1330 3798 dicta
1353 3741 1562 3798 vellent
1592 3739 1850 3812 exsequi,
1876 3740 2047 3795 tertia
2088 3739 2328 3795 demum

683 3831 795 3897 die,
820 3849 954 3889 cum
986 3825 1427 3906 praedictum'ac
1456 3846 1605 3903 saepe
1631 3829 1945 3885 dicendum
1972 3827 2327 3884 infantulum

683 3921 942 3978 adhibita
1013 3937 1159 3978 aure
1224 3919 1587 3993 persensisse
1662 3917 1856 3974 adhuc
1920 3916 2325 3985 inﬁrmiorem,

682 4007 827 4066 hanc
842 4026 1169 4085 praesagum
1190 4025 1385 4066 coram
1398 4006 1672 4064 omnibus
1692 4005 1892 4062 intulit
1912 4021 2108 4062 vocem
2124 4023 2136 4061 :
2152 4006 2327 4062 Siatis

681 4114 778 4169 pro
810 4105 969 4157 certo
1002 4098 1313 4172 quod,nisi
1346 4097 1622 4153 continuo
1643 4112 1677 4152 a
1706 4095 1855 4152 lacte
1887 4094 2061 4151 fuerit
2080 4111 2325 4168 suspen-

680 4203 798 4254 sus,
827 4189 937 4245 hac
967 4194 1137 4247 nocte
1167 4189 1284 4243 erit
1338 4185 1677 4242 moriturus.
1710 4184 1782 4240 At
1822 4199 1955 4239 vero
2002 4184 2051 4237 si
2090 4200 2176 4251 eo,
2209 4199 2325 4254 quo

677 4275 792 4332 dixi
813 4279 1042 4345 ordine,
1070 4277 1245 4333 morti
1275 4276 1612 4332 subtractus
1644 4273 1818 4329 fuerit
1848 4287 2099 4345 magnus
2145 4272 2205 4327 in
2235 4272 2324 4327 fu-

677 4369 873 4423 turum
907 4382 1108 4423 coram
1141 4365 1388 4421 Domino
1419 4364 1548 4420 erit.
1563 4363 1753 4434 Hujus
1771 4360 2086 4435 prophetiae
2111 4363 2326 4433 mystea

675 4453 760 4510 ria
789 4454 1049 4527 qualiter
1077 4454 1196 4511 sint
1224 4451 1618 4526 adimplenda,
1652 4466 1767 4507 non
1799 4449 1983 4506 nostri
2039 4448 2169 4522 styli
2198 4452 2325 4521 eget

675 4542 864 4599 oﬂicio
895 4543 1196 4616 designari
1228 4561 1240 4598 :
1272 4546 1463 4615 potest
1492 4540 1745 4614 probari.

742 4630 877 4688 CAP.
911 4632 985 4690 II.
1021 4664 1091 4674 ——
1129 4633 1389 4688 Tandem
1420 4631 1600 4704 igitur
1651 4633 1881 4685 amotus
1913 4643 1946 4682 a
1972 4626 2120 4683 lacte
2150 4626 2325 4699 cmpit

2440 3497 2468 3527 ‹‹
2494 3476 2672 3544 Vade,
2704 3477 2886 3532 vende
2918 3476 3115 3532 omnia
3145 3493 3270 3548 quae
3302 3476 3482 3533 habes
3510 3481 3565 3531 et
3594 3476 3669 3531 da
3698 3475 4077 3548 pauperibus,

2437 3569 2510 3634 et,
2541 3565 2692 3633 veni,
2725 3581 2966 3638 sequere
2993 3581 3085 3620 me
3105 3583 3118 3633 ;
3137 3588 3164 3614 »
3177 3570 3232 3621 et
3253 3565 3379 3636 jam
3409 3569 3549 3620 tunc
3576 3563 3932 3620 monachicae
3945 3578 4083 3619 con-

2434 3653 2776 3710 versationis
2806 3654 3069 3709 habitum
3102 3653 3474 3726 sumpsisset,
3502 3652 3617 3709 nisi
3644 3652 3843 3709 divina
3872 3650 4084 3709 revela-

2436 3742 2594 3799 tione
2622 3742 2958 3799 admonitus
2989 3742 3279 3799 desiisset.

2506 3831 2646 3885 CAP.
2672 3831 2764 3888 Ill.
2800 3863 2869 3870 —
2900 3830 3035 3886 Erat
3066 3834 3205 3886 tunc
3249 3829 3532 3903 temporis
3589 3830 3648 3885 in
3697 3830 3901 3887 eodem
3948 3842 4081 3884 ωο-

2436 3919 2688 3976 nasterio
2714 3921 2980 3992 quaedam
3006 3918 3239 3986 ancilla,
3258 3935 3361 3991 pro
3393 3918 3605 3975 Christi
3636 3918 3873 3979 nomine
3903 3916 4089 3973 inclu-

2435 4024 2521 4074 sa,
2553 4007 2865 4064 Vuiberata
2915 4012 3269 4079 nuncupata,
3304 4024 3433 4078 quae
3462 4006 3554 4061 die
3597 4009 3892 4077 noctuque
3920 4006 4080 4076 jeju.

2436 4096 2571 4167 niis,
2612 4096 2979 4151 orationibus
3034 4112 3103 4151 ac
3168 4093 3382 4167 vigiliis
3438 4109 3672 4161 vacans,
3731 4098 3958 4149 castum
4023 4090 4083 4147 in

2432 4199 2642 4240 arcano
2675 4184 2928 4256 pectoris
2959 4183 3049 4239 sui
3091 4182 3337 4238 Domino
3366 4181 3730 4254 praeparabat
3767 4178 4076 4252 templum,

2433 4272 2491 4326 in
2524 4287 2637 4343 quo
2667 4276 2898 4344 gratum
2922 4272 3177 4327 Creatori
3217 4268 3507 4346 omnium-
3531 4268 3808 4324 mactavit
3852 4280 4084 4339 semper

2431 4359 2861 4429 holocaustum,
2890 4360 3090 4416 dicens
3121 4374 3255 4415 cum
3287 4356 3626 4414 Psalmista:
3655 4354 3765 4412 »ln
3796 4369 3889 4412 me
3922 4360 4081 4423 sunt,

2431 4448 2604 4517 Deus,
2636 4453 2771 4503 vota
2796 4452 3059 4518 tua,quaa
3090 4447 3331 4503 reddam
3362 4444 3728 4501 laudationes
3749 4443 3875 4499 tibi.
3894 4443 4082 4500 aHnic

2431 4540 2670 4593 sanctus
2718 4536 3058 4593 adolescens
3106 4536 3249 4591 dum
3293 4534 3382 4591 sui
3454 4532 3727 4590 desiderii
3784 4538 4077 4590 secretum

2429 4627 2729 4699 panderet,
2783 4625 2883 4681 illa
2924 4641 3047 4681 rem
3087 4642 3122 4681 a
3162 4624 3278 4681 Deo
3327 4623 3702 4695 qumrendam
3746 4622 3979 4692 statuit,
4010 4638 4081 4677 ac

672 4734 913 4793 corpore
959 4725 1021 4777 et
1068 4720 1268 4777 anima
1306 4721 1364 4775 in
1423 4718 1871 4775 admirationem
1927 4715 2192 4772 omnium
2238 4714 2322 4770 ita
2353 4766 2398 4793 ἢ
2428 4715 2609 4770 trium
2636 4714 2861 4770 dierum
2903 4713 3170 4769 inducias
3214 4727 3392 4784 super
3434 4711 3543 4767 hoc
3574 4709 3909 4783 postulavit.
3943 4709 4082 4765 Post

670 4766 953 4882 proiicere
991 4826 1061 4865 ac
1123 4810 1583 4881 circumquaque
1648 4805 2024 4862 manentibus
2089 4807 2319 4860 tantum
2351 4766 2399 4833 Ι)
2430 4804 2692 4860 triduum
2717 4819 2872 4869 vero,
2907 4802 3128 4874 Spiritu
3161 4801 3447 4858 instructa
3484 4798 3702 4869 divino,
3735 4796 4080 4870 hujusmodi

669 4897 739 4952 de
770 4914 880 4954 suo
912 4899 1180 4972 profectu
1212 4898 1489 4971 gaudium
1522 4896 1782 4953 conferre
1822 4899 1891 4950 ut
1935 4894 2013 4962 id,
2046 4893 2201 4966 quod
2251 4893 2322 4948 de

669 4984 830 5042 Isaac
858 4988 1109 5059 ejusque
1132 4991 1294 5060 patre
1323 4985 1613 5041 Abraham
1645 4983 1928 5056 scriptum
1950 4986 2065 5038 est:
2084 5004 2110 5031 ‹‹
2135 4980 2323 5036 Crevit

666 5072 865 5146 igitur,
903 5084 1053 5148 puer
1098 5079 1158 5132 et
1207 5073 1533 5131 ablactatus
1583 5078 1695 5139 est,
1728 5071 1981 5143 fecitque
2023 5068 2323 5125 Abraham

665 5164 887 5235 grande
917 5149 1249 5220 convivium
1276 5165 1337 5219 in
1369 5162 1465 5219 die
1511 5156 1918 5218 ablactationis
1965 5175 2104 5227 suae,
2141 5181 2170 5208 »
2202 5172 2318 5213 non

666 5250 991 5326 incongrue
1042 5255 1169 5326 ejus
1201 5268 1433 5325 quoque
1462 5251 1649 5325 possit
1671 5262 1938 5323 personae
1965 5247 2171 5321 aptari.
2195 5245 2319 5303 Me-

666 5338 774 5396 rito
815 5346 1025 5397 tantus
1072 5341 1406 5414 patriarcha
1452 5341 1509 5396 in
1555 5339 1941 5396 ablactatione
1984 5336 2109 5404 filii,
2142 5350 2316 5408 quem

664 5443 733 5483 ex
762 5429 1165 5502 promissiene
1193 5448 1228 5487 a
1256 5434 1370 5486 Deo
1405 5428 1682 5501 suscepit,
1715 5426 1935 5500 grande
1989 5424 2316 5481 convivium

663 5514 819 5572 fecit.
852 5517 1063 5574 Merito
1098 5520 1269 5576 Pater
1308 5517 1560 5575 cmlestis
1606 5520 1818 5572 sanctae
1865 5514 2071 5571 matris
2117 5510 2315 5568 Eccle-

662 5603 759 5660 sia:
811 5606 954 5662 filiis
1009 5605 1070 5662 in
1118 5606 1293 5664 istius
1352 5602 1741 5663 ablactatione
1791 5601 2117 5659 convivium
2182 5598 2318 5654 fecit

658 5695 903 5765 grande,
933 5694 1192 5751 invitans
1222 5711 1322 5753 eos
1350 5691 1695 5766 bujusmodi
1724 5706 1857 5749 voce
1888 5707 1901 5746 :
1937 5711 1964 5740 «
1996 5684 2312 5755 Comedite,

730 5801 838 5884 (6g,
871 5803 943 5884 1‘11
972 5817 1086 5884 nis.
1120 5801 1316 5884 codice
1346 5799 1797 5884 Coloniensiuhic
1823 5798 2170 5884 ‘se‘quuntur
2216 5809 2311 5848 ca-

655 5868 846 5950 pitula
876 5868 987 5931 42;
1006 5871 1348 5948 Exemplum
1378 5884 1493 5949 prae
1518 5870 1794 5931 manibus
1823 5868 2111 5927 habemus
2140 5878 2317 5922 που-.

2429 4908 2536 4949 usa
2584 4896 2672 4947 est
2723 4906 3042 4964 responso:
3079 4891 3225 4957 Non,
3265 4888 3480 4961 inquit,
3513 4888 3600 4943 vir
3648 4886 3938 4961 religiose,
3994 4885 4079 4941 die

2426 4981 2571 5036 vinea
2613 4984 2704 5035 est
2743 4978 3062 5035 voluntatis
3106 4982 3171 5033 ut
3200 4977 3309 5032 hoc
3345 4975 3556 5032 inloco
3583 4974 3942 5042 detinearis;
3976 4974 4080 5031 sed

2428 5073 2517 5125 est
2562 5069 2620 5123 in
2671 5067 2843 5141 plaga
2884 5064 3163 5123 Orientali
3213 5064 3399 5134 locus,
3433 5065 3532 5120 ubi
3584 5064 3824 5137 quidam
3866 5062 4080 5135 ﬂuvius

2427 5159 2575 5214 duas
2606 5156 2814 5213 dividit
2841 5156 3127 5228 regiones,
3160 5154 3221 5209 in
3253 5170 3390 5227 quo,
3421 5146 3539 5210 Deo
3562 5154 3825 5225 jubente,
3857 5151 4081 5224 episco-

2428 5246 2577 5320 palis
2599 5246 2822 5319 apicem
2853 5243 3158 5317 dignitatis
3190 5244 3366 5299 debes
3396 5242 3805 5299 conscendere.
3839 5242 3909 5297 Et
3945 5239 4081 5295 licet

2427 5334 2617 5390 multa
2660 5339 2781 5390 tam
2836 5350 2871 5389 a
2918 5333 3166 5406 paganis
3214 5348 3393 5404 quam
3442 5339 3477 5388 a
3516 5330 3690 5388 malis
3730 5328 4079 5387 Christianis

2426 5423 2508 5479 sis
2539 5439 2824 5496 passurus
2855 5422 3122 5491 adversa,
3151 5426 3215 5477 tu
3248 5426 3464 5488 tamen,
3496 5420 3755 5477 centiens
3785 5420 3843 5473 in
3874 5433 3942 5473 eo
3973 5415 4075 5486 qui

2425 5512 2600 5567 dixit:
2621 5534 2649 5563 ‹‹
2667 5510 3091 5583 Confidite,ego
3106 5509 3215 5565 vici
3243 5510 3555 5578 mundum,
3574 5531 3603 5559 ››
3617 5501 4066 5581 superatisuni-

2423 5616 2610 5669 versa,
2644 5600 2844 5655 dicens
2884 5615 3018 5654 cum
3064 5597 3375 5655 Psalmista
3405 5615 3419 5655 :
3449 5619 3478 5649 ‹‹
3512 5598 3574 5655 In
3621 5597 3737 5652 Deo
3786 5590 4072 5649 faciemus

2422 5691 2724 5754 virtutem,
2755 5692 2813 5745 et
2857 5688 2983 5759 ipse
3044 5687 3118 5744 ad
3184 5681 3437 5742 nihilum
3500 5685 3745 5757 deducet
3802 5675 4067 5734 inimicos

2423 5799 2612 5852 ratum
2628 5792 2906 5850 beneficio
2919 5790 3173 5854 religiosi
3188 5790 3289 5845 viri
3304 5788 3621 5847 Wuillelmi
3633 5780 3871 5841 \‘ulfrati
3886 5789 4063 5854 quon-

2421 5869 2557 5927 dam
2591 5864 2803 5944 prioris
2833 5864 2907 5924 ad
2939 5865 2997 5924 S.
3026 5861 3457 5922 Pantaleonem.
