4868 6460
1319 563 1471 625 1187

1319 701 1574 751 nostros.
1611 719 1637 744 «
1675 695 1802 750 Haec
1850 694 2050 749 auditu
2099 695 2420 766 percipiens
2465 712 2525 746 ac
2573 699 2762 748 mente
2829 711 2960 764 per-

1320 790 1600 850 tractans,
1631 784 2004 856 quibusdam,
2039 784 2136 854 qui
2170 783 2278 837 sibi
2313 782 2656 837 familiarius
2693 781 2960 837 amicitiae

1320 891 1499 929 causa
1547 873 1936 937 adhazrebant,
1971 877 2190 928 secreto
2241 871 2464 942 pandit,
2509 877 2564 925 et
2611 877 2674 924 ut
2729 871 2960 924 interim

1323 961 1555 1018 silentio
1577 961 1842 1033 tegerint,
1870 961 2191 1015 admonuit.
2231 961 2355 1031 Ipse
2388 977 2517 1014 vero
2551 977 2652 1030 per
2704 959 2963 1013 diversos

1324 1067 1622 1106 sacrorum
1639 1049 1914 1104 librorum
1929 1066 2186 1120 campos,
2203 1067 2302 1103 seu
2321 1048 2787 1120 prudentissimze
2803 1065 2960 1117 apes,

1324 1141 1494 1194 flores
1525 1139 1941 1194 sententiarum
1989 1154 2252 1208 carpens,
2289 1155 2352 1191 ac
2385 1137 2442 1191 in
2469 1137 2720 1191 alvcario
2771 1143 2960 1206 pecto-

1322 1228 1404 1284 ris
1437 1227 1527 1282 sui
1571 1227 1906 1292 recondens,
1941 1243 2174 1281 summa
2200 1226 2370 1297 ca'pit
2419 1242 2524 1296 ope
2573 1225 2699 1290 niti,
2737 1231 2798 1278 ut
2843 1224 2962 1294 spi-

1321 1315 1552 1372 ritualia
1599 1320 1792 1387 posset
1847 1315 2020 1370 mella
2077 1316 2381 1378 conficere,
2415 1332 2539 1384 quae
2585 1312 2959 1384 postmodum

1319 1407 1376 1461 in
1446 1404 1690 1477 populos
1738 1403 1904 1458 illum
1967 1405 2194 1458 deceret
2257 1410 2540 1469 eructare,
2586 1403 2754 1472 juxta
2819 1400 2960 1454 illud

1315 1493 1635 1550 Psalmista:
1671 1511 1684 1549 :
1719 1517 1743 1542 «ι
1773 1496 1955 1558 Quam
1989 1493 2182 1547 dulcia
2227 1493 2490 1546 fam-ibus
2541 1492 2685 1545 meis
2733 1489 2963 1560 eloquia

1315 1590 1436 1650 tua,
1469 1600 1647 1654 super
1693 1581 1801 1637 mel
1854 1588 1909 1636 et
1953 1583 2146 1636 favum
2199 1580 2283 1635 ori
2335 1581 2545 1636 meo!»
2583 1581 2652 1634 Et
2700 1579 2853 1650 quod
2891 1579 2960 1630 de

1315 1671 1791 1746 praedicatoribus
1841 1671 2058 1725 dicitur
2091 1688 2156 1725 :«
2209 1670 2548 1724 Memoriam
2592 1667 2960 1722 abundantiae

1317 1760 1624 1816 suavitatis
1674 1765 1782 1814 tua:
1835 1760 2206 1814 eructabunt.
2251 1781 2271 1807 ι
2314 1758 2529 1814 Dehinc
2580 1758 2649 1812 ad
2704 1774 2958 1826 unguem

1313 1851 1656 1916 instructus,
1697 1865 1829 1902 cum
1876 1848 2140 1902 omnium
2178 1849 2420 1901 fratrum
2460 1846 2824 1900 conniventia
2875 1863 2959 1898 re-

1317 1937 1529 1993 meavit
1575 1939 1648 1991 ad
1695 1933 1946 2008 prOpria.
1982 1937 2255 1990 Parentes
2310 1951 2444 1989 vero
2493 1936 2562 1989 de
2608 1936 2734 2004 ejus
2778 1935 2960 2004 profe-

1315 2032 1411 2082 ctu
1454 2026 1703 2082 nimium
1750 2027 2072 2097 gaudentes
2120 2042 2185 2078 ac
2243 2026 2355 2078 Deo
2425 2025 2644 2096 gratias
2702 2028 2959 2093 agentes,

1316 2115 1528 2170 iterum
1562 2114 1976 2168 commendant
2005 2130 2136 2167 eum
2180 2113 2528 2168 Adalberoni
2572 2112 2963 2181 Augustcnsis

1317 2203 1584 2259 Ecclesiae
1619 2202 1846 2274 praesuli
1881 2203 2226 2262 venerando,
2255 2201 2375 2256 viro
2408 2202 2536 2255 fidei
2588 2202 2718 2255 dote
2771 2217 2833 2253 ac
2883 2200 2961 2253 vi-

1318 2298 1387 2347 tae
1441 2293 1645 2347 merito
1695 2291 1894 2346 multis
1935 2291 2310 2362 prseterendo,
2361 2296 2650 2362 quatenus
2701 2306 2962 2343 reveren-

1317 2383 1401 2436 da:
1437 2381 1593 2435 illius
1634 2379 2192 2452 praesentimjugiter
2225 2380 2506 2434 assistens
2539 2378 2690 2432 velut
2730 2378 2784 2430 in
2820 2395 2960 2447 quo-

1314 2472 1446 2526 dam
1511 2469 1832 2540 disciplinar
1900 2468 2134 2539 speculo
2199 2469 2558 2538 conspiceret
2610 2467 2656 2519 si
2710 2465 2847 2536 quid
2904 2467 2958 2518 in

1314 2560 1498 2632 ipsius
1550 2559 1814 2613 moribus
1865 2558 2054 2611 adhuc
2104 2557 2314 2627 corrigi
2366 2558 2619 2610 deberet.
2674 2560 2857 2620 Quem
2901 2561 2962 2607 ut

1314 2649 1625 2722 praedictus
1655 2647 1754 2701 Dei
1789 2647 2046 2717 pontifex
2077 2647 2186 2699 title
2225 2647 2598 2714 lirmum,spe
2630 2645 2958 2708 robustum,

1315 2737 1594 2792 charitate
1625 2735 1949 2790 radicatum
1982 2738 2037 2788 et
2066 2735 2373 2787 fundatum
2407 2734 2682 2803 omnique
2733 2750 2958 2786 morum

1318 2825 1602 2898 probitate
1667 2824 2004 2877 decoratum
2073 2823 2327 2891 agnovit,
2391 2821 2736 2876 familiarius
2797 2821 2958 2874 illum

1319 2913 1524 2968 ascivit
1552 2912 1794 2982 ejusque
1825 2911 1978 2964 domi
2014 2911 2272 2982 lorisque
2305 2911 2361 2964 in
2390 2910 2662 2964 omnibns
2713 2910 2792 2964 uti
2825 2928 2958 2964 con-

1318 3001 1471 3058 siliis
1495 3000 1685 3072 cmpit,
1722 3004 2009 3070 quatenus
2039 3000 2168 3068 ejus
2199 2999 2506 3070 prudentia
2539 3000 2716 3053 totius
2747 2999 2962 3070 episco-

1320 3096 1490 3164 patus
1539 3088 1984 3160 disponerentur
2025 3089 2273 3160 negotia,
2322 3094 2443 3143 tam
2505 3087 2738 3160 publica
2781 3105 2958 3158 quam

1316 3179 1560 3252 privata.

1386 3268 1517 3324 CAP.
1565 3267 1656 3323 IV.
1693 3299 1757 3307 —
1789 3267 1982 3322 Libuit
2025 3265 2258 3321 interim
2310 3267 2416 3320 viri
2467 3266 2564 3321 Dei
2612 3267 2807 3320 animo
2849 3266 2956 3320 R0-

1313 3375 1470 3414 mam
1515 3373 1776 3430 pergere,
1807 3355 2203 3428 apostolorum
2255 3355 2460 3409 limina
2503 3354 2762 3422 visitare,
2796 3359 2857 3407 ut
2897 3371 2959 3408 se

2399 558 2786 623 BERNONIS
2831 559 3160 625 ABBATIS
3200 560 3640 624 AUGIENSIS.

4581 555 4736 618 “88

2991 695 3045 762 Α
3075 694 3403 766 exemplum
3435 712 3704 766 sequens,
3740 694 3810 748 de
3842 710 3956 764 quo
3989 695 4233 746 sanctus
4261 690 4527 747 Joannes
4558 707 4732 746 evan-

3072 783 3279 854 golisla
3305 787 3495 848 refert,
3530 784 3668 855 quia
3699 801 3834 838 cum
3879 781 4198 837 voluissent
4229 797 4364 835 eum
4413 796 4628 851 rapere
4681 785 4733 834 et

3074 890 3264 943 regem
3301 873 3674 937 constituere,
3705 873 3906 926 statim
3941 871 4108 942 fugit.
4139 871 4250 926 Sed
4282 886 4420 924 mox
4453 874 4523 924 ut
4569 869 4733 924 bona:

3073 961 3361 1015 memoria-
3411 961 3694 1016 Adalbcro
3725 979 3792 1015 ex
3824 961 3929 1015 bac
3980 960 4099 1014 vita
4139 959 4432 1030 migravit,
4469 957 4735 1012 Hiltinus

3070 1051 3120 1104 ei
3157 1053 3209 1103 in
3241 1053 3575 1121 episcopatu
3611 1051 3908 1105 successit.
3930 1051 4052 1113 Quo
4083 1053 4214 1119 post
4244 1047 4596 1119 quindecim
4635 1066 4737 1101 an-

3073 1156 3278 1194 norum
3315 1139 3604 1194 curricula
3634 1156 3698 1193 ex
3746 1140 3852 1192 hac
3876 1137 4003 1193 luce
4034 1135 4737 1203 subtracto,volenteDo-

3072 1227 3228 1282 mino
3289 1229 3414 1292 hoc,
3463 1229 3614 1298 quod
3667 1229 3735 1282 de
3781 1244 3944 1282 servo
3989 1244 4095 1282 suo
4141 1225 4407 1281 Udalrico
4465 1243 4576 1298 per
4637 1243 4738 1279 ora

3071 1333 3309 1370 suorum
3345 1316 3599 1371 fidelium
3643 1323 3813 1370 antea
3857 1314 4137 1387 pra-dixit,
4171 1313 4516 1386 adimplere,
4551 1313 4737 1368 totius

3071 1405 3206 1458 cleri
3242 1423 3304 1459 ac
3339 1406 3534 1477 populi
3565 1413 3695 1460 voto
3729 1406 3783 1458 in
3832 1422 4014 1458 unum
4050 1407 4456 1470 concurrente,
4492 1407 4552 1458 et
4586 1404 4739 1458 [len-

3072 1494 3171 1547 rici
3207 1495 3357 1564 regis
3387 1495 3680 1548 voluntate
3714 1495 3770 1548 in
3814 1493 4070 1564 idipsum
4113 1491 4540 1557 consentiente,
4577 1492 4738 1546 idem

3071 1583 3158 1636 vir
3207 1584 3298 1637 l)ei
3341 1588 3577 1636 sanctus
3623 1584 3678 1637 in
3711 1583 4048 1637 cathedram
4078 1580 4474 1653 episcopalem
4508 1579 4623 1636 hac
4677 1581 4734 1634 in

3073 1672 3214 1724 urbe
3245 1677 3331 1725 est
3363 1673 3735 1726 sublimatus.

3141 1764 3274 1814 tiu).
3311 1764 3377 1814 ν.
3415 1792 3477 1801 -
3511 1761 3729 1831 Adepto
3761 1778 3891 1815 vero
3925 1765 4096 1814 tanta:
4130 1758 4436 1830 dignitatis
4477 1757 4732 1825 honore,

3073 1850 3261 1920 qualis
3292 1854 3558 1903 tantusve
3580 1849 3864 1904 eitstiterit
3898 1848 4119 1904 nullius
4135 1865 4325 1904 sermo
4343 1848 4740 1918 adintegrum

3071 1938 3353 2008 explicare
3400 1939 3628 1992 valebit.
3665 1939 3845 1992 Totus
3884 1943 4006 1992 erat
4055 1954 4288 2008 semper
4335 1937 4391 1990 in
4439 1938 4738 2000 oratione,

3072 2033 3226 2081 totus
3261 2028 3314 2080 in
3353 2028 3612 2091 lectione,
3638 2032 3694 2081 et
3728 2027 3978 2081 maxime
4009 2026 4317 2081 attendens
4349 2024 4576 2096 quibus
4624 2025 4740 2078 vir-

3075 2122 3261 2169 tutum
3278 2114 3959 2186 ornamentisApostolus
3983 2115 4352 2169 describebat
4375 2115 4737 2186 episcopum

3073 2222 3199 2258 esse
3245 2204 3366 2258 sine
3414 2205 3677 2268 crimine,
3713 2205 3865 2258 sicut
3911 2203 4008 2258 Dei
4056 2204 4532 2274 dispensatorem
4571 2219 4583 2257 :
4622 2220 4742 2258 non

3073 2295 3416 2364 superbum,
3447 2310 3558 2346 non
3609 2294 3978 2362 iracundum,
4022 2311 4136 2348 non
4182 2291 4581 2358 vinolentum,
4621 2310 4740 2346 non

3073 2399 3492 2453 percussorem,
3521 2400 3631 2435 non
3666 2382 3849 2452 turpis
3881 2381 4023 2435 lucri
4057 2382 4335 2453 cupidum
4361 2399 4376 2449 ;
4400 2382 4504 2436 sed
4541 2382 4740 2452 hospi-

3073 2471 3268 2536 talem,
3302 2473 3639 2539 benipnuin,
3674 2470 4740 2540 sobrium,justum,sanctum,conti-

3072 2567 3324 2624 nentem,
3361 2559 3806 2630 amplectentem
3840 2577 3973 2613 eum
4009 2559 4104 2630 qui
4144 2558 4476 2613 secundum
4511 2559 4734 2613 doctri-

3074 2667 3206 2702 nam
3241 2655 3327 2702 est
3363 2649 3590 2702 “(lt‘lt‘lll
3623 2665 3977 2718 sermonem,
4005 2653 4066 2702 ut
4091 2657 4294 2718 potens
4330 2648 4405 2701 sit
4432 2647 4736 2703 exhortari

3073 2739 3125 2791 in
3160 2756 3301 2791 sana
3332 2737 3619 2803 doctrina,
3650 2745 3704 2791 et
3728 2755 3826 2791 eos
3859 2737 3957 2808 qui
3992 2737 4424 2801 contradicunt,
4462 2753 4734 2807 arguere.

3068 2827 3282 2880 llarum
3318 2828 3567 2880 duarum
3596 2827 3876 2880 virtutum
3913 2827 3990 2880 ita
4023 2825 4236 2880 vicaria
4274 2826 4565 2879 utebatur
4605 2843 4738 2879 suc-

3069 2916 3328 2970 cessione
3347 2920 3426 2980 ut,
3444 2915 3555 2968 nisi
3581 2914 3898 2969 inevitabili
3919 2913 4169 2984 alicujus
4193 2914 4572 2969 necessitatis
4597 2916 4738 2967 arti-

3067 3004 3196 3058 culo
3225 3003 3631 3068 intercedente,
3660 3002 3886 3056 nullum
3929 3007 4163 3072 tempus
4217 3000 4476 3056 transire
4513 3003 4738 3058 sineret

3067 3094 3341 3156 otiosum,
3388 3093 3705 3162 quominus
3773 3096 3873 3145 aut
3930 3089 4178 3145 orationi
4240 3090 4572 3157 insisteret,
4642 3097 4739 3144 aut

3068 3182 3296 3236 lectioni
3333 3198 3566 3254 operam
3592 3181 3754 3235 daret
3785 3197 3798 3234 :
3835 3180 4032 3250 sicque
4065 3195 4210 3250 pene
4241 3195 4481 3250 semper
4512 3180 4734 3251 optatis

3071 3270 3277 3325 ltachel
3304 3270 3685 3341 aniplectibus
3711 3274 3987 3334 uteretur,
4006 3269 4115 3322 nisi
4138 3268 4246 3322 Lia:
4277 3268 4736 3340 interpositione

3068 3359 3296 3414 interim
3314 3377 3344 3412 a
3378 3363 3550 3414 tanta:
3569 3357 3896 3411 sedulitatis
3917 3355 4224 3410 dulcedine
4239 3357 4735 3428 suspenderetur.

1313 3463 1534 3518 suaque
1565 3446 1762 3502 omnia
1794 3445 2054 3516 ipsorum
2087 3444 2450 3514 aliorumque
2474 3449 2809 3498 sanctorum
2835 3460 2958 3514 pre-
2989 3430 3028 3495 (ἶ
3070 3449 3357 3502 Suberant
3390 3448 3438 3501 ei
3473 3465 3622 3501 curto
3656 3446 3921 3500 maxima:
3952 3447 4021 3500 de
4074 3445 4417 3516 reparandis
4467 3446 4735 3501 ecclesiae

1314 3535 1480 3591 cibus
1506 3539 1701 3606 posset
1725 3533 2004 3588 attentius
2045 3534 2473 3587 commendare.
2508 3535 2629 3597 Quo
2682 3549 2814 3586 cum
2865 3549 2956 3586 ve-

1271 3673 1280 3682 .
1316 3623 1606 3688 nisset,ab
1638 3620 1968 3692 apostolicae
1993 3621 2150 3675 sedis
2173 3621 2433 3690 prazsule,
2451 3621 2685 3674 nomine
2712 3619 2954 3684 Marino,

1318 3711 1472 3782 apud
1495 3711 1678 3764 Deum
1709 3715 1766 3762 et
1797 3708 2066 3762 hormines
2099 3710 2407 3778 magniﬁco
2438 3714 2493 3762 et
2526 3709 2799 3779 glorioso,
2833 3711 2957 3761 ol'ti-

1319 3797 1472 3853 ciose
1504 3800 1836 3868 susceptus,
1866 3812 1929 3850 ac
1965 3796 2280 3867 requisitos
2311 3797 2442 3866 quis
2464 3802 2636 3862 esset,
2669 3803 2767 3850 aut
2807 3798 2959 3850 unde

1322 3886 1592 3954 venisset,
1623 3884 2016 3956 respondit,se
2047 3901 2110 3938 ex
2145 3883 2600 3938 Alamannorum
2629 3884 2806 3955 stirpe
2831 3901 2958 3956 pro-

1317 3973 1602 4046 genitum,
1653 3972 2031 4028 Adalberonis
2078 3973 2465 4044 Augustensis
2521 3973 2786 4027 Ecclesia:
2833 3991 2960 4028 esse

1318 4063 1609 4119 clericum.
1658 4062 1740 4116 Ad
1791 4061 1910 4116 hzec
1954 4061 2367 4133 Apostolicus:
2410 4062 2490 4117 Ne
2533 4062 2694 4128 dure,
2747 4061 2957 4132 inquit,

1317 4151 1587 4223 accipias,
1631 4168 1766 4223 quae
1815 4149 1982 4216 dico;
2018 4150 2155 4222 quia
2203 4149 2356 4206 idem
2404 4151 2475 4206 de
2525 4167 2638 4222 quo
2689 4149 2957 4217 retulisti,

1313 4247 1450 4296 tuus
1482 4239 1738 4313 pontifex
1771 4239 2056 4294 Adalbero
2073 4240 2200 4311 jam
2221 4238 2490 4311 migravit
2507 4240 2577 4294 de
2596 4238 2702 4293 hoc
2727 4238 2957 4303 saeculo,

1317 4346 1382 4385 ac
1430 4330 1530 4385 Dei
1580 4328 1946 4383 ordinatione
1986 4329 2386 4400 dispensante,
2417 4332 2643 4400 oportet
2695 4333 2746 4382 te
2784 4327 2961 4397 hujus

1316 4416 1616 4492 regiminis
1649 4434 1851 4473 curam
1889 4418 2294 4489 suscipere.At
2320 4416 2413 4471 ille
2432 4415 2676 4488 propria:
2691 4416 2962 4471 conscius

1315 4505 1694 4578 inﬁrmitatis,
1741 4507 1858 4561 imo
1912 4523 2026 4561 non
2085 4506 2396 4560 immemor
2445 4505 2602 4560 illius
2653 4505 2958 4560 mandati:

1319 4618 1346 4646 «
1373 4597 1598 4662 Quanto
1613 4612 1862 4668 magnus
1887 4611 1969 4662 es,
1987 4594 2235 4649 humilia
2257 4598 2310 4648 te
2335 4593 2390 4649 in
2409 4593 2963 4664 omnibus,»judica-

1313 4683 1395 4740 vit
1423 4683 1684 4757 seipsum
1718 4682 2026 4755 indignum
2062 4685 2180 4738 fore
2214 4686 2279 4736 ut
2308 4681 2452 4736 tanti
2476 4681 2711 4737 honoris
2734 4682 2963 4753 pondus

1315 4773 1558 4830 subiret.
1590 4773 1748 4827 Tunc
1783 4789 1954 4844 papa,
1986 4772 2180 4826 divino
2211 4770 2428 4842 Spiritu
2462 4771 2870 4842 repletus,ait:
2901 4771 2961 4826 Si

1316 4878 1473 4917 nunc
1518 4861 1911 4916 delitescendo
1959 4859 2344 4932 subterfugis,
2387 4861 2706 4931 quonimus
2753 4860 2808 4914 in
2857 4859 2963 4914 hoc

1317 4947 1476 5021 pacis
1521 4965 1587 5005 ac
1628 4949 2048 5021 tranquilitatis
2111 4954 2372 5020 tempore
2421 4947 2685 5004 Ecclesiae
2754 4965 2957 5003 navem

1318 5038 1628 5108 gubernes,
1660 5040 1852 5093 veniet
1878 5039 2002 5093 dies
2050 5039 2109 5093 in
2150 5055 2268 5110 qua
2317 5037 2476 5092 nullo
2527 5037 2698 5092 modo
2744 5042 2963 5092 statuta

1315 5125 1417 5180 Dei
1449 5126 1759 5197 praeterire,
1777 5125 2016 5192 valebis,
2030 5143 2230 5182 verum
2251 5125 2425 5182 etiam
2449 5126 2600 5181 inter
2612 5144 2666 5181 m
2678 5125 2776 5180 ulii
2784 5126 2962 5198 plices

1318 5230 1385 5270 ac
1437 5214 1778 5288 ﬂuctivagus
1826 5213 1994 5269 multi
2041 5214 2277 5280 laboris,
2331 5214 2614 5281 mmroris,
2653 5215 2963 5270 anxietatis

1319 5303 1510 5359 undas
1535 5303 1849 5375 regendam
1870 5301 2158 5373 suscipies
2175 5319 2262 5369 ac,
2277 5302 2390 5357 Deo
2411 5302 2678 5375 praesule,
2692 5303 2761 5358 ad
2797 5305 2964 5359 littus

1317 5391 1556 5465 placidis
1590 5389 1805 5462 quietis
1837 5389 1954 5446 acsi
1997 5389 2244 5444 nimium
2299 5391 2488 5446 fessus
2535 5393 2834 5462 perduccs.
2865 5393 2966 5449 His

1317 5479 1535 5536 auditis
1565 5479 1638 5532 ad
1685 5481 1967 5533 metatum
2002 5479 2267 5550 perrexit,
2283 5479 2623 5548 atqueinter
2650 5498 2813 5538 sacra
2843 5500 2966 5538 ora-

1320 5567 1545 5624 tionum
1578 5565 1878 5633 libamina,
1912 5573 2030 5622 tam
2076 5584 2138 5622 se
2188 5584 2369 5638 quam
2417 5567 2672 5623 defuncti
2719 5571 2965 5626 senioris

1319 5655 1576 5713 animam
1611 5671 1744 5710 cum
1769 5653 2040 5728 lacrymis
2062 5657 2177 5712 Deo
2199 5675 2264 5712 ac
2295 5656 2512 5713 sanctis
2539 5659 2816 5730 apostolis
2837 5661 2966 5731 ejus

1320 5743 1782 5813 commendavit;
1818 5745 2013 5818 sicque
2041 5752 2271 5818 postera
2304 5746 2417 5814 die,
2452 5746 2742 5802 nesciente
2791 5767 2958 5820 papa,

1319 5831 1570 5897 latenter
1600 5831 1892 5911 discessit,
1921 5835 2097 5898 etiam
2128 5834 2187 5894 in
2212 5834 2322 5893 hoc
2359 5833 2670 5892 Dominicac
2717 5835 2962 5898 actionis

3070 3538 3277 3605 muris,
3301 3537 3371 3590 de
3401 3536 3824 3590 rczedilicandis
3855 3535 4163 3589 domorum
4195 3549 4260 3589 ac
4289 3532 4484 3605 ipsius
4517 3535 4736 3590 civita-

3066 3627 3142 3680 tis
3174 3625 3432 3679 a'diliciis
3463 3641 3588 3695 quae
3635 3625 3744 3677 sub
3786 3629 4224 3678 antecessorum
4279 3639 4532 3678 suorum
4591 3629 4738 3679 tem-

3068 3715 3306 3786 poribus
3337 3719 3438 3767 aut
3463 3713 3642 3766 nimia
3671 3717 3953 3767 vetustate
3983 3711 4228 3783 dilapsa,
4263 3717 4366 3765 aut
4412 3710 4558 3783 igne
4617 3714 4740 3767 fue-

3069 3807 3197 3857 rant
3229 3807 3595 3872 consumpta.
3624 3801 3728 3854 Sed
3763 3806 3817 3856 et
3861 3800 4080 3854 familia
4111 3800 4365 3854 maxima
4395 3817 4468 3854 ex
4501 3807 4679 3872 parte
4709 3820 4743 3856 a

3068 3892 3310 3963 paganis
3360 3891 3570 3952 occisa,
3597 3895 3651 3944 et
3692 3907 3846 3961 pars,
3881 3907 4009 3960 quae
4048 3892 4428 3952 remanserat,
4468 3897 4740 3960 egestate

3069 3980 3316 4032 nimium
3351 3985 3473 4033 erat
3513 3977 3744 4032 alllicta.
3777 3979 3927 4031 Inter
3970 3977 4088 4031 hinc
4128 3974 4481 4032 venerabilis
4533 3977 4738 4042 heros,

3067 4067 3224 4122 velut
3253 4073 3385 4122 ante
3417 4073 3472 4122 et
3506 4072 3656 4120 retro
3686 4065 3972 4132 oculatus,
3997 4065 4170 4136 cmpit
4193 4070 4367 4120 cauta
4399 4067 4631 4120 mentis
4652 4069 4740 4121 in-

3071 4157 3324 4211 tentione
3355 4156 3824 4226 circumspicere,
3858 4155 4158 4226 providam
4198 4153 4470 4208 omnium
4523 4172 4740 4210 curam

3069 4263 3265 4316 gerere
3296 4261 3307 4299 :
3333 4261 3396 4298 ac
3430 4244 3675 4315 sapienti
3703 4261 3846 4297 usus
3877 4243 4141 4308 consilio,
4163 4241 4582 4299 materialibus
4617 4246 4746 4316 qui—

3070 4336 3200 4389 dem
3225 4333 3483 4386 aediliciis
3505 4333 3822 4403 prudentes
3847 4337 3902 4387 et
3927 4331 4168 4386 idoneos
4183 4331 4506 4403 magistros
4529 4335 4745 4404 pratfc~

3071 4425 3164 4478 cit.
3201 4428 3329 4494 Ipse
3351 4438 3502 4486 vero,
3525 4421 3692 4492 quasi
3726 4421 3960 4492 sapiens
3991 4420 4372 4487 architectus,
4405 4435 4548 4475 cum
4583 4424 4746 4494 Apo-

3071 4512 3217 4567 stolo
3248 4510 3545 4566 Christum
3607 4509 4059 4564 fundamentum
4092 4508 4312 4580 posuit,
4347 4525 4533 4580 super
4575 4511 4744 4582 quod

3071 4599 3371 4655 mditieavit
3402 4614 3632 4665 aurum,
3667 4602 3999 4669 argentum,
4025 4596 4374 4668 lapidesque
4415 4599 4742 4669 pretiosos,

3070 4695 3124 4746 et
3155 4694 3359 4744 cratera
3384 4687 3837 4757 hujusmodizut
3869 4692 4204 4741 sanctarum
4239 4685 4588 4742 animarum
4611 4689 4747 4742 ardi-

2994 4799 3040 4864 Β
3073 4778 3286 4848 ίίρθὶίο,
3312 4795 3412 4848 per
3441 4778 3569 4847 ejus
3604 4775 4070 4847 praedicationem
4114 4778 4476 4840 constructa,
4510 4791 4748 4831 cresce-

3073 4873 3156 4923 ret
3189 4867 3245 4920 in
3273 4864 3555 4937 templum
3581 4869 3846 4919 sanctum
3881 4864 4233 4919 Domino.Et
4257 4866 4746 4935 quoscunquead

3070 4955 3182 5010 tale.
3212 4954 3516 5008 mdiﬁcium
3551 4954 3723 5008 verbo
3745 4958 3801 5008 et
3828 4951 4096 5024 exemplo
4118 4952 4509 5024 praeparabat,
4530 4961 4746 5009 caetera

3071 5043 3452 5100 humanitatis
3483 5043 3700 5108 ol'ticia,
3729 5046 3900 5113 prout
3933 5040 4047 5096 illis
4079 5040 4326 5096 facultas
4357 5044 4748 5112 suppetebat,

3074 5134 3329 5205 prazbere
3352 5148 3463 5186 non
3496 5130 3815 5195 desinebat,
3842 5147 3956 5184 non
3991 5128 4181 5184 solum
4213 5129 4305 5184 bis
4336 5129 4436 5201 qui
4469 5145 4748 5200 praesen-

3073 5227 3159 5276 tes
3209 5221 3449 5276 aderant
3490 5234 3732 5273 manum
3783 5217 4198 5273 misericordiae
4231 5218 4620 5289 porrigendo,
4645 5236 4739 5274 ve-

3074 5327 3205 5366 rum
3236 5310 3410 5365 etiam
3444 5307 3664 5379 eis,qui
3696 5307 4042 5379 aegritudine
4072 5305 4346 5378 praeventi
4365 5305 4456 5361 vel
4491 5310 4747 5364 carceri-

3077 5402 3188 5456 bus
3220 5398 3429 5454 inclusi
3464 5397 3631 5469 longe
3658 5396 3919 5462 aberant,
3953 5395 4365 5451 ministrando.

3143 5490 3278 5544 CAP.
3312 5487 3408 5542 Vl.
3429 5518 3494 5526 —
3527 5484 3680 5540 Nulli
3710 5485 3904 5554 itaque
3934 5502 4166 5551 avarus,
4199 5485 4482 5540 omnibus
4513 5488 4744 5541 exstitit

3072 5579 3292 5651 largus,
3328 5577 3408 5632 ita
3433 5580 3496 5630 ut
3522 5574 3666 5628 illud
3699 5574 3849 5628 beati
3879 5573 3991 5630 Job
4022 5579 4212 5646 potest
4244 5573 4437 5628 dicere
4473 5590 4538 5629 :u
4565 5573 4746 5630 Bene.

3071 5667 3244 5721 dictio
3272 5663 3508 5738 perituri
3542 5679 3719 5734 super
3750 5678 3840 5716 me
3867 5663 4146 5728 veniebst,
4181 5667 4239 5717 et
4268 5679 4369 5717 cor
4389 5662 4742 5718 vidumcon~

3071 5757 3456 5810 svla‘nssmn.
3483 5751 3780 5824 nEtpanlo
3815 5757 3974 5824 post:
3999 5751 4357 5806 «Oculusl‘ui
4388 5769 4546 5806 caeco
4565 5759 4741 5826 etpes

3069 5845 3303 5905 claudo:
3321 5848 3484 5919 pater
3495 5857 3655 5900 eram
3679 5857 4026 5917 pauperum.
4044 5862 4073 5894 »
4087 5841 4155 5898 Et
4175 5839 4394 5897 iterum
4412 5855 4426 5899 :
4446 5861 4476 5891 «
4493 5840 4738 5902 Flebant
