4868 6452
1357 543 1508 607 1191

2440 539 2830 604 BERNONIS
2877 533 3206 603 ABBATIS
3251 537 3693 604 AUGIENSIS.

4629 536 4792 600 H99

1353 678 1500 733 Vere
1533 675 1777 748 impleta
1797 678 1885 731 est
1916 673 2219 748 prephetia
2244 690 2369 746 quae
2382 674 2524 729 dixit
2548 693 2603 729 :u
2625 675 2768 730 Cum
2807 679 3008 730 sancto
3038 675 3091 743 Α
3121 676 3426 746 cujusdam
3454 675 3638 730 noctis
3660 673 3892 729 silentio
3913 673 4179 728 membra
4200 671 4383 745 quieti
4406 659 4793 729 commenda-

1351 770 1600 823 sanctus
1621 765 1823 830 eris,et
1852 780 1985 819 cum
2017 764 2140 819 viro
2165 763 2466 818 innocente
2500 764 2779 819 innocens
2813 765 2948 819 eris.
2977 788 3004 814 ››

1426 859 1556 910 CAP.
1586 852 1737 908 VIII.
1769 885 1838 892 —
1870 853 1984 908 Nec
2031 853 2498 924 praetereundum
2550 858 2708 924 puto,
2755 853 3007 924 qualiter

1349 941 1608 999 calcatis
1631 941 1780 1014 signi
1807 941 2026 997 visione
2047 940 2239 1013 ipsum
2257 942 2432 996 etiam
2458 940 2697 996 voluerit
2721 941 3004 998 Dominus

1343 1030 1689 1086 miriﬁcam.
1713 1030 1856 1084 Nam
1888 1029 1946 1084 in
1978 1030 2106 1102 ipsa
2138 1028 2381 1084 solemni
2416 1029 2508 1084 die
2540 1034 2740 1085 sancto
2771 1031 3003 1086 Paschze

1357 1119 1544 1175 multa
1573 1119 1818 1175 fratrum
1869 1124 2097 1174 caterva
2143 1123 2391 1185 astante,
2439 1119 2580 1174 dum
2631 1124 2869 1174 sanctus
2911 1137 3002 1175 sa-

1353 1209 1559 1268 cerdos
1589 1208 1782 1263 divina
1811 1207 2127 1264 celebraret
2158 1207 2454 1280 mysteria,
2479 1209 2712 1263 dextera
2735 1209 3002 1280 quaedam

1351 1297 1624 1370 apparuit
1653 1313 1928 1370 superna,
1960 1313 2088 1368 quae
2119 1313 2252 1352 cum
2284 1297 2473 1369 ipsius
2527 1297 2762 1352 dextera
2807 1297 3005 1353 divina

1349 1385 1736 1442 sanctiﬁcavit
1785 1391 2177 1442 sacramenta.
2231 1386 2483 1458 Expletis
2512 1403 2644 1441 vero
2687 1387 3001 1442 missarum

1344 1473 1668 1543 solemniis,
1701 1475 1946 1546 quidam
1980 1475 2267 1530 Henricus
2300 1477 2626 1547 presbyter,
2680 1476 2780 1547 qui
2813 1493 2878 1531 eo
2910 1475 3002 1532 die

1346 1563 1604 1619 cantoris
1641 1564 1900 1619 officium
1953 1580 2135 1636 agens
2185 1569 2345 1619 tanto
2392 1565 2654 1618 interfuit
2700 1565 3000 1631 miraculo,

1347 1669 1606 1724 sequens
1654 1653 1989 1724 episcolmm
2047 1670 2231 1724 usque
2273 1653 2331 1708 in
2365 1653 2724 1718 cubiculum,
2752 1655 2822 1709 ad
2874 1656 3002 1724 ejus

1348 1741 1526 1812 pedes
1557 1741 1965 1813 cecidit,alque
1997 1742 2055 1796 in
2082 1742 2392 1814 praesentia
2408 1742 2775 1814 popularium
2813 1760 3003 1815 perso-

1348 1845 1562 1884 narum
1595 1829 1857 1886 eamdem
1910 1831 2193 1885 visionem
2229 1831 2424 1886 minus
2458 1837 2622 1886 caute
2652 1831 2996 1903 explanavit.

1349 1918 1456 1973 Cui
1488 1918 1574 1974 vir
1605 1918 1703 1974 Dei
1739 1935 1752 1972 :
1787 1919 1995 1974 Melius
2017 1918 2144 1986 tibi,
2179 1919 2386 1990 inquit,
2412 1924 2567 1974 esset
2597 1925 2998 1990 tacere,quam

1346 2007 1489 2062 talia
1519 2007 1580 2062 in
1612 2025 1786 2062 aures
1817 2007 1972 2079 vulgi
2005 2009 2417 2080 proferre.Mox
2450 2007 2542 2062 ille
2574 2009 2782 2063 rubore
2814 2010 3002 2080 perfu-

1347 2113 1449 2152 sus
1479 2095 1640 2161 exiit,
1692 2101 1748 2151 et
1779 2097 1836 2150 in
1888 2097 2175 2152 vestibulo
2227 2096 2476 2151 cubiculi
2514 2098 2775 2152 residens
2807 2103 2998 2153 tantas

1351 2183 1643 2258 lacrymas
1676 2185 1964 2253 emisit,ut
1993 2201 2060 2240 ex
2095 2185 2322 2240 illarum
2356 2186 2676 2241 sulfusione
2698 2192 3000 2258 cogeretur

1349 2271 1500 2328 lucis
1533 2273 1712 2344 hujus
1744 2275 2052 2346 dispendia
2082 2274 2500 2330 sustinere.Vir
2520 2280 2716 2330 autem
2751 2277 2849 2329 Dei
2887 2293 2999 2330 me-

1349 2377 1479 2417 mor
1508 2378 1624 2418 suce
1657 2362 1986 2434 fragilitatis
2019 2364 2253 2418 cavebat
2287 2365 2539 2419 favorem
2573 2365 2840 2419 humanae
2872 2364 2996 2418 lau—

1347 2451 1459 2518 dis,
1494 2467 1566 2508 ne
1611 2453 1839 2506 caderet
1878 2451 1934 2506 in
1989 2453 2370 2524 praecipitium
2422 2453 2715 2518 elationis,
2769 2471 3000 2524 semper

1345 2541 1564 2612 gratias
1595 2557 1775 2614 agens
1803 2546 1915 2596 Deo
1939 2559 2114 2613 super
2141 2540 2518 2596 inenarrabili
2556 2545 2684 2612 ejus
2717 2543 2868 2596 dono
2895 2561 2908 2608 ;
2941 2547 2997 2597 et

1343 2629 1496 2684 sicut
1524 2629 1594 2684 de
1616 2630 1838 2686 sanctis
1861 2631 1990 2700 ejus
2011 2631 2294 2700 scriptum
2314 2635 2430 2684 est:
2454 2653 2481 2677 «
2505 2630 2674 2684 Ibunt
2696 2631 2765 2684 de
2788 2630 2997 2684 virtute

1343 2717 1402 2772 in
1433 2716 1727 2786 virtutem,
1752 2741 1778 2767 η
1802 2717 2200 2774 velutcualeste
2223 2717 2436 2772 animal
2456 2723 2589 2771 ante
2610 2719 2812 2772 faciem
2828 2735 2994 2772 suam

1345 2806 1744 2877 gradiebatur,
1780 2812 1844 2860 ut
1875 2823 1942 2862 eo
1994 2812 2188 2862 mente
2234 2807 2672 2876 conscenderet,
2715 2825 2829 2878 quo
2861 2824 2994 2862 eum

1346 2892 1605 2965 impetus
1633 2894 1878 2966 spiritus
1911 2895 2275 2950 duceretliis
2306 2896 2589 2950 virtutum
2623 2896 2900 2967 gradibus
2923 2897 2992 2950 ad

1347 2982 1464 3037 alta
1514 2983 1844 3054 proficiens,
1894 2984 2149 3055 quadam
2201 2989 2388 3051 nocte,
2439 3001 2566 3056 qua:
2619 2985 2999 3039 antecedebat

1346 3069 1502 3126 diem
1536 3071 1826 3138 sanctum,
1863 3089 2035 3143 quem
2068 3073 2220 3128 diem
2254 3073 2629 3144 indulgentiae
2648 3073 2733 3128 vel
2767 3090 2992 3128 coenam

1348 3157 1582 3214 Domini
1637 3160 1969 3216 Christiana
2018 3160 2218 3233 religio
2266 3179 2469 3217 vocare
2521 3164 2841 3231 consuevit,
2892 3181 2998 3218 vox

1341 3249 1607 3320 quadam
1637 3250 1806 3305 beato
1839 3250 1921 3306 sic
1953 3253 2038 3306 ait
2082 3251 2140 3306 in
2186 3251 2311 3306 visu
2339 3269 2351 3306 :
2379 3251 2646 3306 Udalrice
2699 3253 2993 3324 episcope,

1341 3337 1493 3395 scias
1521 3343 1576 3394 te
1605 3339 1864 3411 hospites
1909 3345 2322 3412 suscepturum
2355 3358 2499 3396 esse.
2543 3342 2994 3413 Expergefactus

3115 767 3222 831 ret,
3255 769 3455 818 sancta
3484 763 3620 818 Afra
3670 767 3891 835 martyr
3949 761 4195 834 pulchra
4248 761 4416 828 facie,
4469 765 4636 818 veste
4696 761 4795 817 de-

3115 853 3474 917 cora,tunica
3507 853 3802 907 succincta
3851 851 4142 924 apparuit,
4175 852 4344 923 eique
4372 851 4562 906 dixit:
4597 851 4793 922 Surge

3114 946 3169 996 et
3199 958 3442 1013 sequere
3478 959 3589 997 me.
3623 941 3690 996 Et
3729 940 3929 996 statim
3959 940 4158 996 eduxit
4201 939 4375 995 illum
4403 939 4464 995 in
4499 956 4791 1012 campum

3114 1031 3212 1101 qui
3246 1048 3314 1085 ex
3347 1032 3582 1086 nomine
3619 1029 3840 1086 ibidem
3873 1028 4239 1085 decurrentis
4263 1027 4425 1084 ﬂuvii
4457 1028 4686 1084 Lecfelt
4706 1029 4794 1083 di-

3113 1119 3282 1173 citur‘
3321 1120 3417 1173 ubi
3453 1123 3723 1173 sanctum
3759 1119 3992 1174 Petrum
4027 1116 4425 1189 apostolorum
4447 1117 4788 1190 principem

3113 1208 3272 1262 velut
3304 1209 3360 1262 in
3392 1207 3656 1279 synodali
3703 1205 3992 1279 colloquio
4037 1207 4338 1264 sedentem
4385 1204 4614 1261 invenit
4647 1222 4786 1260 cum

3115 1313 3328 1368 magna
3360 1297 3767 1368 episcoporum
3801 1295 4168 1366 aliorumque
4190 1298 4536 1351 sanctorum
4572 1294 4783 1349 multi-

3115 1385 3431 1452 tudine,vel
3448 1403 3595 1456 quos
3609 1385 3748 1440 olim
3767 1385 3826 1440 in
3852 1400 4024 1440 carne
4045 1384 4210 1451 vidit,
4226 1383 4314 1439 vel
4326 1388 4469 1439 tunc
4483 1382 4776 1456 primum,

3112 1475 3402 1530 revelante
3447 1475 3557 1529 sibi
3604 1473 3790 1544 gratia
3821 1473 4036 1540 divina,
4073 1488 4426 1545 cognoscere
4457 1471 4663 1544 ccepit.
4697 1471 4779 1526 lbi

3112 1563 3260 1618 inter
3287 1563 3419 1629 alia,
3477 1579 3602 1634 quae
3649 1563 4074 1628 tractabantur,
4126 1563 4278 1618 sicut
4326 1561 4466 1620 olim
4523 1561 4586 1616 in
4635 1563 4782 1633 Apo-

3111 1652 3329 1724 calypsi
3384 1652 3566 1706 sancti
3615 1652 3862 1707 Joannis
3906 1651 4104 1706 audita
4146 1655 4233 1706 est
4275 1667 4383 1705 vox
4433 1649 4778 1705 animarum

3113 1741 3202 1795 sui
3266 1740 3732 1795 interfectoribus
3793 1739 4112 1794 vindictam
4182 1739 4588 1810 expetentium
4644 1738 4781 1794 :ita

3117 1834 3254 1884 tunc
3287 1829 3508 1883 clamor
3537 1835 3702 1884 ortus
3733 1833 3819 1882 est
3850 1835 4179 1883 sacctorum
4205 1829 4276 1883 de
4296 1825 4611 1899 Arnulpbo
4633 1827 4781 1882 duce

3118 1918 3455 1972 Noricorum
3484 1917 3676 1972 adhuc
3707 1918 3950 1984 vivente,
3984 1918 4058 1971 ob
4095 1916 4563 1972 destructionem
4595 1916 4778 1972 eccle-

3111 2007 3330 2061 siarum
3356 2012 3528 2077 atque
3554 2006 4320 2077 monasteriorum,quorum
4343 2021 4438 2061 res
4473 2005 4782 2060 distribuit

3111 2097 3166 2149 in
3204 2097 3484 2150 benelicia
3505 2095 4474 2166 laicorum.Quapropter,dictante
4505 2094 4776 2150 omnium

3107 2186 3418 2252 sententia,
3476 2185 3792 2239 damnatus
3826 2188 3913 2239 est
3964 2201 4152 2256 paena.
4204 2183 4676 2239 Proferebantur
4719 2183 4772 2238 in

3107 2273 3363 2328 medium
3399 2274 3573 2328 etiam
3624 2275 3739 2328 duo
3771 2289 3942 2328 enses
3975 2289 3988 2326 :
4026 2290 4182 2328 unus
4215 2272 4457 2344 quidem
4499 2287 4647 2329 cum
4680 2290 4773 2328 ca-

3108 2363 3417 2434 pulo,altcr
3446 2380 3577 2417 vero
3603 2364 3825 2434 absque
3857 2361 4086 2434 capulo.
4125 2362 4205 2416 De
4237 2361 4458 2434 quibus
4499 2361 4774 2433 princeps

3106 2451 3499 2523 apostolorum
3535 2452 3613 2505 ait
3644 2452 3715 2506 ad
3748 2453 3982 2505 beatum
4013 2451 4203 2505 virum
4243 2467 4255 2505 :
4291 2450 4395 2506 Dic
4442 2450 4570 2522 regi
4629 2450 4777 2506 Hen-

3109 2539 3226 2594 rico
3257 2557 3268 2594 :
3304 2540 3470 2594 Ensis
3502 2540 3721 2610 absque
3744 2538 3951 2610 capulo
3976 2538 4266 2610 signiﬁcat
4288 2537 4482 2605 illum,
4509 2540 4617 2610 qui
4657 2540 4780 2594 sine

3109 2629 3382 2684 unctione
3412 2633 3612 2699 regnat
3644 2629 3699 2682 in
3736 2628 4046 2700 populo.At
4074 2626 4222 2683 alter
4241 2627 4562 2699 capulatus
4584 2628 4780 2694 illum,

3111 2717 3207 2788 qui
3236 2734 3334 2788 per
3355 2734 3530 2772 sacrae
3556 2717 3974 2771 benedictionis
3993 2716 4258 2771 ordinem
4283 2715 4580 2771 divinitus
4607 2715 4779 2771 fuerit

3105 2811 3434 2860 coronatus.
3473 2805 3658 2860 Finito
3693 2809 4028 2860 sanctorum
4062 2804 4330 2869 concilio,
4363 2805 4657 2876 pradicta
4681 2806 4777 2861 Dei

3105 2899 3324 2966 martyr
3356 2894 3731 2950 sanctissima
3775 2893 4122 2949 monstravit
4170 2892 4252 2948 illi
4286 2892 4488 2948 adhuc
4530 2893 4694 2957 loca,
4721 2895 4772 2948 in

3105 2985 3320 3056 quibus
3351 2986 3482 3038 Otto
3532 3000 3629 3037 rex
3675 2988 3873 3053 postea
3918 2988 4111 3037 castra
4159 2981 4376 3054 posuit,
4409 2987 4472 3036 et
4493 2983 4774 3054 generale

3105 3073 3458 3144 colloquium
3491 3088 3624 3127 cum
3659 3073 3782 3127 suis
3823 3072 4064 3138 habens,
4098 3071 4521 3142 Berengarium
4564 3087 4768 3144 regem

3111 3161 3649 3232 Longobardorum,
3683 3176 3814 3214 cum
3852 3159 4052 3214 multis
4084 3159 4215 3214 aliis
4247 3162 4768 3230 praesentatumﬁn

3105 3268 3279 3305 suum
3325 3250 3582 3320 suscepit
3634 3248 3983 3303 dominium.
4029 3248 4298 3304 Praedixit
4344 3247 4526 3302 etiam
4579 3250 4772 3304 effera:

3105 3340 3296 3411 gentis
3329 3339 3735 3409 Hungarorum
3795 3336 4204 3408 irruptionem,
4253 3336 4771 3410 durissimaqu

1342 3427 1514 3500 cepit
1543 3444 1742 3485 secum
1773 3430 2119 3486 admirando
2151 3435 2398 3486 tractare
2419 3430 2660 3502 quinam
2682 3431 2764 3485 illi
2798 3431 2994 3503 hospi-
3026 3413 3068 3481 C
3103 3446 3238 3484 cum
3296 3428 3666 3482 Nostratibus
3710 3426 4209 3497 congressionem,
4244 3442 4352 3481 nec
4399 3441 4520 3481 non
4553 3429 4618 3482 et
4651 3426 4774 3482 loca

1339 3519 1428 3571 tes
1458 3516 1640 3572 futuri
1671 3522 1890 3573 essent.
1931 3519 2058 3573 Non
2091 3519 2247 3574 enim
2273 3524 2398 3573 erat
2427 3519 2621 3574 inanis
2669 3536 2844 3574 sonor
2875 3519 2993 3592 ille,

1344 3603 1448 3676 qui
1479 3603 1629 3660 solet
1655 3604 1966 3676 aliquoties
1989 3606 2298 3662 hominum
2327 3612 2553 3663 mentes
2585 3607 2830 3663 illudere
2853 3625 2865 3663 :
2892 3611 2993 3664 sed

1349 3691 1488 3748 talis
1517 3693 1731 3764 potius,
1766 3693 1956 3764 qualis
1990 3711 2207 3765 sponsa
2236 3712 2298 3750 se
2323 3695 2463 3750 dicit
2492 3695 2552 3750 in
2596 3698 2813 3752 amoris
2855 3698 2998 3754 Can-

1350 3778 1466 3836 tico
1497 3781 1830 3852 obdormire
1864 3799 1876 3836 :
1915 3805 1940 3832 ‹‹
1972 3782 2327 3856 Ego,inquit,
2352 3784 2660 3853 dormio,et
2681 3803 2778 3841 cor
2800 3803 2994 3843 meum

1350 3867 1790 3940 vigilat.nTalis
1841 3869 2021 3942 igitur
2050 3872 2238 3926 somni
2271 3871 2412 3928 dum
2443 3873 2530 3927 vir
2559 3873 2658 3929 Dei
2709 3875 2998 3930 frueretur

1352 3957 1782 4029 quiete,iterum
1815 3975 2009 4016 vocem
2043 3959 2101 4015 in
2134 3960 2252 4018 I1th
2283 3961 2461 4017 verba
2501 3963 2715 4018 meruit
2745 3965 2946 4020 audire
2978 3981 2992 4020 :

1350 4045 1652 4103 Orationes
1681 4051 1793 4104 tua:
1843 4052 1897 4104 et
1945 4048 2344 4122 eleemosynee,
2378 4049 2662 4120 Udalrice,
2696 4052 2810 4108 Deo
2859 4057 2998 4109 sunt

1349 4140 1620 4208 acceptae,
1649 4137 1749 4209 qui
1779 4137 1934 4193 binis
1974 4141 2443 4195 antecessoribus
2494 4139 2631 4205 tuis,
2683 4141 2996 4198 Fortunato

1349 4224 1570 4280 scilicet
1597 4231 1774 4298 atque
1803 4227 2174 4296 Adalbcroni,
2208 4233 2262 4284 te
2291 4229 2740 4297 commendavit,
2775 4234 2841 4284 ut
2888 4231 2994 4285 tibi

1349 4313 1518 4370 hodie
1531 4319 1587 4370 et
1598 4315 1872 4388 deinceps
1885 4333 2051 4373 sacra
2064 4317 2338 4390 mysteria
2359 4316 2672 4372 celebranti
2693 4319 2992 4387 assistant,

1349 4405 1408 4457 et
1437 4419 1506 4459 ea
1558 4407 1752 4460 tecum
1799 4404 2165 4460 benedicant.
2201 4405 2370 4460 Mane
2401 4409 2597 4460 autem
2633 4405 2801 4475 facto,
2853 4407 2997 4463 hora

1349 4494 1467 4562 tgna
1491 4489 1746 4564 inclytus
1775 4492 2224 4566 mysteriarches
2244 4493 2442 4550 divina
2461 4499 2829 4551 sacramenta
2845 4496 2994 4552 cele—

1348 4580 1556 4648 bravit,
1588 4581 1942 4654 quibusdam
1975 4584 2172 4651 etiam,
2217 4581 2319 4655 qui
2365 4583 2440 4638 ad
2489 4583 2804 4638 videndum
2835 4584 2997 4657 digni

1347 4674 1532 4740 erant,
1565 4671 1938 4728 cernentibus
1961 4673 2198 4727 dextera
2228 4670 2456 4727 Domini
2492 4671 2683 4727 denuo
2704 4673 2994 4744 apparuit,

1349 4772 1479 4830 quae
1507 4775 1642 4815 cum
1673 4766 1872 4816 sancto
1903 4762 2178 4834 episcopo
2223 4760 2391 4834 signo
2421 4761 2612 4816 crucis
2643 4760 2996 4833 imponendo
3031 4785 3075 4850 Β

1348 4847 1554 4902 eadem
1585 4851 2148 4906 consecravit.lidem
2167 4849 2427 4922 ipsicum
2458 4849 2530 4906 ad
2563 4849 2995 4922 percipiendam

1349 4951 1576 4994 sacram
1606 4940 2081 4996 communionem
2111 4939 2182 4994 ad
2207 4952 2438 4994 sacrum
2461 4937 2641 4994 altare
2659 4938 2999 4994 accederent

1349 5029 1408 5080 et
1435 5030 1674 5083 sanctus
1705 5023 1807 5084 Dei
1838 5028 1970 5084 illos
2002 5028 2181 5100 hujus
2207 5027 2413 5084 secreti
2445 5027 2715 5083 conscios
2747 5043 2878 5083 esse
2899 5044 3000 5099 per

1350 5113 1622 5184 spiritum
1654 5133 1769 5172 non
1800 5117 2116 5189 ignoraret,
2141 5116 2378 5186 quando
2426 5131 2636 5188 panem
2688 5117 2773 5172 eis
2809 5116 3000 5172 Domi-

1350 5201 1548 5258 nicum
1563 5204 1929 5275 porrexit,ori
1943 5202 2309 5276 singulorum
2331 5203 2582 5278 digitum
2602 5205 2994 5278 superposuit,

1349 5295 1415 5348 ut
1442 5304 1548 5364 per
1565 5291 1676 5348 hoc
1705 5291 2102 5364 intelligerent
2149 5293 2303 5362 quod
2348 5292 2473 5348 visa
2519 5292 2762 5348 minime
2805 5293 2998 5350 divul-

1349 5393 1489 5454 gare
1512 5379 1976 5444 deberent.Quin
1991 5377 2421 5452 etiam,expleto
2450 5397 2749 5438 sacrorum
2779 5383 2994 5452 officio,

1348 5470 1422 5526 ad
1455 5484 1520 5526 se
1542 5467 1764 5524 vocatis
1794 5466 2028 5524 revelati
2059 5467 2170 5523 sibi
2200 5467 2259 5522 in
2291 5472 2457 5524 nocte
2477 5471 2770 5542 praeterita
2789 5477 2998 5544 myste-

1350 5558 1424 5614 rii
1455 5554 1722 5614 ordinem
1751 5557 2040 5628 exposuit,
2071 5560 2130 5614 et
2158 5560 2278 5612 tam
2326 5553 2436 5612 hoc
2470 5573 2647 5630 quam
2695 5561 2850 5631 quod
2882 5561 2995 5634 ipsi

1349 5645 1617 5702 viderant
1647 5640 1820 5700 alicui
1851 5643 2062 5713 dicere,
2087 5646 2268 5702 donec
2298 5645 2393 5702 ille
2423 5652 2687 5703 maneret
2711 5647 2769 5702 in
2800 5665 2994 5718 carne,

1351 5733 1652 5790 interdixit
1681 5735 1790 5790 sub
1821 5735 2290 5792 interminatione
2322 5735 2626 5808 praesentis
2656 5735 2805 5791 vitae.

1422 5821 1554 5888 me.
1587 5822 1678 5885 IX.-
1701 5855 1770 5868 -—
1797 5821 1924 5884 Alio
1949 5839 2082 5886 vero
2131 5828 2416 5902 tempore,
2456 5823 2599 5881 dum
2644 5823 2858 5884 iterum
2883 5827 2996 5886 sub

3103 3517 3490 3572 certaminum
3525 3533 3538 3570 :
3571 3521 3628 3570 et
3659 3515 3791 3570 licet
3837 3531 3970 3569 cum
4021 3530 4235 3586 magno
4281 3525 4532 3569 suorum
4582 3515 4769 3570 detri-

3106 3612 3320 3673 mento,
3352 3609 3548 3660 tamen
3580 3604 3828 3660 victoria:
3844 3602 4213 3676 triumphum
4239 3603 4518 3675 promisit
4546 3605 4776 3677 populo

3103 3695 3453 3750 Christiano.
3485 3693 3529 3748 Ο
3563 3694 3799 3748 beatum
3840 3693 4053 3758 virum,
4096 3691 4314 3747 caelesti
4365 3691 4596 3748 visione
4647 3695 4775 3768 dig-

3107 3800 3270 3850 num,
3305 3783 3362 3838 in
3394 3781 3610 3838 talibus
3639 3783 3816 3837 etiam
3869 3781 4090 3837 sanctis
4123 3780 4430 3853 apostolis,
4473 3781 4658 3838 Petro
4687 3785 4770 3836 vi-

3103 3871 3313 3928 delicet
3368 3877 3425 3926 et
3481 3871 3658 3927 Paulo
3706 3870 4124 3927 conferendum
4160 3889 4174 3926 :
4209 3885 4460 3942 quorum
4496 3869 4657 3927 alter
4711 3872 4774 3928 in

3106 3961 3282 4016 linteo
3321 3961 3550 4016 ccelitus
3597 3960 3854 4015 demisso
3877 3959 4219 4015 electionem
4245 3959 4515 4031 gentium
4549 3975 4662 4032 per
4692 3962 4776 4016 vi-

3105 4050 3328 4107 sionem
3372 4049 3615 4117 didicit;
3651 4048 3797 4104 alter
3837 4065 3992 4119 vero,
4041 4047 4163 4103 sive
4206 4047 4266 4102 in
4318 4063 4588 4120 corpore,
4649 4050 4774 4105 sive

3104 4145 3263 4196 extra
3291 4155 3524 4211 corpus,
3551 4154 3738 4209 usque
3778 4139 3850 4193 ad
3895 4138 4136 4194 tertium
4185 4135 4393 4192 caelum
4428 4142 4682 4208 raptum
4713 4155 4776 4194 se

3105 4244 3234 4285 esse
3264 4229 3492 4294 asserit,
3518 4228 3614 4282 ubi
3648 4233 3705 4282 et
3732 4241 3946 4283 arcana
3977 4227 4076 4282 Dei
4098 4225 4323 4282 audivit
4351 4230 4409 4282 et
4439 4225 4622 4282 vidit!
4661 4228 4778 4284 Iste

3103 4334 3236 4373 vero
3269 4321 3508 4373 sanctus
3538 4322 3592 4372 et
3641 4317 3698 4370 in
3749 4315 4082 4371 ostensione
4115 4315 4327 4370 dextra
4359 4329 4545 4370 sacrae
4591 4327 4779 4389 Super

3105 4406 3308 4472 altare,
3337 4411 3394 4461 et
3419 4405 3477 4460 in
3510 4405 3616 4460 hac
3646 4405 3890 4472 visione,
3919 4409 3974 4460 et
4004 4404 4383 4478 postmodum
4416 4403 4478 4458 in
4507 4403 4680 4472 aliis,
4715 4413 4780 4462 ut

3106 4500 3242 4551 ante
3272 4495 3490 4550 exitum
3521 4494 3705 4549 nostri
3739 4493 4186 4549 sermonissatis
4215 4491 4528 4566 patebit,et
4556 4509 4780 4551 arcana

3106 4584 3202 4640 Dei
3233 4583 3378 4639 vidit
3406 4587 3463 4639 et
3491 4583 3798 4649 audivit,et
3820 4581 4202 4638 salvationem
4235 4597 4351 4638 non
4381 4583 4632 4638 tantum
4655 4599 4778 4640 sua

3105 4673 3318 4746 gentis,
3352 4672 3452 4728 sed
3475 4676 3532 4728 et
3557 4671 3876 4726 multorum
3910 4670 4261 4743 populorum
4304 4671 4607 4743 cognovit.
4645 4676 4778 4727 Hac

3107 4779 3222 4817 non
3254 4763 3476 4834 passim
3508 4765 3647 4816 tunc
3677 4760 3835 4832 vulgi
3859 4759 4100 4816 auribus
4126 4775 4190 4816 se
4211 4759 4777 4832 inaniterjactando

3108 4849 3445 4922 divulgavit,
3479 4849 3579 4904 sed
3607 4849 3810 4920 paucis
3843 4865 3991 4920 quos
4033 4849 4106 4904 ad
4157 4847 4268 4904 hoc
4315 4848 4535 4922 dignos
4579 4851 4777 4921 duxit,

3107 4942 3327 4995 secreto
3376 4936 3793 4993 manifestavit.
3835 4941 3966 5010 Ipse
3995 4953 4129 4994 vero
4177 4941 4444 4994 senttens
4487 4948 4558 4994 se
4610 4943 4778 4996 tanto

3105 5028 3313 5084 divinae
3343 5027 3542 5100 gratia
3565 5030 4068 5098 praeventummon
4103 5027 4521 5100 seerigebatin
4559 5027 4777 5094 altum,

3107 5118 3208 5173 sed
3255 5116 3453 5172 omnia
3500 5115 3788 5171 referebat
3830 5115 3901 5170 ad
3947 5113 4140 5182 illum,
4183 5129 4219 5172 a
4268 5129 4386 5186 quo
4439 5125 4776 5192 acceperat,

3105 5205 3391 5278 quidquid
3425 5203 3560 5260 boni
3594 5203 3848 5259 habebat
3876 5203 3960 5259 vel
3985 5221 4116 5260 esse
4143 5203 4618 5276 poterat,dioens
4641 5223 4776 5262 cum

3105 5293 3378 5368 Apostolo
3413 5310 3478 5348 τα
3507 5292 3704 5348 Gratia
3735 5291 3834 5348 Dei
3867 5308 4000 5349 sum
4023 5293 4082 5348 id
4107 5293 4263 5366 quod
4297 5305 4457 5348 sum.
4495 5315 4526 5343 ι»

3175 5383 3312 5439 CAP.
3343 5382 3408 5438 X.
3443 5413 3510 5424 —
3537 5379 3721 5454 Coepit
3750 5381 3932 5454 igitur
3953 5381 4258 5440 commissi
4291 5381 4406 5438 sibi
4441 5383 4653 5458 gregis
4679 5401 4774 5441 cu-

3105 5489 3232 5529 ram
3263 5488 3453 5544 agere,
3479 5469 3766 5526 talentum
3797 5469 3907 5526 sibi
3941 5471 4227 5528 creditum
4249 5485 4370 5527 non
4387 5471 4652 5530 sudario
4671 5473 4778 5528 illi-

3104 5567 3306 5636 gatum
3339 5566 3504 5616 terrae
3534 5559 3966 5628 commendare,
3999 5560 4126 5628 sed,
4158 5564 4226 5616 ut
4243 5560 4440 5616 bonus
4469 5562 4644 5618 verbi
4677 5561 4772 5618 Dei

3105 5651 3490 5723 dispensator,
3525 5648 3597 5702 ad
3655 5663 3896 5704 usuram
3941 5649 4406 5705 accommodare.
4444 5643 4624 5707 Unde
4659 5665 4772 5708 sua

3104 5741 3418 5794 dimceseos
3449 5737 3730 5793 terminos
3750 5753 3824 5792 sa;
3833 5738 3964 5810 pius
3992 5737 4279 5808 lustravit,
4295 5755 4363 5794 ac
4385 5741 4770 5820 congregatis

3104 5845 3301 5889 coram
3345 5845 3406 5888 se
3448 5826 3675 5888 clericis
3703 5830 3762 5885 et
3791 5826 3978 5898 laicis,
4027 5827 4296 5908 pervigili
4339 5828 4588 5887 studuit
4639 5844 4772 5891 cura
