4868 6466
705 461 861 540 1193

2043 468 2224 527 VITA
2273 469 2335 527 S.
2385 467 2780 529 UDALRICI.

3941 463 4016 532 ,11
4033 464 4110 533 9.4

705 595 1079 669 investigare,
1124 596 1183 652 in
1241 596 1451 671 primis
1510 597 1758 672 qualiter
1818 598 1929 670 ipsi
1987 597 2360 654 ecclesiarum
2391 601 2446 667 Α
2478 615 2698 655 rannus
2743 599 3068 671 Augustam
3114 595 3276 662 adiit,
3323 612 3387 651 ac
3433 595 3608 650 rebus
3657 594 4114 678 circumquaque

705 685 1029 759 presbyteri
1063 702 1200 741 cum
1233 683 1356 758 suis
1387 684 1672 752 ministris
1696 685 1950 741 viverent
1983 704 1996 742 :
2034 692 2227 742 utrum
2259 705 2358 759 po-
2419 701 2422 704 ·

705 774 916 846 pulum
949 780 1105 830 recte
1133 792 1199 830 ac
1247 775 1571 846 secundum
1631 775 1975 830 catholicam
2031 775 2358 852 doctrinam

705 863 1004 929 docerent,
1026 879 1092 918 ac
1123 864 1278 934 quod
1311 863 1708 936 praedicabant
1739 879 1834 920 ore
1864 870 1919 920 et
1952 881 2122 936 opere
2154 863 2356 936 imple-

703 954 840 1006 rent
870 968 882 1006 :
916 967 986 1006 ne
1019 950 1162 1006 forte
1195 950 1327 1007 aliis
1357 952 1888 1025 praedicantesjpsi
1920 952 2149 1024 reprobi
2173 953 2363 1007 effice-

665 1107 669 1109 _
703 1044 935 1108 rentur,
967 1043 1024 1094 et
1055 1040 1127 1095 ob
1159 1040 1268 1096 hoc
1298 1058 1332 1095 a
1359 1042 1482 1096 suis
1522 1041 1886 1097 auditoribus
1919 1048 2356 1096 contemneren-

702 1133 825 1196 tur.
847 1127 1066 1196 Deinde
1091 1128 1444 1183 discutiebat
1475 1129 1524 1182 si
1547 1128 1675 1183 laici
1699 1147 1896 1184 eorum
1927 1129 2200 1184 doctrinae
2224 1129 2357 1183 obe-

701 1215 923 1283 dirent,
953 1215 1003 1270 si
1035 1215 1091 1269 in
1139 1215 1455 1272 Dominicis
1505 1217 1712 1272 diebus
1761 1223 1817 1272 et
1860 1216 1990 1272 aliis
2022 1220 2356 1272 sanctorum

702 1303 1185 1366 solemnitatibus
1198 1306 1268 1360 ab
1289 1322 1459 1377 opere
1480 1305 1681 1360 illicito
1702 1311 1992 1371 vacarent,
2020 1305 2066 1360 si
2091 1305 2356 1360 ecclesia-

703 1409 842 1448 rum
875 1391 1083 1448 limina
1103 1410 1188 1461 ea,
1213 1411 1339 1464 quae
1368 1393 1664 1461 deberent,
1699 1394 1996 1449 devotione
2029 1394 2356 1466 frequenta-

699 1486 862 1547 rent,
888 1486 990 1536 aut
1011 1481 1268 1537 decimas
1294 1487 1444 1537 recte
1466 1483 1669 1537 darent
1693 1499 1705 1537 :
1733 1483 2032 1554 multaque
2061 1483 2117 1536 id
2150 1499 2354 1554 genus.

701 1570 812 1626 His
833 1570 914 1623 ita
935 1571 1320 1642 investigatis,
1345 1588 1590 1644 quaeque
1612 1576 1779 1626 erant
1809 1577 1934 1626 rata
1956 1577 2010 1625 et
2038 1573 2180 1626 bene
2203 1571 2356 1625 ordi-

700 1663 870 1730 nata,
907 1657 1170 1713 laudavit
1199 1665 1255 1713 et
1282 1657 1824 1731 confirmavit;qum
1855 1678 1985 1714 vero
2018 1660 2184 1715 aliter
2207 1660 2358 1713 inve-

699 1745 818 1819 nit,
854 1745 1100 1812 correxit
1131 1751 1188 1810 et
1218 1748 1566 1802 emendavit.
1597 1747 2058 1802 Simoniacorum
2110 1747 2357 1802 haaresin

698 1835 880 1906 quasi
914 1831 1301 1906 perniciosam
1331 1840 1551 1907 pestem
1583 1837 1953 1891 devitandam
1986 1853 2111 1891 esse
2156 1836 2358 1891 admo-

698 1923 860 1991 nuit,
895 1940 1162 1996 asserens
1209 1929 1497 2000 perpetuae
1545 1926 1857 1980 tradendos
1889 1943 2089 1999 pmnze,
2121 1925 2219 1996 qui
2251 1925 2359 1979 haz-

695 2012 826 2068 resi
859 2011 995 2068 huic
1027 2013 1398 2088 nequissimae
1429 2013 1732 2070 studerent
1779 2015 2005 2069 animos
2055 2013 2353 2068 inclinare.

683 2100 877 2177 _Unde
909 2118 1212 2172 nunquam
1245 2119 1348 2172 pro
1388 2100 1727 2157 clericorum
1761 2101 2121 2157 ordinatione
2151 2101 2236 2157 vel
2267 2119 2357 2156 ec-

693 2188 1020 2248 clesiarum
1052 2191 1486 2246 consecratione
1506 2190 1806 2262 quippiam
1833 2192 2091 2246 muneris
2115 2190 2355 2261 accepit:

693 2279 810 2334 sed
846 2278 1002 2344 sicut
1034 2279 1092 2333 in
1134 2277 1282 2333 sacri
1315 2279 1648 2335 chrismatis
1681 2281 1952 2334 unctione
1987 2297 2086 2351 per
2119 2278 2356 2350 imposi-

692 2366 930 2422 tionem
957 2381 1169 2423 manus
1193 2366 1472 2439 Spiritum
1500 2373 1766 2422 sanctum
1801 2367 2153 2440 paracletum
2179 2368 2358 2440 gratis

691 2453 892 2523 dedit,
925 2453 1006 2510 ita
1035 2458 1092 2510 et
1121 2455 1234 2510 ista
1263 2456 1570 2523 concessit,
1598 2455 1786 2512 sciens
1817 2475 1849 2511 a
1880 2457 2122 2511 Domino
2155 2473 2359 2528 praece-

673 2547 913 2616 ptum:
944 2543 1134 2598 Gratis
1169 2545 1495 2616 accepistis,
1521 2545 1701 2617 gratis
1731 2545 1889 2600 date:
1926 2545 2036 2600 nisi
2074 2545 2215 2599 forte
2245 2544 2356 2617 ipsi

677 2632 1090 2706 ecclesiarum
1113 2633 1452 2689 fundatores
1464 2632 1678 2704 aliquid
1702 2651 1802 2705 pro
1819 2635 1966 2689 bona
1983 2634 2361 2701 voluntate,et

692 2723 820 2778 hoc
846 2720 1011 2776 illum
1035 2738 1138 2792 pro
1161 2721 1480 2794 gratiarum
1506 2723 1728 2778 actione
1752 2724 2045 2795 suscipere
2069 2728 2355 2794 rogarent.

689 2811 817 2867 Jus
842 2826 977 2864 vero
1008 2798 1337 2890 legitimum
1370 2815 1578 2866 sanctae
1609 2811 1798 2866 Mariae
1849 2829 2077 2883 semper
2117 2811 2358 2884 virginis

695 2897 972 2964 familiae,
1005 2887 1575 2956 ab’antecessoribus
1622 2900 1744 2954 suis
1775 2901 2097 2971 antiquitus
2130 2917 2360 2956 conces-

675 3003 869 3060 sum,
886 2986 1089 3062 statuit
1110 2986 1523 3042 inviolabiliter
1542 2989 2133 3052 conservandum,nec
2159 3006 2358 3059 quem-

691 3095 727 3149 q
744 3092 892 3132 uam
906 3074 964 3129 in
979 3092 1086 3131 sua
1107 3075 1326 3131 ditione
1351 3075 1683 3150 degentium
1699 3076 1825 3130 laedi
1843 3076 2106 3148 permisit
2126 3095 2359 3148 oppres-

688 3167 876 3222 sione
904 3165 1348 3239 praepositorum
1385 3182 1398 3219 ε
1429 3167 1528 3220 sed
1568 3167 1646 3221 ita
1676 3166 1825 3220 inter
1875 3183 2011 3221 suos
2058 3167 2255 3221 omnia
2285 3168 2353 3221 ad

690 3252 1004 3334 aequitatis
1029 3241 1352 3324 aCjustitiaa
1377 3269 1639 3308 normam
1668 3253 2073 3324 perspicaciter
2090 3255 2354 3319 correxit,

2469 687 2731 760 direptis,
2766 686 3121 758 quibusdam
3149 684 3404 757 episcopi
3441 682 3725 738 militibus
3751 675 3956 756 captis,
3976 675 4115 757 prai-

2468 777 2542 830 da
2562 781 2832 842 onustus,
2852 779 2926 841 et,
2947 775 3100 846 quod
3124 774 3318 828 verius
3337 777 3443 840 est,
3466 772 3683 846 peccati
3707 774 3956 844 pondere
3977 765 4112 846 gra-

2466 869 2653 934 vatus,
2687 864 2746 919 in
2793 864 3116 937 Bajoariam
3151 868 3239 919 est
3278 878 3565 917 reversus.
3603 862 3835 916 Interim
3863 877 3994 917 vero
4024 852 4113 935 ip-

2469 972 2598 1009 sum
2619 954 2715 1008 Dei
2741 953 3027 1009 famulum
3052 957 3359 1024 postquam
3388 951 3671 1022 comperit
3694 967 3726 1004 a
3747 938 3904 1022 regia
3933 949 4114 1005 servi-

2467 1038 2589 1098 tute
2616 1059 2930 1107 reversum,
2964 1041 3022 1096 in
3055 1040 3312 1104 castello,
3330 1040 3493 1114 quod
3531 1038 3944 1110 Montachinga
3967 1035 4112 1102 dici-

2467 1136 2581 1198 tur,
2618 1148 2730 1185 non
2762 1131 2958 1184 timuit
2988 1129 3256 1183 obsidere
3289 1145 3303 1183 :
3338 1128 3438 1182 sed
3470 1143 3584 1182 non
3617 1127 3792 1182 cessit
3817 1126 3866 1181 ei
3897 1126 3957 1188 in
3986 1117 4114 1198 pro-

2467 1235 2703 1291 sperum
2735 1219 2886 1290 quod
2922 1217 3063 1272 talia
3093 1216 3470 1289 praesumpsit
3497 1219 3699 1270 contra
3731 1215 3829 1270 Dei
3855 1225 4108 1278 servum‘.

2466 1309 2633 1373 Nam,
2657 1324 2830 1379 parvo
2852 1308 3151 1377 interjecto
3173 1306 3397 1360 dierum
3425 1305 3629 1375 spatio,
3655 1321 3688 1358 a
3708 1293 3918 1359 comite
3937 1303 4110 1369 Adal-

2469 1399 2603 1452 bero
2626 1403 2682 1452 et
2703 1395 2954 1468 episcopi
2981 1395 3153 1449 fratre
3174 1391 3520 1448 Thietbaldo
3541 1392 3611 1446 ab
3635 1389 3939 1456 obsidione
3970 1382 4105 1472 cum

2467 1486 2812 1541 detrimento
2844 1500 3083 1539 suorum
3120 1486 3351 1537 coactus
3383 1485 3471 1536 est
3501 1480 3788 1547 secedere,
3823 1484 3881 1535 et
3911 1480 4108 1558 debita

2468 1591 2769 1646 respersus
2810 1572 3169 1636 confusione,
3203 1571 3258 1624 in
3288 1570 3534 1642 patriam
3580 1568 3786 1639 redire,
3818 1568 3991 1631 etiam
4023 1559 4104 1622 ibi

2468 1667 2632 1734 capto
2660 1662 2922 1732 ejusdem
2955 1661 3128 1715 fratre
3150 1659 3520 1714 Herimanno.
3544 1657 3651 1713 Sed
3675 1661 3730 1714 et
3751 1655 4105 1712 fortissimus

2468 1754 2757 1823 pugnator
2785 1748 3154 1812 Adalbcrtus,
3188 1745 3348 1801 velut
3397 1743 3541 1800 alter
3584 1739 3969 1810 Machabaaus,
4002 1752 4106 1814 pro

2468 1837 2720 1894 Ecclesia
2754 1837 2850 1892 Dei
2902 1837 3112 1891 acriter
3162 1833 3511 1899 dimicando,
3543 1831 3749 1888 cecidit
3797 1830 3857 1886 in
3905 1830 4108 1898 eodem

2469 1927 2641 1994 bello,
2669 1931 2734 1981 ut
2762 1925 3042 1980 veraciter
3087 1927 3175 1978 est
3220 1921 3574 1978 credendum
3606 1937 3707 1992 per
3735 1914 4107 1984 mortalitatis

2467 2014 2840 2086 dispendium
2892 2012 3185 2068 transiens
3225 2011 3297 2065 ad
3339 2008 3790 2064 immortalitatis
3835 1999 4107 2088 compen-

2466 2105 2653 2160 dium.
2669 2104 2845 2174 Cujus
2859 2118 3069 2174 corpus
3091 2104 3331 2156 sanctus
3353 2087 3990 2176 UdalricusAugustam
4012 2087 4110 2150 de-

2467 2195 2678 2257 ferens,
2711 2192 2769 2246 in
2802 2190 3044 2246 ecclesia
3093 2194 3307 2245 sanctae
3355 2186 3547 2242 Mariae
3584 2201 3813 2258 semper
3866 2183 4108 2256 virginis

2467 2281 2726 2338 condidit
2753 2297 2765 2334 :
2791 2279 3061 2351 spiritum
3090 2294 3223 2333 vero
3250 2294 3352 2349 per
3377 2293 3551 2331 sacras
3571 2273 3990 2331 immolationis
4012 2273 4111 2342 ho-

2468 2371 2639 2426 stiam
2677 2369 2915 2424 Domino
2947 2365 3392 2421 commendavit.
4071 2374 4078 2380 ‘

2537 2463 2668 2513 CAP.
2701 2457 2820 2512 XII.
2855 2488 2920 2495 —
2952 2457 3028 2509 Ex
3059 2454 3166 2509 hoc
3211 2457 3408 2507 tantus
3469 2451 3734 2507 omnium
3780 2455 4008 2508 mentes
4031 2450 4106 2510 ti-

2469 2565 2594 2604 mor
2624 2545 2856 2615 invasit,
2879 2549 2943 2599 ut
2960 2541 3157 2597 nullus
3178 2543 3247 2596 de
3271 2541 3443 2596 rebus
3466 2539 3718 2595 ecclesiae
3741 2543 3954 2595 sancta:
3983 2531 4106 2600 Ma-

2468 2637 2562 2691 riae
2589 2649 2818 2705 semper
2837 2632 3081 2704 virginis
3102 2631 3173 2685 ad
3196 2632 3519 2701 Augustam
3551 2627 4108 2703 pertinentibus,_ali-

2468 2725 2605 2796 quid
2634 2738 2915 2795 usurpare
2947 2722 3355 2792 praesumeret:
3392 2717 3529 2788 quia
3555 2715 3752 2772 nullus
3783 2732 3980 2772 eorum
4005 2715 4106 2790 qui

2467 2818 2633 2868 antea
2666 2812 2800 2866 inde
2842 2807 3060 2882 aliquid
3095 2808 3311 2879 injuste
3343 2797 3730 2871 abstulerunt,
3761 2804 3848 2860 vel
3880 2804 3938 2859 in
3970 2799 4104 2885 san-

2467 2904 2624 2956 ctum
2675 2899 2776 2954 Dei
2833 2898 3224 2969 deliquerunt,
3254 2893 3582 2967 impunitus
3629 2893 3828 2961 evasit,
3862 2894 3974 2949 nisi
4005 2893 4105 2965 qui

2465 3006 2568 3062 per
2597 2989 2834 3060 dignam
2865 2985 3326 3042 satisfactionem
3360 2999 3463 3054 per
3494 2981 3950 3038 misericordiam
3982 2979 4102 3048 Dei,

2464 3078 2735 3149 episcopo
2767 3075 3180 3140 intercedente,
3216 3071 3536 3144 promeruit
3567 3070 4014 3126 absolutionem.
4034 3068 4107 3126 Ut

2464 3166 2618 3222 enim
2645 3182 2714 3220 ex
2732 3163 2999 3235 pluribus
3025 3178 3211 3233 pauca
3234 3158 3483 3231 exempli
3513 3176 3689 3215 causa
3718 3158 4102 3231 proferamus,

2469 3271 2622 3310 unus
2654 3271 2720 3308 ex
2753 3252 2867 3321 his,
2897 3249 3102 3305 vicinis
3135 3250 3193 3304 in
3224 3249 3462 3304 veritate
3493 3247 4106 3321 contestantibua,tan-

690 3315 1040 3397 utqnullum
1072 3315 1236 3394 alteri
1269 3339 1488 3412 aliquid
1521 3315 1732 3395 inferre
1766 3315 1998 3408 sineret,
2049 3343 2202 3412 quod
2236 3315 2359 3414 ipse
2377 3328 2431 3422 .C
2469 3344 2566 3398 diu
2594 3341 2815 3414 perdito
2839 3315 3013 3396 sensu
3040 3337 3304 3411 proprias
3335 3353 3546 3392 manus
3575 3335 3865 3403 laceravit,
3893 3315 4105 3406 quous-

691 3427 825 3486 sibi
859 3426 984 3482 fieri
1013 3426 1211 3492 nollet,
1235 3428 1406 3498 juxta
1447 3427 1589 3482 illud
1625 3433 1973 3500 praeceptum
2009 3447 2021 3484 :
2055 3430 2216 3494 Quod
2251 3431 2354 3484 tibi

690 3533 828 3574 non
861 3516 950 3572 vis
982 3517 1128 3583 fieri,
1162 3515 1259 3570 alii
1292 3532 1363 3572 ne
1395 3517 1614 3572 feceris.
1649 3518 1715 3571 Et
1746 3517 2028 3573 Dominus
2067 3519 2124 3572 in
2174 3519 2355 3573 Evan-

688 3604 863 3680 gelio
899 3622 912 3659 :
945 3603 1153 3680 Omnia
1200 3621 1560 3677 quaecunque
1608 3605 1805 3671 vultis,
1838 3605 1936 3672 ait,
1968 3611 2032 3660 ut
2071 3607 2235 3662 vobis
2274 3608 2355 3662 fa-

688 3696 871 3751 ciant
902 3692 1193 3760 homines,
1220 3694 1421 3748 eadem
1452 3698 1508 3749 et
1538 3711 1636 3748 vos
1667 3695 1834 3750 facite
1865 3694 2002 3750 illis.

775 3784 918 3838 CAP.
953 3780 1040 3835 ΧΙ.
1065 3787 1142 3820 ’-
1174 3781 1318 3836 Cum
1352 3782 1410 3836 in
1442 3780 1534 3838 his
1573 3787 1629 3837 et
1679 3782 2018 3855 hujusmodi
2076 3785 2356 3840 virtutum

690 3869 1001 3946 gradibus
1024 3872 1290 3924 sanctum
1314 3870 1502 3924 virum
1528 3887 1755 3942 semper
1771 3873 1839 3926 ad
1855 3873 2058 3926 altiora
2089 3891 2360 3928 conscen-

689 3953 847 4016 dere
883 3956 1148 4014 omnium
1178 3959 1462 4013 bonorum
1486 3958 1670 4014 hostis
1701 3961 1933 4017 invidus
1964 3969 2220 4017 cerneret
2245 3963 2362 4017 dia-

691 4048 908 4114 holus,
944 4063 1295 4118 quacunque
1351 4047 1539 4119 potuit
1595 4053 1737 4114 arte,
1771 4050 1943 4120 coepit
1999 4055 2257 4123 satagere
2297 4055 2362 4105 ut

686 4139 840 4209 ejus
853 4134 1117 4191 animum
1132 4134 1218 4190 vel
1233 4135 1818 4210 quantulumcunque
1841 4144 2036 4210 posset
2058 4140 2357 4212 impedire.

686 4222 933 4282 Accidit
962 4223 1147 4296 igitur
1173 4227 1314 4279 tunc
1343 4225 1646 4296 temporis,
1679 4230 1744 4280 ut
1787 4227 1936 4281 inter
1968 4227 2359 4299 Luidolphum

665 4312 943 4376 ,Ottonis
967 4311 1162 4390 Magni
1179 4310 1549 4387 imperatoris
1572 4313 1888 4386 ﬁ-lium,qui
1904 4315 2360 4371 Alamannorum

688 4399 873 4475 genti
901 4389 1168 4480 praeerat,
1201 4402 1258 4454 et
1287 4401 1416 4471 ejus
1464 4405 1737 4472 patruum
1773 4403 2082 4457 lienricum
2127 4403 2359 4458 Norico-

687 4505 848 4546 rum
870 4488 1101 4553 ducem,
1117 4486 1366 4542 oriretur
1381 4487 1452 4543 lis
1470 4488 1785 4561 odiumque
1801 4507 1904 4560 per
1926 4490 2361 4561 instigationem

688 4580 942 4655 Satanaa
968 4579 1025 4631 et
1055 4593 1125 4632 ex
1155 4575 1547 4649 malignorum
1607 4578 1914 4632 hominum
1961 4580 2359 4650 persuasione.

688 4669 870 4734 Quos
901 4681 1036 4744 cum
1067 4664 1386 4736 imperator
1401 4666 1471 4720 ad
1491 4667 1858 4722 concordiam
1891 4667 2131 4722 minime
2161 4685 2363 4723 vocare

689 4751 1022 4828 potuisset,
1057 4751 1222 4806 fratri
1256 4754 1546 4824 adjutorio
1597 4759 1798 4808 contra
1829 4753 2012 4809 filium
2041 4755 2168 4811 fuit.
2199 4751 2412 4811 Tune"

669 4841 957 4917 quidam
978 4829 1318 4912 Arnulphus
1341 4858 1538 4913 comes
1561 4842 2166 4916 palatinus,Arnulphi
2185 4862 2366 4915 quon-

687 4919 850 4990 dam
883 4929 1052 4984 ducis
1085 4928 1243 4984 filius
1275 4930 1514 4999 exstitit,
1548 4933 1717 5002 cujus
1751 4932 1879 4986 fidei
1909 4932 2217 5004 praedictus
2249 4935 2367 4988 dux

685 5017 1002 5077 Henricus
1058 5004 1238 5072 totam
1297 5018 1624 5089 Bajoariam
1684 5035 1814 5073 cum
1876 5019 2004 5090 ipsa
2063 5019 2367 5091 metropoli

685 5107 1047 5167 ﬂatisbonze
1080 5107 1531 5185 commendavit,
1558 5125 1623 5184 ac
1656 5108 1713 5162 in
1746 5108 2055 5163 Saxoniam
2089 5109 2158 5163 ad
2192 5109 2370 5181 impe-

685 5203 968 5254 ratorem
1022 5211 1084 5250 se
1127 5195 1396 5251 contulit.
1432 5196 1516 5252 Ibi
1573 5212 1639 5252 eo
1698 5213 1922 5252 moram
1975 5197 2238 5265 faciente,
2275 5197 2368 5252 ille

683 5285 874 5344 velut
929 5283 1187 5362 perfidus
1241 5285 1564 5361 transfuga,
1598 5301 1660 5341 se
1705 5301 1838 5340 cum
1891 5285 2019 5358 ipsa
2057 5286 2287 5340 civitate
2314 5293 2370 5341 et

683 5371 1100 5451 multitudine
1121 5373 1341 5451 populi,
1366 5371 1654 5450 Ludolphi
1678 5373 1910 5445 subegit
1932 5373 2225 5445 potestati.
2242 5375 2372 5430 Haec

681 5451 1082 5537 cumsancto
1111 5461 1372 5537 pontifici
1402 5467 1702 5539 comperta
1734 5463 2004 5531 fuissent,
2032 5461 2234 5518 relicta
2264 5463 2371 5518 mi-

683 5553 892 5610 litum
914 5548 1180 5605 custodia
1199 5550 1258 5605 in
1283 5550 1512 5606 civitate
1533 5553 1816 5622 Augusta,
1844 5551 1901 5605 in
1928 5550 2269 5608 Noricorum
2294 5568 2376 5607 re-

663 5643 950 5722 gionem
975 5653 1219 5717 propere
1249 5637 1586 5717 contendit,
1615 5639 1714 5716 ubi
1767 5643 1906 5694 tunc
1959 5639 2368 5711 imperatorem

677 5725 1145 5803 cumgexercitu
1187 5726 1507 5805 consistere
1539 5726 1780 5785 audivit.
1807 5727 2089 5784 Praefatus
2120 5744 2251 5786 vero
2283 5733 2376 5808 ty-

1042 5850 1310 5914 PATROL.
1364 5853 1588 5918 CXLII.

2468 3449 2580 3504 que
2595 3431 2772 3485 vitam
2796 3429 2998 3483 ﬁnivit.
3014 3427 3176 3504 Alius
3207 3443 3338 3482 vero
3360 3425 3574 3480 librum
3594 3423 3909 3496 quemdam
3932 3423 4003 3478 de
4024 3421 4104 3476 ci-

2466 3523 2642 3575 vitate
2664 3522 2925 3591 Augusta
2948 3515 3231 3588 rapuit,ex
3245 3515 3413 3585 cujus
3431 3514 3614 3586 pretio
3629 3510 3918 3568 caballum
3932 3509 4102 3567 eruit.

2466 3611 2646 3674 Quem
2697 3625 2830 3665 cum
2890 3607 3128 3661 domum
3187 3603 3573 3676 perduxisset,
3609 3601 3769 3656 uxori
3819 3617 3937 3656 sua:
3978 3598 4102 3655 ait:

2468 3697 2674 3754 Melius
2707 3697 2848 3752 mihi
2882 3696 3071 3751 fuerat
3090 3698 3156 3749 ut
3186 3693 3366 3748 istum
3397 3695 3516 3746 tam
3549 3688 3876 3763 praestantis
3908 3686 4104 3753 formae

2468 3805 2684 3860 equum
2708 3785 3000 3850 emissem,
3019 3799 3193 3854 quam
3211 3781 3422 3835 librum
3439 3779 3730 3852 quoillum
3754 3774 4104 3848 comparavi,

2468 3877 2526 3931 in
2559 3879 2821 3947 Augusta
2850 3872 3225 3927 dimisissem.
3259 3870 3361 3925 Cui
3394 3869 3529 3924 illa:
3565 3867 3796 3934 Utilius,
3825 3865 4106 3937 inquit,ut

2469 3981 2660 4036 spero,
2682 3962 2783 4017 tibi
2811 3961 3036 4025 fuisset,
3061 3959 3108 4015 si
3132 3975 3434 4030 nunquam
3464 3974 3674 4012 manus
3695 3961 3796 4011 tua
3815 3955 4008 4027 ipsum
4034 3952 4101 4007 li-

2468 4053 2639 4107 brum
2666 4051 2969 4123 tetigisset.
2997 4047 3093 4103 Ille
3113 4063 3245 4102 vero
3268 4047 3406 4100 dum
3432 4044 3589 4099 molli
3615 4047 3768 4099 tactu
3793 4059 3894 4115 per
3920 4045 4108 4114 poste-

2470 4141 2621 4197 riora
2651 4139 2828 4203 dorsi,
2856 4141 2918 4191 ut
2947 4135 3179 4202 assolet,
3203 4151 3351 4205 equo
3380 4132 3629 4188 blandiri
3651 4131 3853 4198 voluit,
3879 4147 4012 4185 mox
4033 4129 4104 4184 ab

2469 4227 2672 4283 eodem
2697 4240 3008 4297 percussus
3030 4221 3266 4278 interiit.
3296 4221 3429 4275 Post
3460 4236 3575 4275 non
3607 4217 3860 4273 multum
3884 4221 4108 4289 tempo-

2470 4315 2552 4370 ris
2582 4315 2854 4386 praefatus
2897 4309 3256 4381 Arnulphus,
3288 4325 3390 4381 pro
3421 4307 3655 4378 injuriis
3685 4311 3830 4379 quas
3859 4306 3979 4361 viro
4010 4304 4108 4386 Dei

2471 4401 2733 4474 ingessit,
2758 4401 2933 4455 etiam
2956 4397 3241 4470 ipsejusti
3262 4396 3488 4453 Judicis
3509 4396 3654 4451 iram
3679 4394 4112 4451 sensit.0bse's-

2472 4509 2539 4546 sa
2567 4505 2822 4560 namque
2852 4487 3080 4542 civitate
3114 4485 3452 4552 Ratisbona,
3485 4487 3724 4556 paratus
3751 4483 3821 4538 ad
3845 4481 4111 4554 praelium

2459 4579 2628 4646 exiit,
2662 4578 2858 4650 ibique
2886 4575 3114 4632 occisus
3144 4573 3383 4629 interiit.

2543 4667 2788 4734 Quidam
2821 4665 2995 4721 homo
3027 4664 3097 4719 de
3125 4663 3483 4735 episcopatu,
3516 4661 3616 4734 qui
3641 4660 3854 4717 Eistete
3877 4659 4108 4724 dicitur,

2474 4761 2697 4829 partem
2727 4754 2995 4811 vilissimi
3028 4751 3306 4809 mensalis
3339 4753 3409 4807 de
3440 4767 3590 4824 saepe
3621 4751 3794 4806 dictis
3826 4750 3999 4806 rebus
4030 4750 4116 4804 in-

2461 4848 2628 4917 juste
2674 4844 2995 4916 usurpavit,
3030 4857 3346 4912 secumque
3394 4840 3723 4918 asportavit.
3761 4840 3872 4896 Sed
3918 4855 4052 4911 mox
4077 4854 4116 4894 a

2474 4935 2763 4990 daemonio
2786 4937 3101 5005 occupatus
3116 4929 3343 4986 nullum
3365 4945 3554 5001 neque
3580 4930 3728 4984 intra
3749 4944 3936 5000 neque
3957 4931 4118 4984 extra

2475 5022 2774 5077 ecclesiam
2805 5019 3199 5076 abscondendi
3231 5018 3424 5074 locum
3455 5017 3710 5073 invenire
3753 5016 3976 5090 potuit:
4011 5029 4117 5070 nec

2479 5111 2778 5167 benedicta
2809 5126 3084 5180 aspersus
3115 5124 3284 5179 aqua,
3309 5123 3504 5162 carere
3524 5105 3703 5161 valuit
3723 5107 3853 5177 ejus
3874 5119 4123 5177 praesen-

2477 5199 2576 5266 tia,
2601 5199 2741 5270 quin
2767 5198 3178 5269 semperjuxta
3198 5213 3330 5252 eum
3351 5196 3644 5251 videretur
3665 5193 4000 5250 individuus
4033 5208 4123 5249 co-

2478 5304 2601 5343 mes
2633 5301 2887 5352 manere,
2922 5285 3103 5340 donec
3132 5286 3454 5356 Augustam
3485 5284 3875 5350 rediens,rem
3906 5283 4124 5353 injuste

2479 5375 2732 5431 ablatam
2766 5373 3038 5440 reddidit,
3064 5389 3307 5443 seseque
3326 5370 3623 5427 emendari
3642 5371 3848 5426 obnixe
3879 5367 4118 5443 rogavit.

2480 5462 2583 5520 Cui
2599 5462 2997 5534 episcopus,ut
3012 5465 3168 5515 totus
3181 5465 3304 5516 erat
3315 5460 3635 5515 visceribus
3648 5459 3880 5532 pietatis
3893 5458 4119 5530 plenus,

2482 5557 2538 5608 et
2567 5549 2992 5622 indulgentiam
3017 5565 3119 5620 pro
3151 5547 3365 5603 Christi
3397 5565 3592 5603 amore
3620 5547 3843 5616 tribuit,
3869 5550 3925 5600 et
3955 5562 3987 5598 a
4015 5542 4123 5597 dte-

2484 5656 2658 5696 mone
2688 5638 3018 5704 liberatum,
3050 5637 3121 5692 ad
3151 5637 3385 5710 propria
3413 5637 3602 5691 redire
3631 5635 3914 5708 permisit.

2555 5730 2689 5786 CAP.
2723 5727 2864 5789 XIII.
2881 5757 2949 5767 —-
2965 5726 3188 5796 Interea
3207 5727 3347 5783 dum
3371 5724 3662 5782 contentio
3681 5725 3829 5780 inter
3845 5721 4116 5792 ,Ottonem

3723 5848 3802 5910 38
