4868 6426
1135 479 1287 545 “93

2212 479 2597 541 BERNONIS
2642 477 2966 539 ABBATIS
3010 480 3448 541 AI'GlENSlS.

4385 478 4554 542 H96

1133 615 1567 686 imperatorem,
1601 617 1840 685 propter
1865 612 2099 666 fratrem
2133 612 2318 684 ipsius
2347 612 2678 674 Henricum.
2716 617 2776 665 ut
2806 613 2860 677 Α
2889 612 3259 682 ίιρςι;ιω,κςὶυι
3283 630 3349 666 ex
3373 629 3500 666 arce
3519 613 3772 684 quadam
3794 612 4006 668 mentis
4031 614 4205 686 coepit
4224 613 4550 686 dispicere,

1136 719 1315 776 supra
1345 701 1622 769 diximus,
1647 705 1704 756 et
1733 699 2095 772 Ludolphum
2129 705 2343 763 exorta,
2362 700 2417 752 in
2443 704 2666 752 tantum
2691 717 2778 752 ac-

1138 791 1436 858 crevisset,
1468 796 1536 846 ut
1567 807 1682 846 non
1714 789 1880 844 aliter
1909 788 2018 843 nisi
2068 790 2216 842 ferro
2268 788 2418 841 tiniri
2471 788 2774 858 potuisset,

1129 881 1376 953 jamque
1405 879 1527 936 acie
1559 878 1864 950 utriusque
1893 876 2074 949 partis
2100 877 2384 939 ordinata,
2419 883 2480 930 ut
2511 877 2778 930 cominus

1140 967 1426 1024 committi
1441 966 1672 1021 deberet
1684 963 2120 1037 pugna,athleta
2134 964 2228 1017 Dei
2249 963 2568 1027 Udalricus,
2587 965 2779 1017 sciens

1142 1056 1285 1129 quia
1312 1055 1462 1111 beati
1493 1059 1630 1110 sunt
1660 1055 1834 1124 pedes
1856 1068 2053 1124 pacem
2075 1057 2394 1122 portantes,
2415 1057 2464 1105 et
2483 1053 2635 1122 quod
2659 1053 2778 1122 ipse

1139 1145 1422 1202 Dominus
1451 1143 1510 1198 in
1541 1141 1844 1214 Evangelio
1872 1141 1951 1194 ait
1984 1158 1996 1196 ε
2034 1141 2181 1195 Beati
2230 1140 2452 1210 pacifici
2500 1140 2776 1210 quoniam

1140 1234 1244 1290 filii
1275 1233 1374 1290 Dei
1418 1232 1781 1288 vocabuntur
1813 1247 1826 1285 :
1863 1234 2165 1300 assumpto
2217 1229 2508 1292 llatberto,
2541 1229 2779 1282 Corien-

1137 1323 1220 1380 sis
1250 1321 1514 1378 Ecclesiaa
1543 1320 1814 1392 episcopo
1845 1318 2134 1387 religioso,
2169 1334 2229 1372 se
2262 1319 2316 1370 in
2346 1317 2598 1370 medium
2638 1319 2778 1384 inje-

1137 1411 1214 1468 cit
1243 1426 1257 1465 :
1291 1427 1356 1466 ac
1389 1413 1553 1464 tanta
1582 1424 1680 1463 eos
1703 1411 1823 1462 arte
1852 1407 2134 1461 suadendi
2163 1407 2420 1474 aggressi
2458 1411 2618 1468 sunt,
2652 1405 2777 1475 Spi-

1135 1499 1250 1556 ritu
1281 1498 1467 1554 Patris
1498 1497 1556 1551 in
1589 1497 1895 1551 amborum
1938 1511 2033 1549 ore
2084 1494 2375 1564 loquente.
2408 1500 2468 1547 ut
2515 1494 2675 1546 facile
2709 1493 2776 1546 ad

1134 1587 1296 1662 pacis
1327 1587 1544 1642 foedera
1572 1587 1927 1649 revocarent,
1956 1588 2010 1636 et
2040 1599 2180 1636 verm
2222 1581 2522 1634 cliaritatis
2559 1581 2776 1633 donum

1134 1673 1635 1732 ﬁrmastabilitate
1652 1673 1710 1728 in
1730 1672 1960 1727 illorum
1982 1671 2311 1742 pectoribus
2332 1669 2776 1722 consolidareut.

1134 1769 1265 1822 Non
1296 1763 1461 1820 aliter
1485 1767 1623 1818 tunc
1649 1761 1780 1816 Otto
1807 1759 2179 1832 pmnitentem
2215 1757 2576 1828 Ludolpbum
2603 1774 2777 1826 quam

1137 1853 1242 1909 ille
1269 1850 1634 1924 evangelicae
1684 1854 1850 1922 pater
1897 1848 2035 1903 olim
2085 1847 2341 1917 suscepit
2399 1851 2774 1899 revertentem

1135 1939 1348 1997 ﬁlium.
1372 1939 1623 2010 Uterque
1654 1937 1808 1992 enim
1842 1935 2000 1989 ﬁlius
2030 1939 2295 1988 mortuus
2328 1933 2532 1996 fuerat,
2557 1937 2608 1984 et
2645 1932 2780 1984 revi-

1134 2029 1222 2085 xit
1252 2046 1266 2084 :
1298 2027 1566 2100 perierat,
1600 2029 1657 2080 et
1687 2024 1960 2078 inventus
1989 2028 2094 2077 est.
2135 2023 2219 2076 Fit
2262 2022 2539 2089 gaudium
2579 2022 2779 2089 ingens

1139 2120 1197 2173 et
1220 2115 1529 2172 exsultatio
1560 2113 1619 2168 in
1649 2111 1899 2168 exercitu
1927 2116 2152 2166 cuncto.
2194 2111 2342 2164 Laus
2374 2115 2428 2164 et
2460 2111 2776 2179 gratiarum

1141 2203 1292 2261 actio
1323 2205 1556 2258 resonat
1584 2202 1643 2256 in
1670 2217 1766 2257 ore
1796 2199 2086 2255 omnium:
2121 2199 2254 2270 quia
2285 2216 2384 2270 per
2412 2215 2607 2252 servos
2642 2215 2778 2251 suos

1138 2291 1404 2349 liberavit
1431 2290 1719 2348 Dominus
1748 2287 2025 2361 populum
2059 2305 2256 2342 suum.

1207 2385 1335 2437 CAP.
1367 2379 1507 2435 XIV.
1543 2411 1608 2420 —
1640 2377 1915 2449 Sequenti
1962 2393 2096 2430 vero
2145 2393 2316 2436 anno,
2351 2376 2402 2429 id
2438 2381 2546 2436 est,
2582 2374 2774 2428 Domi-

1135 2470 1276 2527 uicae
1318 2467 1738 2525 incarnationis
1789 2466 2234 2537 nongentesimo
2284 2465 2776 2535 quinquagesimo

1135 2559 1362 2632 quinto,
1394 2573 1539 2630 gens
1585 2556 1990 2627 Hungarorum
2039 2554 2196 2609 omni
2234 2554 2423 2607 bellua
2467 2553 2774 2614 crudelior,

1127 2648 1298 2719 juxta
1325 2645 1482 2717 quod
1511 2645 1634 2698 viro
1664 2642 1761 2697 Dei
1796 2641 2023 2696 coalitus
2055 2648 2186 2694 ante
2220 2643 2405 2694 fuerat
2437 2640 2772 2703 revelatum,

1136 2751 1271 2790 cum
1301 2730 1716 2788 innumerabili
1765 2729 2140 2784 multitudine
2184 2729 2394 2799 erupit,
2429 2745 2776 2797 omnemque

1135 2822 1480 2878 Noricorum
1529 2819 1822 2891 regionem
1856 2835 1888 2872 a
1920 2819 2180 2871 Danubio
2214 2833 2396 2888 usque
2440 2818 2507 2869 ad
2543 2817 2773 2884 Nigram

1137 2910 1366 2977 silvam,
1390 2925 1518 2980 quae
1548 2909 1616 2963 ad
1653 2912 1930 2962 montana
1960 2908 2282 2977 pertinet,et
2310 2911 2527 2976 partem
2554 2904 2777 2975 provin-

1137 2999 1238 3055 ciae
1258 2997 1715 3053 Alamannorum
1740 3012 1922 3066 usque
1939 2994 2188 3048 llilaram
2213 2995 2778 3058 lluvium,devastan-

1137 3087 1212 3144 do
1243 3085 1564 3158 occupavit.
1589 3087 1722 3151 Quae
1755 3083 1954 3138 Licum
1989 3085 2299 3150 transiens,
2322 3082 2623 3136 ecclesiam
2650 3099 2774 3135 san-

1135 3180 1240 3232 cta:
1262 3176 1407 3230 Afra:
1432 3175 1562 3246 igne
1593 3173 1938 3237 combussit,
1954 3177 2126 3242 atque
2144 3171 2434 3226 civitatem
2455 3174 2773 3240 Augustam

1132 3265 1435 3322 obsidione
1465 3261 2132 3318 circumdedit.Sanctus
2162 3266 2357 3312 autem
2393 3259 2487 3313 Dei
2524 3260 2777 3330 pontifex

2887 718 2950 753 ac
3002 701 3368 754 subditorum
3430 700 3805 755 necessitates
3865 705 4238 773 pertractare,
4275 720 4393 758 non
4428 703 4554 757 sibi

2888 795 3076 842 ratum
3113 790 3430 850 zrstimuns,
3457 789 3503 842 si
3529 788 3899 844 solummodo
3925 807 4154 861 ea,quaa
4188 807 4296 845 sua
4318 797 4553 856 essent,

2888 883 3186 948 qllzereret,
3211 895 3569 948 suorumque
3600 896 3805 932 causas
3831 877 4168 949 negligeret,
4186 879 4362 949 juxta
4394 879 4554 934 illud

2888 965 3142 1035 Aposloli
3179 982 3192 1019 :
3227 965 3330 1030 Qui
3364 983 3625 1032 suorum,
3659 972 3715 1020 et
3755 967 4006 1021 maxime
4054 967 4554 1034 domesticorum,

2889 1069 3086 1106 Curam
3119 1071 3229 1107 non
3267 1054 3459 1118 habet,
3488 1056 3660 1108 fidem
3696 1055 3944 1123 negavit,
3976 1059 4033 1109 et
4063 1060 4150 1109 est
4183 1055 4446 1111 deterior
4469 1056 4560 1110 in-

2890 1141 3062 1194 tidcli.
3093 1142 3248 1195 ['nde.
3272 1160 3511 1196 suorum
3536 1145 4013 1214 congregationes
4037 1143 4557 1216 clericorum,quze

2889 1229 3144 1283 hostium
3195 1231 3621 1301 (leprmdalione
3654 1231 3723 1285 ad
3759 1237 3978 1287 tantam
4013 1232 4248 1286 fuerunt
4279 1233 4556 1305 inopiam

2887 1319 3232 1376 redact:e.ut
3257 1320 3326 1372 ad
3363 1320 3712 1390 quotidianze
3745 1320 4074 1375 refectionis
4106 1337 4279 1376 usum
4310 1321 4392 1375 nil
4420 1339 4562 1394 pos-

2889 1412 3012 1460 Sent
3047 1406 3259 1461 habere
3300 1425 3496 1462 secum
3544 1409 3804 1474 retinnit,
3841 1427 3905 1463 ac
3938 1409 4290 1481 inquantum
4327 1412 4556 1480 potuit,

2889 1511 3108 1564 pauper
3141 1496 3261 1566 ipse
3298 1496 3594 1566 preescntis
3623 1497 3750 1549 vitm
3802 1498 4132 1551 necessaria
4177 1499 4558 1569 pauperibus

2890 1583 3276 1645 ministravit;
3311 1590 3366 1636 et
3397 1601 3508 1636 non
3544 1583 3733 1638 solum
3769 1584 3905 1648 illis,
3942 1585 4041 1641 sed
4075 1590 4131 1640 et
4161 1586 4452 1642 omnibus
4491 1605 4558 1643 se

2889 1673 3240 1742 potentibus.
3263 1679 3432 1743 prout
3459 1673 3682 1738 habuit,
3711 1673 4120 1729 misericordia:
4144 1691 4396 1730 manum
4420 1669 4562 1748 por-

2889 1761 3388 1829 I‘C'Xli.jll.\i:‘llllllti
3423 1761 3790 1816 Dominicum
3824 1766 4176 1835 praiceptum
4200 1781 4212 1818 :
4235 1763 4415 1820 Omni
4451 1783 4558 1838 pe-

2891 1849 3026 1901 tenti
3059 1855 3130 1913 te,
3165 1851 3374 1903 tribue.

2959 1937 3088 1989 Cu».
3125 1937 3235 1992 XV.
3269 1970 3335 1976 —
3368 1939 3444 1992 Eo
3467 1943 3723 2010 tempore
3755 1939 4182 1994 admoneturin
4204 1941 4463 2006 visione,
4493 1948 4564 1997 ut

2888 2025 3190 2078 ecclesiam
3229 2032 3441 2080 sanctm
3489 2028 3656 2087 Afrm,
3690 2045 3814 2098 qua!
3847 2045 3880 2082 a
3911 2029 4150 2099 paganis
4185 2029 4380 2084 fuerat
4412 2047 4561 2086 con-

2889 2121 3163 2176 cremata,
3200 2132 3310 2167 non
3348 2115 3601 2169 tardaret
3635 2132 3924 2186 reparare,
3957 2133 4062 2170 nec
4119 2133 4236 2172 non
4300 2123 4358 2173 et
4394 2119 4561 2174 Sim-

2890 2202 3031 2270 perti
3061 2202 3313 2271 episcopi
3360 2202 3714 2272 sepulcrum,
3750 2202 3904 2273 quod
3955 2203 4135 2258 situm
4195 2208 4325 2258 erat
4376 2206 4558 2276 juxta

2888 2290 3102 2358 gradus
3135 2289 3189 2342 in
3225 2290 3418 2357 choro,
3452 2308 3708 2360 congruo
3745 2295 4083 2362 procuraret
4113 2297 4289 2347 tecto.
4322 2293 4409 2348 Ex
4443 2293 4555 2349 hoc

2888 2376 3166 2446 cuqiitllei
3195 2378 3447 2430 famulus
3470 2379 3524 2431 in
3542 2379 3788 2447 jejuuiis
3810 2384 3866 2432 et
3888 2380 4158 2450 precibus
4181 2397 4321 2435 cum
4348 2383 4555 2438 cordis

2886 2466 3248 2527 contritione,
3280 2466 3408 2520 aliis
3440 2483 3671 2537 quoque
3716 2467 3854 2520 viris
3888 2468 4179 2539 religiosis
4212 2486 4425 2524 secum
4462 2489 4554 2527 as-

2887 2554 3158 2623 sumptis,
3193 2571 3252 2608 se
3289 2556 3397 2608 Deo
3427 2561 3699 2621 mactare,
3730 2555 4071 2626 supplicans
4102 2556 4312 2612 devote
4348 2567 4556 2630 quate-

2889 2660 2997 2694 nus
3030 2643 3398 2712 omnipotens
3429 2644 3577 2697 Deus
3611 2661 3712 2713 per
3753 2645 4213 2700 miscricordiam
4248 2664 4432 2703 suam
4465 2651 4554 2703 di-

2886 2737 3162 2800 gnaretur
3194 2732 3300 2784 sibi
3339 2733 3709 2786 inanil'cstare
3759 2732 3973 2792 locum.
4008 2734 4106 2787 ubi
4147 2736 4554 2790 sanctissimo?

2888 2821 3156 2890 martyris
3180 2838 3295 2872 sure
3319 2838 3527 2890 corpus
3551 2827 3702 2874 esset
3725 2822 4268 2890 reconditum,velsi
4299 2825 4356 2878 in
4389 2835 4554 2896 parte

2886 2907 3150 2960 orientali
3184 2916 3382 2978 crypta
3414 2926 3479 2959 eo
3529 2909 3634 2962 loci
3680 2914 3834 2963 esset
3879 2911 4240 2974 aidilicanda,
4278 2913 4384 2966 ubi
4416 2931 4553 2968 sua-

2886 2995 3054 3048 debat
3077 2995 3124 3048 ei
3148 2997 3412 3050 voluntas
3436 3015 3560 3050 sua.
3583 2998 3727 3067 Ergo
3747 3003 3810 3051 ut
3839 2998 4123 3052 Dominus
4147 3016 4356 3056 verum
4385 3019 4554 3058 com-

2887 3086 3174 3155 probaret,
3216 3086 3367 3154 quod
3427 3103 3527 3155 per
3575 3103 3638 3138 os
3689 3087 3870 3139 sancti
3929 3088 4104 3145 David
4166 3089 4314 3143 dixit
4354 3108 4368 3145 :
4409 3095 4555 3146 Ecce

2885 3173 3031 3226 oculi
3069 3174 3292 3226 Domini
3329 3191 3504 3244 super
3527 3175 3742 3241 justus,
3777 3181 3832 3228 et
3862 3192 4032 3229 aures
4065 3177 4197 3247 ejus
4249 3177 4309 3232 in
4341 3196 4554 3250 preces

2885 3277 3104 3315 eorum.
3145 3262 3208 3315 Et
3242 3262 3297 3314 in
3332 3261 3443 3315 alio
3474 3260 3596 3316 loco
3632 3279 3643 3314 :
3679 3262 4054 3320 Voluntatem
4103 3265 4458 3324 timentium
4495 3287 4555 3324 se

1132 3369 1505 3426 nequaquam
1535 3351 1678 3406 visis
1725 3354 1808 3404 tot
1855 3349 2031 3420 lupis,
2064 3348 2250 3402 instar
2281 3347 2644 3412 mercenarii,
2680 3347 2772 3402 sui
2805 3337 2848 3403 C
2887 3349 3074 3413 faciet,
3105 3355 3159 3403 et
3190 3351 3651 3421 deprecationem
3705 3368 3907 3406 eorum
3952 3352 4244 3418 exaudiet,
4281 3359 4554 3427 quadam

1133 3443 1324 3516 gregis
1345 3440 1673 3498 custodiam
1695 3437 1970 3509 fugiendo
1993 3435 2431 3506 dereliquit,sed
2454 3453 2518 3488 ex
2537 3436 2777 3489 adverso

1133 3549 1195 3588 se
1214 3530 1486 3602 opposuit
1506 3544 1572 3584 ac
1587 3531 1770 3582 totam
1793 3541 2030 3580 causam
2054 3525 2298 3578 Domino
2328 3523 2773 3577 commendavit.

1133 3622 1206 3674 At
1221 3618 1511 3673 militibus
1531 3615 1988 3684 circumquaque
2019 3630 2120 3682 per
2151 3629 2384 3665 murum
2417 3617 2472 3664 et
2503 3617 2633 3665 ante
2655 3629 2777 3682 por-

1133 3711 1255 3762 tam
1285 3705 1498 3762 acriter
1533 3707 1735 3758 contra
1781 3701 1978 3756 hostes
2008 3701 2446 3764 dimicantibus,
2477 3700 2571 3754 ille
2603 3718 2778 3771 super

1135 3810 1351 3868 equum
1383 3793 1614 3857 sedens,
1647 3807 1761 3845 non
1793 3788 1990 3860 clypeo
2023 3793 2312 3859 protectus
2345 3795 2444 3843 aut
2466 3789 2649 3859 galea,
2675 3791 2773 3843 sed

1135 3883 1286 3941 stola
1312 3882 1574 3948 indutus,
1608 3879 1760 3934 intra
1789 3877 2049 3949 lapidum
2085 3895 2150 3932 ac
2183 3879 2523 3947 sagittarum
2558 3878 2774 3932 imbres

1132 3972 1436 4029 incedebat
1487 3985 1748 4025 securus.
1795 3967 2034 4021 Videres
2084 3984 2295 4020 novum
2343 3966 2519 4021 Josue
2577 3984 2768 4020 arcam

1129 4059 1360 4118 Domini
1389 4057 1781 4124 circumferre,
1807 4055 2069 4110 buccinis
2091 4072 2464 4127 concrepare:
2485 4056 2592 4109 nisi
2618 4057 2769 4127 quod

1127 4150 1303 4206 Josue
1331 4153 1494 4205 extra
1521 4163 1722 4202 muros
1753 4145 1916 4200 urbis
1947 4145 2201 4209 Jericbo,
2225 4145 2334 4197 iste
2365 4161 2496 4197 vero
2521 4145 2678 4198 intus
2715 4148 2768 4198 in

1127 4239 1298 4295 domo
1331 4235 1532 4293 Rabab
1563 4236 1635 4290 ad
1666 4235 1848 4289 Deum
1881 4233 2310 4299 convcrs:e,boc
2343 4239 2448 4299 est,
2484 4233 2769 4299 Ecclesia‘,

1127 4327 1421 4393 manebat,
1455 4329 1512 4381 et
1540 4324 1832 4380 civitatem
1863 4323 2078 4377 diaboli
2127 4323 2264 4376 l'oris
2312 4327 2640 4376 manentem
2668 4340 2767 4376 ex-

1126 4416 1443 4489 pugnabat.
1475 4415 1653 4470 Josue
1682 4413 1852 4478 duce,
1885 4411 2282 4467 sacerdotibus
2314 4410 2409 4482 qui
2439 4427 2628 4464 arcam
2665 4411 2770 4465 Do-

1126 4504 1268 4560 mini
1299 4503 1560 4560 ferebant
1585 4501 1848 4557 buccinis
1869 4500 2294 4571 clangentibus,
2321 4518 2383 4552 ac
2408 4500 2633 4553 cunctis
2668 4517 2766 4570 po-

1123 4593 1277 4666 pulis
1309 4591 1702 4648 clamantibus
1731 4589 2139 4645 vociferatione
2184 4589 2456 4648 maxima.
2491 4589 2642 4642 muri
2673 4587 2765 4642 Je-

1122 4681 1283 4738 ricbo
1313 4680 1578 4737 funditus
1609 4681 1970 4735 corruerunt.
2006 4678 2122 4731 Isto
2175 4693 2366 4730 arcam
2423 4676 2651 4730 Domini
2706 4675 2763 4730 in
2795 4699 2843 4764 Β

1121 4775 1349 4843 pectore
1380 4769 1600 4824 mundo
1631 4770 1884 4841 gerente,
1917 4771 1972 4820 et
2002 4781 2135 4820 cum
2168 4764 2568 4820 sacerdotibus
2595 4769 2648 4819 et
2681 4765 2764 4819 le-

1118 4858 1254 4914 vitis
1282 4858 1460 4925 tubis,
1482 4857 1541 4912 id
1562 4863 1670 4925 est,
1693 4854 1960 4928 psalmis,
1985 4854 2221 4926 hymnis
2242 4860 2297 4908 et
2318 4852 2560 4908 canticis
2592 4853 2761 4924 spiri-

1118 4947 1376 5003 tualibus
1423 4945 1791 5010 sonantibus,
1835 4943 2180 5014 cunctisque
2237 4941 2469 5013 populis
2510 4943 2763 4996 maxima

1116 5053 1285 5109 prece
1315 5036 1387 5091 ad
1419 5035 1603 5090 Deum
1629 5038 1686 5089 et
1713 5033 1784 5087 ad
1815 5034 1942 5102 ejus
1975 5038 2236 5087 sanctam
2268 5032 2606 5104 genitricem
2641 5033 2760 5086 Ilia-

1117 5123 1264 5178 riam
1297 5140 1528 5193 semper
1555 5121 1838 5193 virginem
1869 5136 1972 5191 pro
2003 5138 2109 5176 sua
2138 5122 2432 5193 ereptione
2463 5121 2761 5176 clamanti-

1117 5212 1250 5278 bus,
1274 5211 1554 5281 Hungari,
1579 5210 1680 5281 qui
1712 5212 1875 5262 erant
1906 5208 2106 5264 civitas
2133 5209 2365 5276 diaboli,
2401 5211 2754 5265 ceciderunt.

1117 5296 1316 5354 Ceteri
1364 5299 1561 5369 fugam
1618 5295 2008 5367 arripuerunt.
2067 5297 2220 5359 Quos
2292 5298 2756 5353 Christianorum

1095 5385 1406 5444 exercitus
1418 5386 1622 5440 tandiu
1641 5385 1912 5438 cadendo
1939 5391 2274 5456 persecutus
2287 5392 2394 5452 est,
2409 5387 2588 5443 donec
2605 5389 2758 5460 prin-

1115 5477 1273 5550 cipes
1301 5489 1505 5529 eorum
1531 5489 1663 5528 cum
1687 5471 1817 5527 aliis
1841 5473 2040 5527 multis
2062 5491 2177 5528 una
2199 5480 2560 5545 caperentur,
2581 5483 2754 5548 atque

1112 5564 1494 5622 Ratisbonam
1521 5562 1994 5633 perducerentur,
2015 5561 2111 5616 ubi
2135 5563 2206 5616 ad
2234 5563 2610 5634 ignominiam
2637 5583 2754 5619 sua:

1109 5653 1303 5730 gentis
1327 5651 1704 5726 postmodum
1732 5651 2002 5724 suspensi
2020 5656 2160 5706 sunt
2181 5651 2239 5704 in
2263 5651 2546 5722 equuleis.
2564 5653 2756 5708 Hisita

1089 5741 1315 5830 gestis,
1350 5739 1563 5818 praesul
1594 5743 1956 5800 venerandus
1993 5742 2103 5797 Deo
2133 5739 2194 5796 in
2226 5739 2500 5797 omnibus
2537 5742 2756 5814 gratias

2888 3444 3052 3491 nocte
3085 3438 3140 3491 in
3175 3438 3298 3492 visu
3331 3439 3378 3492 ei
3413 3444 3616 3492 sancta
3644 3440 3779 3493 Afra
3814 3441 4106 3510 apparuit,
4128 3446 4184 3495 et
4216 3441 4426 3500 locum
4463 3448 4556 3501 sui

2885 3527 3144 3596 Corporis
3175 3526 3230 3579 in
3263 3526 3505 3580 ecclesia
3526 3527 4257 3601 demonstravit.Cryptam
4284 3549 4431 3588 vero
4459 3536 4558 3590 illo

2887 3615 2942 3667 in
2971 3613 3090 3668 loco
3114 3616 3232 3669 tieri
3271 3615 3565 3686 prohibuit
3601 3621 3834 3686 propter
3861 3617 4135 3689 reliquias
4169 3626 4554 3690 sanctorum,

2885 3702 2981 3773 qui
3016 3703 3129 3757 illic
3162 3703 3218 3756 in
3246 3720 3379 3774 pace
3403 3705 4116 3774 quiescentes,adventum
4141 3707 4557 3778 justiJudicis

2883 3797 3236 3861 exspectant.
3273 3792 3386 3845 llac
3420 3791 3766 3847 revelatione
3798 3794 4129 3864 perdoctus,
4162 3797 4346 3868 coepit
4373 3800 4558 3856 desti-

2884 3885 3017 3933 nato
3049 3880 3204 3950 operi
3239 3880 3546 3950 vigilanter
3594 3880 3884 3946 insistere,
3917 3881 4175 3937 ecclesiae
4229 3901 4448 3944 muros
4475 3889 4555 3944 in-

2882 3973 3446 4038 staurare,cryptam
3481 3968 3536 4022 in
3570 3969 3912 4024 occidentali
3947 3975 4108 4041 parte
4142 3979 4505 4032 construere
4538 3995 4549 4032 :

2883 4073 2984 4110 nec
3001 4063 3211 4110 anteaa
3226 4057 3419 4110 labore
3434 4057 3699 4122 cessavit,
3716 4057 3896 4112 donec
3923 4061 4076 4114 brevi
4102 4062 4308 4117 omnia
4329 4069 4555 4135 perfec-

2880 4149 2937 4198 to
2963 4146 3167 4199 dt‘Ctll‘C
3198 4145 3644 4199 consummavit.

2951 4234 3201 4302 Dignum
3237 4239 3322 4286 est
3356 4251 3507 4288 nunc
3539 4235 3944 4289 demonstrare
3992 4254 4111 4308 qua
4158 4243 4548 4298 veneratinne

2880 4322 3094 4390 dignus
3139 4323 3213 4375 sit
3245 4321 3406 4375 locus
3453 4322 3566 4386 ille,
3601 4323 3657 4376 in
3718 4340 3834 4393 quo
3893 4331 4094 4378 sancta
4155 4325 4258 4380 Dei
4323 4339 4550 4393 martyr

2879 4411 3175 4481 prohibuit
3204 4418 3463 4481 cryptam
3501 4412 3643 4465 lit'l‘i.
3679 4390 3812 4466 Erat
3861 4413 4105 4484 quidam
4159 4390 4545 4478 bortulanuts.

2878 4500 2974 4570 qui
3037 4501 3186 4553 inter
3242 4499 3508 4569 gramiua
3563 4501 3639 4553 ibi
3699 4501 4154 4568 deambulando,
4190 4504 4543 4574 speluncam

2877 4589 3190 4658 quamdam
3226 4589 3454 4658 reperit,
3483 4589 3538 4642 in
3572 4606 3688 4658 qua
3719 4594 3774 4642 et
3807 4589 4294 4647 transformatam
4333 4597 4545 4652 indicu-

2875 4675 2991 4730 lam
3049 4678 3159 4730 sub
3213 4683 3368 4731 terra
3427 4682 3716 4731 muratam
3777 4679 4098 4749 conspexit,
4146 4685 4206 4734 et
4263 4685 4539 4747 veniens,

2872 4765 3141 4837 episcopo
3202 4765 3509 4830 nuntiavit,
3571 4764 3739 4836 eique
3790 4766 3982 4820 dixit:
4018 4767 4078 4821 Si
4134 4771 4252 4822 tuae
4314 4770 4540 4842 placeat

2874 4854 3192 4916 sanctitati,
3219 4852 3310 4907 hic
3343 4851 3500 4907 olera
3531 4870 3659 4907 mea
3679 4857 3735 4908 et
3756 4852 3890 4920 alia,
3915 4870 4044 4925 quae
4076 4854 4225 4910 mihi
4256 4865 4415 4914 sunt
4448 4877 4536 4916 ne-

2871 4942 3144 5004 cessaria,
3168 4947 3415 5012 possunt
3441 4942 3694 4996 recondi.
3711 4941 3812 4996 Cui
3834 4941 4008 4997 illein
4032 4943 4249 5014 spiritu
4275 4946 4466 5003 dixit:
4487 4950 4537 5004 Si

2872 5029 2976 5083 hoc
2999 5031 3220 5094 feceris,
3239 5047 3370 5084 mox
3397 5047 3570 5084 sensu
3590 5036 3646 5084 et
3665 5031 4064 5086 membrorum
4087 5033 4394 5104 sospitate
4414 5055 4536 5092 mox

2870 5118 3242 5172 carcbis.Sed
3273 5118 3466 5183 miser,
3489 5119 3607 5171 haec
3631 5117 4076 5190 parvipendcns,
4099 5120 4536 5190 supellectilem

2869 5224 3036 5261 suam
3061 5205 3117 5260 in
3152 5206 3486 5277 praedictam
3519 5208 3858 5276 speluncam
3891 5210 4293 5280 congregavit,
4311 5215 4536 5268 statim-

2867 5313 2976 5367 que
2991 5311 3228 5350 sensum
3244 5312 3376 5349 cum
3393 5295 3516 5348 visu
3534 5302 3588 5350 et
3603 5296 3805 5350 auditu
3826 5296 4100 5367 perdidit.
4125 5297 4239 5360 Qui
4265 5301 4347 5356 ad
4372 5320 4534 5358 sanc-

2867 5391 2988 5440 tum
3013 5386 3107 5438 Dei
3128 5385 3462 5454 perductus,
3484 5388 3786 5438 utreatum
3806 5402 3981 5440 suum
4007 5387 4272 5456 agnovit,
4298 5393 4528 5446 veniam

2866 5475 3121 5546 petiit,ac
3141 5471 3561 5543 indulgentiam
3583 5489 3716 5527 cum
3735 5474 3987 5528 sanitate
4007 5477 4370 5546 promeruit.
4393 5480 4529 5535 Mira

2866 5565 3132 5618 dicturus
3165 5579 3317 5617 sum.
3353 5561 3431 5615 Ex
3464 5561 3563 5616 illa
3607 5579 3861 5634 namque
3908 5561 4053 5617 hora
4105 5580 4432 5638 nunquam
4463 5571 4525 5624 ab

2866 5651 3174 5707 bortulano
3205 5650 3332 5721 ipsa
3364 5650 3598 5722 reperiri
3635 5650 3822 5723 potuit
3848 5651 4151 5722 spelunca.
4179 5653 4265 5710 Ex
4287 5672 4365 5713 eo
4388 5663 4524 5713 tem-

2864 5759 3000 5816 pore
3027 5740 3199 5813 coepit
3228 5739 3314 5795 vir
3345 5739 3440 5795 Dei
3473 5745 3743 5798 sanctum
3774 5739 3942 5797 illum
3975 5738 4176 5799 locum
4201 5747 4408 5820 magis
4429 5748 4524 5804 fre
