4868 6468
729 502 890 563 1197

2067 501 2248 562 Vl'l‘A
2296 501 2362 561 S.
2407 499 2798 564 UDALRICI.

3969 506 4126 569 H98

726 634 1035 705 quentare,
1085 631 1317 703 sibique
1366 631 1697 703 sepulcrum
1754 631 1834 686 ibi
1892 648 2233 703 praeparare.
2268 629 2373 685 Ubi
2405 631 2461 697 Α
2491 630 2649 686 omni
2697 632 2991 689 celeritate
3038 635 3360 707 Augustam
3411 633 3663 690 mittitur
3694 653 3706 691 :
3738 635 3926 691 oleum
3958 638 4030 692 ab
4062 655 4128 694 eo

724 720 931 777 omnia
959 724 1122 776 sexta
1150 716 1308 786 teria,
1335 720 1383 776 si
1416 720 1574 775 domi
1602 723 1774 788 esset,
1808 718 2031 775 solebat
2060 717 2376 775 salutarem

722 809 980 865 hostiam
1011 807 1258 863 Domino
1290 807 1615 863 immolare.

797 902 930 952 CAP.
973 896 1117 952 XVI.
1164 928 1232 936 —
1282 897 1508 952 Interea
1563 894 1842 951 orationis
1900 912 2077 950 causa
2133 895 2374 950 Romam

724 983 1007 1060 perrexit,
1022 983 1121 1039 ubi
1145 987 1201 1038 et
1217 989 1393 1057 caput
1409 984 1595 1040 sancti
1614 983 1865 1039 Abundii
1885 982 2156 1056 martyris
2177 982 2376 1054 acqui-

723 1074 1227 1145 sivit,secumque
1258 1072 1528 1145 religiosa
1557 1088 1686 1126 cum
1719 1072 2022 1127 devotione
2055 1073 2377 1141 Augustam

722 1161 1308 1235 reportavit.Solebat
1337 1161 1467 1215 loca
1501 1164 1704 1215 sancta
1731 1160 1986 1222 visitare,
2005 1176 2071 1214 ac
2092 1160 2379 1231 prmcipue

725 1249 1154 1307 monasterium
1178 1251 1364 1305 sancti
1386 1248 1553 1315 Galli,
1580 1248 1677 1303 ubi
1697 1248 1952 1303 nutritus
1974 1255 2097 1303 erat
2113 1252 2168 1302 et
2185 1248 2378 1303 erudi-

724 1345 847 1394 tus.
884 1339 1023 1395 Inde
1071 1354 1205 1393 cum
1253 1338 1508 1409 quodam
1552 1341 1812 1407 tempore
1843 1337 1913 1390 ad
1947 1335 2151 1391 cellam
2193 1335 2379 1390 sancti

724 1426 1038 1494 Meinradi,
1074 1427 1145 1482 ad
1178 1425 1490 1480 videndum
1552 1441 1781 1480 servum
1838 1424 1937 1479 Dei
1986 1424 2377 1479 Everhardum

722 1516 1005 1580 venisset,
1035 1519 1168 1586 post
1208 1530 1374 1570 sacra
1403 1514 1730 1569 orationum
1760 1512 2066 1579 libamina,
2103 1516 2235 1584 post
2267 1512 2377 1567 fra-

722 1609 909 1660 ternzn
940 1602 1266 1658 collationis
1293 1602 1489 1657 dulcia
1516 1601 1767 1673 eloquia,
1795 1618 1927 1656 cum
1954 1601 2081 1671 jam
2115 1600 2376 1673 prreliba-

720 1694 807 1749 tis
830 1691 1050 1747 osculis
1076 1696 1314 1747 sanctus
1347 1690 1655 1762 episcopus
1688 1689 2075 1761 disposuisset
2099 1690 2286 1743 redire
2319 1688 2377 1743 in

722 1798 861 1846 sua,
885 1784 941 1836 et
971 1797 1039 1835 ea
1064 1779 1186 1834 vice
1218 1784 1477 1852 speraret
1502 1779 1603 1834 Dei
1637 1778 1921 1833 famulum
1970 1795 2082 1832 non
2125 1776 2378 1848 amplius

721 1887 861 1925 esse
874 1869 1415 1940 visurum,jamque
1437 1868 1517 1922 ire
1541 1866 1829 1938 coepisset,
1850 1866 2120 1921 festinato
2134 1864 2379 1920 anhelus

722 1957 1010 2024 cucurrit,
1045 1960 1219 2027 atque
1270 1956 1487 2011 iterans
1536 1954 1737 2010 oscula
1784 1953 2114 2019 charitatis,
2143 1953 2198 2007 in
2231 1953 2379 2008 hanc

720 2063 931 2102 vocem
954 2044 1450 2116 lacrymabundus
1480 2043 1707 2114 erupit:
1735 2042 1813 2095 Ex
1843 2042 1949 2096 hac
1980 2041 2123 2095 hora
2152 2058 2265 2096 non
2296 2042 2378 2096 vi-

721 2134 1003 2190 debimus
1036 2149 1142 2187 nos
1175 2131 1419 2187 ulterius
1447 2131 1502 2185 in
1536 2132 1643 2185 hac
1673 2130 1808 2197 vita,
1828 2130 2009 2184 donec
2038 2130 2377 2201 corporibus

723 2221 985 2293 exempti
1007 2221 1199 2275 videre
1221 2237 1327 2274 nos
1351 2236 1682 2274 mereamur
1706 2218 1761 2271 in
1788 2217 2093 2289 praesentia
2123 2216 2242 2271 Dei.
2276 2217 2376 2271 Cui

721 2312 1045 2383 episcopus
1084 2309 1272 2364 dixit:
1310 2308 1476 2363 Pater
1526 2308 1871 2373 venerande,
1907 2308 2020 2362 scis
2070 2323 2225 2361 nunc
2273 2322 2378 2377 pro

722 2403 889 2456 certo
912 2403 1145 2470 tempus
1171 2413 1309 2452 mea:
1333 2395 1707 2451 resolutionis
1740 2395 1975 2458 instare,
1997 2411 2111 2465 quo
2134 2395 2374 2449 debeam

720 2506 798 2544 ex
814 2487 927 2542 hac
945 2487 1065 2541 vita
1085 2485 1335 2558 migrare
1348 2484 1485 2540 ?Cui
1511 2484 1606 2539 ille
1628 2484 1943 2555 respondit.
1960 2482 2118 2537 Finis
2140 2481 2374 2554 quidem

719 2576 861 2631 vita:
891 2579 1007 2629 tua}
1035 2573 1226 2628 adhuc
1253 2590 1365 2628 non
1400 2571 1528 2627 erit.
1553 2572 1663 2627 Sed
1694 2588 1896 2626 verum
1928 2588 2055 2626 esse
2074 2571 2224 2642 quod
2248 2570 2376 2624 dico

714 2664 921 2721 exitus
954 2662 1033 2717 rei
1082 2661 1502 2734 comprobabit.
1537 2661 1701 2715 Tunc
1748 2661 2075 2715 discessum
2125 2664 2230 2714 est.
2264 2658 2373 2714 Sed

716 2757 1046 2823 antequam
1079 2749 1389 2823 episcopus
1419 2750 1682 2804 eamdem
1729 2748 1931 2803 cellam
1983 2748 2253 2812 visitavit,
2282 2746 2376 2800 ille

718 2842 834 2898 Dei
866 2838 1125 2896 famulus
1171 2838 1538 2893 Everbardus
1586 2838 1655 2892 de
1704 2837 1811 2891 hoc
1844 2836 2053 2892 saeculo
2083 2835 2373 2907 migravit.

716 2930 1014 2985 Processu
1046 2941 1277 2998 quoque
1299 2925 1576 2996 temporis
1599 2923 1789 2979 locum
1812 2921 2375 2995 Agaunensium,ubi

713 3020 975 3074 sanctus
993 3014 1300 3070 Mauritius
1321 3030 1453 3069 curn
1474 3030 1637 3068 sacra
1652 3012 1875 3083 legione
1894 3011 2159 3083 quiescit,
2174 3009 2375 3065 orandi

712 3105 925 3178 gratia
945 3102 1145 3169 adivit,
1167 3118 1232 3157 ac
1250 3118 1363 3156 non
1385 3100 1642 3155 modicas
1659 3099 2035 3154 Thcbzeorum
2055 3102 2375 3169 martyrum

715 3191 1015 3264 reliquias
1041 3190 1367 3262 acquisivit.
1404 3191 1558 3254 Quas
1590 3205 1723 3243 cum
1755 3204 1984 3241 summo
2016 3186 2232 3241 honore
2261 3186 2376 3239 Au-

713 3287 971 3356 gustam
1003 3278 1216 3345 attulit,
1241 3295 1307 3333 ac
1334 3278 1391 3332 in
1430 3276 1677 3332 oratorio
1708 3280 1921 3331 sanctae
1952 3274 2052 3329 Dei
2082 3272 2377 3345 genitricis

2487 723 2888 776 consecratum
2920 722 3196 777 defertur.
3222 723 3343 787 Quo
3382 722 3439 777 in
3472 723 3601 794 ipsa
3629 727 3829 779 sancta
3858 724 4129 781 Penteco-

2487 811 2604 861 stes
2635 807 2832 879 vigilia
2862 809 3004 865 hora
3034 809 3147 864 diei
3174 827 3328 865 nona
3353 809 3672 876 delibutus,
3699 811 3992 866 intantum
4028 829 4130 883 per

2485 895 2732 967 gratiam
2752 897 2851 952 Dei
2874 902 3075 953 contra
3103 914 3267 969 spem
3299 898 3561 954 omnium
3592 899 3785 954 subito
3816 898 4124 967 convaluit,

2456 988 2552 1044 .ut
2583 1001 2643 1039 se
2671 985 2932 1041 reﬁceret
2971 985 3099 1041 cibo
3148 1003 3212 1041 ac
3263 1003 3396 1042 cum
3457 987 3736 1043 fratribus
3784 988 4125 1059 vespertinae

2488 1073 2685 1144 synaxi
2751 1072 3063 1129 incolumis
3123 1075 3450 1155 interesset,
3496 1079 3797 1148 totamque
3851 1075 4125 1131 instantis

2487 1160 2814 1216 festivitatis
2864 1161 3017 1217 diem
3068 1162 3316 1234 spiritali
3358 1163 3732 1235 jucunditate
3787 1163 4123 1220 celebraret.

2487 1249 2715 1320 Sicque,
2750 1249 3021 1306 omnibus
3051 1251 3108 1305 in
3158 1268 3468 1307 commune
3517 1252 3971 1324 gratulantibus,
4003 1252 4129 1326 ipse

2489 1353 2689 1407 sospes
2720 1338 2778 1391 in
2814 1355 2981 1393 suam
3013 1341 3209 1394 sedem
3241 1345 3328 1395 est
3359 1356 3641 1396 reversus.
3896 1410 3899 1411 ν

2558 1429 2688 1480 CAP.
2723 1426 3309 1492 XVIII.—Quodam
3370 1432 3630 1501 tempore
3687 1445 3820 1484 cum
3879 1429 3969 1484 vir
4024 1430 4125 1485 Dei

2486 1513 2790 1569 Vindicem
2823 1514 3065 1570 fluvium
3096 1521 3250 1571 esset
3277 1517 3958 1584 transiturus,intantum
3981 1516 4128 1573 alvei

2488 1602 2614 1672 ejus
2647 1618 2883 1657 cursum
2927 1605 3245 1660 excrevisse
3275 1604 3516 1671 invenit,
3561 1608 3626 1659 ut
3654 1604 3852 1661 nullus
3884 1622 4126 1661 suorum

2488 1691 2728 1745 auderet
2758 1692 3005 1745 transire
3036 1709 3138 1763 per
3167 1692 3354 1748 illum.
3384 1694 3547 1748 Tunc
3577 1691 3747 1748 sociis
3778 1691 3869 1748 sui
3900 1692 4127 1749 itineris

2488 1778 2859 1845 abeuntibus,
2896 1783 2952 1833 et
2998 1780 3233 1847 vadum,
3268 1780 3452 1835 sicubi
3504 1783 3702 1852 posset
3754 1779 4023 1852 reperire,
4053 1781 4127 1835 ad

2486 1867 2908 1921 transeundum
2935 1867 3347 1939 quaerentibus,
3366 1869 3488 1940 ipse
3510 1884 3644 1924 cum
3671 1886 3787 1924 uno
3808 1867 4013 1924 clerico
4033 1886 4127 1924 so-

2487 1953 2579 2009 lus
2594 1956 2892 2021 remansit,
2912 1973 2977 2010 ac
2990 1957 3327 2027 praedictum
3355 1957 3591 2013 fluvium
3609 1958 3733 2013 sine
3746 1956 4126 2029 aliquatrepi-

2488 2042 2721 2096 datione
2747 2043 2804 2097 in
2847 2044 3081 2098 nomine
3130 2044 3360 2099 Domini
3410 2045 3694 2100 transivit.
3729 2046 3815 2111 Et,
3846 2049 3911 2100 ut
3939 2044 4128 2117 magis

2489 2128 2738 2196 mireris,
2771 2131 3013 2186 clericus
3046 2131 3234 2187 altiori
3277 2132 3499 2188 caballo
3543 2132 3802 2188 residens
3833 2150 3866 2188 a
3896 2132 4129 2206 cingulo

2489 2217 2760 2273 deorsum
2786 2234 2846 2272 se
2877 2223 3061 2274 totum
3096 2220 3153 2274 in
3186 2237 3338 2291 aqua
3371 2220 3748 2276 infusumzde
3763 2221 4132 2294 episc0piau-

2488 2309 2606 2360 tem
2639 2307 2825 2361 soccis
2855 2324 2886 2362 e
2916 2325 3056 2380 sago
3102 2308 3288 2374 factis,
3323 2325 3472 2380 quos
3531 2313 3764 2381 propter
3809 2309 3994 2382 frigus
4040 2310 4127 2365 in-

2486 2394 2711 2462 duerat,
2745 2411 2848 2448 nec
2880 2394 3085 2450 saltem
3118 2413 3299 2450 unum
3344 2395 3531 2467 pilum
3578 2397 3967 2452 madefactum
3996 2414 4126 2469 per-

2486 2481 2690 2553 spexit.
2715 2482 2817 2537 Cui
2836 2481 3001 2538 valde
3021 2500 3197 2554 super
3226 2482 3335 2538 hoc
3367 2484 3680 2539 admiranti
3710 2484 4124 2541 interminatus

2485 2575 2592 2636 est,
2617 2570 2816 2625 dicens
2841 2589 2852 2625 :
2878 2571 3041 2637 Cave,
3067 2588 3137 2626 ne
3184 2571 3373 2626 adhuc
3401 2576 3670 2628 manente
3699 2572 3758 2627 in
3789 2589 3980 2641 carne,
4013 2573 4122 2629 hoc

2486 2656 2657 2712 alicui
2689 2658 2881 2714 dicere
2909 2676 2921 2713 :
2956 2659 3306 2715 humilitatis
3337 2661 3684 2731 magistrum
3714 2676 3986 2733 sequens,
4019 2661 4123 2734 qui

2485 2746 2555 2800 de
2586 2747 2899 2818 semetipso
2927 2747 3231 2820 discipulis
3261 2747 3530 2820 prmcepit
3558 2753 3622 2804 ut
3643 2749 3923 2805 visionem
3941 2766 4121 2823 quam

2482 2834 2767 2890 vidissent
2816 2837 3035 2891 nemini
3067 2836 3345 2903 dicerent,
3380 2837 3560 2893 donec
3593 2837 3772 2893 Filius
3803 2838 4060 2894 hominis
4089 2855 4124 2893 a

2487 2924 2734 2978 mortuis
2761 2930 3105 2996 resurgeret.
3130 2926 3255 2979 Tua
3274 2925 3573 2993 sunthaec,
3599 2942 3630 2980 ο
3652 2925 3896 2991 Christe,
3926 2941 4122 2997 opera,

2485 3015 2719 3066 tuarum
2744 3010 3065 3083 gratiarum
3090 3012 3469 3084 insignia,qui
3490 3014 3550 3068 in
3574 3014 3791 3071 sanctis
3813 3013 3928 3070 tuis
3949 3014 4126 3070 etiam

2487 3115 2641 3153 nunc
2670 3100 2911 3171 antiqua
2958 3116 3264 3155 coruscare
3313 3100 3457 3156 facis
3488 3101 3798 3157 mirabilia.
3831 3102 3936 3170 Qui
3969 3103 4127 3158 enim

2486 3186 2567 3241 illi
2618 3188 2858 3259 antiquo
2917 3188 3289 3244 Hebrmorum
3337 3188 3574 3261 populo,
3608 3191 3904 3261 quondam
3942 3191 4128 3246 diviso

2487 3275 2632 3330 mari
2659 3275 2874 3341 Rubro,
2890 3277 3116 3340 aridum
3135 3277 3245 3331 iter
3259 3277 3648 3348 praehuisti,tu
3667 3277 3823 3334 hunc
3838 3278 4127 3335 famulum

713 3347 871 3427 Eum
903 3367 1139 3441 hymnis
1168 3372 1226 3422 et
1256 3364 1599 3437 psalmodiis
1631 3364 1899 3436 religiose
1930 3363 2246 3418 collocavit.
2278 3363 2379 3418 His
2410 3347 2451 3413 C
2491 3369 2655 3418 tuum
2678 3381 2778 3436 per
2794 3365 2947 3420 idem
2964 3347 3314 3420 elementum
3332 3365 3499 3421 siccis
3514 3365 4123 3423 vestibustraduxisti:

713 3478 760 3533 q
774 3473 970 3529 uoque
983 3456 1191 3512 diebus
1210 3453 1558 3510 venerabilis
1579 3453 1748 3509 heros
1765 3453 1833 3507 ad
1851 3452 2265 3507 monasterium
2283 3452 2378 3506 In-

714 3545 1231 3616 sulanense,quod
1246 3542 1433 3614 Augia
1448 3540 1888 3615 dicitur,[venit]
1906 3541 2152 3596 ubitunc
2166 3544 2382 3612 tempo-

713 3637 815 3693 ris
827 3632 1420 3704 Dominicigregisvir
1434 3630 1819 3695 venerandus,
1834 3628 2378 3700 nomineAluvigus,

715 3738 940 3782 curam
973 3721 1171 3794 gessit.
1205 3719 1312 3783 Qui
1356 3735 1490 3774 eum
1535 3718 1730 3790 digno,
1766 3722 1831 3772 ut
1859 3735 1963 3789 par
1991 3722 2133 3787 erat,
2166 3716 2381 3772 honore

715 3810 1089 3881 suscipiens,
1124 3807 1547 3880 multiplicibus
1596 3810 1931 3862 sanctarum
1977 3805 2380 3877 reliquiarum,

716 3915 993 3975 quarum
1026 3896 1215 3971 gratia
1245 3895 1345 3951 illo
1377 3896 1707 3959 advenerat,
1742 3895 2083 3966 pignoribus
2127 3894 2380 3961 donavit,

717 3990 940 4060 sicque
969 3988 1040 4041 ad
1075 3985 1313 4057 propria
1341 3983 1538 4039 laetum
1573 3984 1759 4039 redire
1790 3983 2070 4055 permisit.

806 4078 944 4132 CAP.
978 4074 1149 4130 XVII.
1184 4105 1250 4114 —
1282 4072 1396 4127 Nec
1425 4073 1892 4143 praetereundum
1945 4071 2120 4143 quod,
2155 4074 2387 4142 propter

717 4164 927 4240 ipsius
960 4161 1185 4229 merita,
1202 4160 1457 4233 plurima
1485 4159 1735 4215 infirmis
1767 4160 2193 4230 praestabantur
2221 4158 2388 4212 bene-

716 4253 872 4311 ﬁcia
907 4269 919 4307 :
956 4255 1013 4306 et
1043 4250 1295 4306 maxime
1341 4248 1441 4320 qui
1476 4248 1693 4303 caduco
1741 4248 2131 4319 gravabantur
2161 4247 2383 4311 morbo,

715 4357 843 4415 per
862 4339 991 4410 ejus
1015 4336 1481 4393 benedictionem
1506 4353 1539 4390 a
1561 4339 1722 4391 tanto
1748 4334 2147 4390 liberabantur
2167 4334 2385 4388 incom-

716 4426 1114 4492 modo.0uod
1146 4426 1227 4480 ita
1243 4424 1593 4480 humilitatis
1625 4440 1802 4479 causa
1832 4423 2055 4477 studuit
2076 4421 2385 4487 occultare,

716 4523 802 4575 ut
849 4516 900 4571 si
947 4516 1094 4571 forte
1143 4513 1323 4585 aliqui
1368 4512 1601 4568 illorum
1633 4512 1783 4567 hanc
1823 4511 2093 4567 sanitatis
2140 4509 2387 4583 gratiam

716 4602 939 4681 palam
971 4602 1354 4676 postularent,
1387 4602 1607 4657 donum
1640 4600 2058 4655 benedictionis
2088 4597 2390 4654 subtrahe-

2491 3454 2600 3509 nisi
2635 3454 2789 3526 quod
2820 3454 2936 3510 illis
2963 3472 3123 3526 aquae
3156 3459 3321 3511 erant
3349 3472 3451 3528 pro
3481 3456 3667 3512 muris
3697 3473 3732 3512 a
3760 3455 3975 3512 dextris
4004 3460 4061 3512 et
4094 3473 4129 3513 a

2491 3542 2849 3611 sinistris,ut
2879 3542 3048 3598 siccis
3078 3543 3337 3617 vestigiis
3365 3562 3466 3616 per
3487 3544 3745 3601 medium
3772 3542 4123 3601 transirent:

2492 3631 2598 3687 iste
2627 3648 2759 3687 vero
2787 3648 2887 3704 per
2924 3632 3147 3687 medias
3193 3634 3485 3690 transiens
3515 3650 3799 3706 aquarum
3830 3633 4040 3703 undas,
4065 3632 4127 3688 in

2493 3719 2653 3775 nullo
2685 3720 3065 3790 madefactus,
3100 3738 3161 3777 se
3192 3722 3340 3777 duce
3370 3722 3630 3794 pervenit
3676 3723 3747 3778 ad
3794 3722 3979 3778 littus.
4003 3721 4128 3778 Alio

2493 3810 2630 3864 item
2664 3814 2922 3881 tempore
2950 3810 3089 3865 dum
3135 3810 3516 3867 Ratisbonam
3547 3810 3773 3883 navigio
3804 3827 3907 3884 per
3934 3811 4129 3867 Danu-

2493 3898 2655 3953 bium
2687 3898 2965 3965 tenderet,
2994 3915 3060 3954 ex
3107 3898 3333 3954 incuria
3391 3904 3703 3955 nautarum
3752 3901 3914 3957 navis
3956 3915 4132 3972 super

2494 3987 2788 4057 quoddam
2839 3987 3186 4059 impingitur
3232 3986 3457 4060 lignum
3492 4005 3505 4042 :
3539 4005 3607 4042 ex
3638 4005 3753 4059 quo
3796 3988 4132 4060 patentibus

2494 4075 2660 4129 rimis
2682 4074 2853 4146 coepit
2875 4075 3156 4146 paulatim
3188 4075 3416 4146 impleri
3441 4074 3629 4147 aquis.
3655 4076 3883 4131 Timore
3913 4079 4130 4146 perter-

2495 4162 2587 4216 riti
2618 4166 2828 4232 nautea,
2861 4163 2931 4216 ad
2965 4162 3131 4217 littus
3163 4163 3523 4218 contendunt
3555 4179 3815 4234 propere.
3849 4163 3970 4227 Quo
4000 4178 4131 4234 per-

2426 4306 2441 4313 -
2493 4251 2812 4317 venientes,
2844 4251 3117 4304 omnibus
3166 4267 3291 4322 quae
3338 4250 3397 4304 in
3440 4250 3569 4305 navi
3601 4254 3766 4306 erant
3794 4249 4131 4322 exportatis,

2496 4336 2657 4393 obliti
2691 4342 2829 4392 sunt
2858 4338 3111 4409 episcopi
3142 4337 3200 4392 in
3232 4338 3411 4410 puppi
3444 4337 3770 4394 residentis.
3796 4339 3958 4393 Tunc
3979 4355 4134 4393 unus

2496 4442 2564 4480 ex
2588 4424 2833 4490 clericis,
2866 4425 3103 4480 trahens
3138 4424 3391 4497 suspiria
3421 4442 3489 4480 ex
3526 4426 3731 4481 intimo
3762 4425 3971 4490 cordis,
4004 4426 4087 4480 ait
4117 4442 4131 4480 :

2495 4513 2589 4567 Vae
2636 4514 2803 4569 nobis
2847 4513 3097 4578 miseris,
3132 4513 3272 4586 quia
3328 4514 3386 4568 in
3439 4519 3598 4570 tanto
3658 4513 3916 4586 periculo
3972 4514 4136 4570 obliti

2498 4600 2705 4658 sumus
2762 4600 2943 4657 nostri
2995 4601 3260 4657 senioris.
3312 4602 3379 4657 Et
3434 4602 3554 4658 haec
3610 4603 3833 4671 dicens,
3877 4600 4135 4658 velocius

718 4697 853 4757 ret,
883 4692 993 4747 hoc
1024 4691 1216 4764 magis
1249 4707 1519 4747 asserens
1548 4688 1877 4762 apostolicae
1909 4687 2177 4759 dignitati
2212 4703 2387 4758 quam
2420 4709 2467 4775 ο
2500 4688 2776 4753 cucurrit,
2810 4693 2866 4743 et
2899 4688 3158 4743 humeris
3188 4688 3528 4760 impositum
3553 4690 3626 4744 ad
3655 4689 3824 4744 littus
3849 4687 4135 4760 exposuit.

720 4797 869 4840 suae
901 4796 1223 4852 congruere
1253 4779 1541 4851 parvitati.
1578 4779 1683 4833 Per
1711 4777 1927 4842 oleum,
1948 4776 2019 4831 ab
2051 4793 2117 4831 eo
2144 4775 2199 4830 in
2232 4792 2394 4830 caena

720 4868 985 4930 Domini
1033 4872 1460 4936 consecratum,
1495 4867 1673 4923 variis
1724 4865 2108 4937 languoribus
2159 4864 2394 4932 detenti,

720 4956 1009 5035 pristinae
1032 4955 1287 5013 restituti
1312 4959 1450 5011 sunt
1471 4954 1736 5011 sanitati:
1759 4970 1861 5009 nec
1883 4971 1997 5008 non
2020 4957 2076 5008 et
2096 4952 2397 5008 oculorum

721 5044 999 5117 caligine
1054 5044 1441 5110 obtenebrati,
1486 5043 1664 5114 hujus
1715 5042 1898 5097 sancti
1960 5041 2069 5097 olei
2126 5041 2399 5096 unctione

722 5131 1132 5191 merebantur
1164 5129 1504 5185 illuminari.

815 5220 1022 5291 Operaa
1062 5218 1318 5291 pretium
1369 5222 1458 5274 est
1508 5217 1719 5273 inferre
1762 5216 2013 5288 qualiter
2052 5216 2227 5273 etiam
2276 5217 2400 5288 ipse

721 5326 853 5387 per
877 5307 1201 5365 efficaciam
1234 5307 1414 5379 hujus
1444 5307 1626 5362 sancti
1666 5305 1911 5377 liquoris
1942 5311 2289 5361 consecutus
2311 5311 2400 5361 est

722 5395 1002 5475 gratiam
1035 5395 1357 5467 sospitatis.
1380 5395 1640 5461 Quodam
1671 5393 1868 5465 itaque
1899 5398 2158 5466 tempore
2179 5395 2250 5449 ad
2276 5411 2399 5450 mo-

720 5485 1081 5547 nasterium
1112 5484 1576 5556 Campidonense
1605 5483 1861 5549 veniens,
1879 5486 2040 5537 tanta
2064 5482 2401 5538 inﬁrmitate

718 5573 1166 5640 tenebatur,ut
1189 5588 1303 5627 non
1332 5571 1444 5626 nisi
1476 5571 1627 5626 inter
1656 5570 1902 5626 aliorum
1935 5587 2147 5625 manus
2177 5575 2400 5627 susten-

718 5666 933 5728 tatus,
969 5676 1271 5733 quoquam
1302 5663 1501 5733 posset
1544 5674 1812 5731 gressum
1859 5675 2107 5725 movere,
2140 5657 2227 5714 vel
2261 5659 2400 5731 quid

721 5748 869 5817 cibi
920 5764 1027 5824 pro
1079 5748 1430 5807 recreatione
1487 5745 1698 5805 virium
1753 5744 2065 5821 percipere.
2100 5748 2263 5804 Tunc
2293 5749 2402 5805 sub

2503 4780 2624 4843 Quo
2669 4793 2900 4848 egresso
2935 4776 3097 4832 navis
3125 4775 3185 4832 in
3227 4777 3529 4848 posteriori
3558 4781 3720 4849 parte
3751 4776 4050 4850 mergitur,
4082 4779 4140 4832 et

2507 4865 2722 4920 mirum
2756 4866 2809 4919 in
2837 4867 3073 4921 modum
3108 4866 3289 4933 navis,
3313 4882 3439 4937 quae
3457 4865 3627 4937 plena
3648 4869 3773 4921 erat
3799 4863 4140 4922 hominibus

2508 4954 2845 5025 caeterisque
2893 4952 3351 5025 supellectilibus
3385 4970 3562 5027 super
3607 4970 3792 5026 aquas
3822 4956 4139 5020 nataverat,

2505 5041 2626 5097 viro
2658 5042 2755 5097 Dei
2805 5059 2939 5097 cum
2988 5043 3113 5097 suis
3161 5041 3510 5114 egrediente,
3542 5060 3659 5098 non
3702 5042 3893 5115 potuit
3919 5042 4144 5098 diutius

2509 5131 2650 5201 quin
2683 5136 3043 5202 mergeretur
3087 5132 3405 5187 subsistere
3437 5147 3450 5186 :
3480 5136 3544 5186 ut
3591 5132 3728 5187 inde
3774 5130 4147 5204 colligeretur

2508 5218 2647 5291 quia
2688 5218 2839 5272 hanc
2887 5218 3257 5289 omnipotens
3305 5225 3457 5275 Deus
3504 5237 3609 5276 sua
3656 5236 3835 5275 manu
3878 5223 4148 5275 tenuerat

2506 5306 2738 5378 quando
2768 5306 2854 5359 vir
2882 5306 2980 5360 Dei
3011 5322 3145 5360 cum
3176 5307 3300 5362 suis
3336 5307 3395 5362 in
3440 5325 3507 5363 ea
3536 5308 3829 5363 manebat.
3863 5312 4004 5363 Item
4034 5306 4148 5363 alia

2505 5396 2626 5450 vice
2656 5393 2742 5449 vir
2776 5393 2873 5448 Dei
2921 5394 3164 5448 Romam
3214 5412 3452 5468 pergere
3498 5396 3840 5452 desiderans
3888 5396 4043 5452 venit
4071 5394 4143 5449 ad

2509 5482 2750 5539 ﬂuvium
2773 5483 2885 5536 Tar
2907 5481 3291 5549 nominatum,
3319 5501 3492 5555 quem
3511 5490 3633 5540 tam
3654 5483 4146 5557 periculosarepe—

2510 5572 2584 5627 rit
2617 5570 2996 5625 inundatione
3027 5570 3300 5638 effusum,
3334 5576 3399 5626 ut
3447 5589 3553 5628 nec
3603 5588 3750 5644 equo
3781 5588 3884 5625 nec
3916 5566 4142 5638 navigio

2509 5659 2720 5731 aliquis
2759 5663 2956 5730 posset
2982 5659 3229 5714 transire
3269 5658 3576 5716 illum.Sed
3596 5663 3831 5716 sanctus
3889 5653 4143 5728 pontifex

2511 5746 2785 5806 fiduciam
2844 5746 3067 5804 habens
3114 5746 3173 5803 in
3226 5748 3358 5817 Deo,
3402 5747 3703 5807 celebratis
3731 5745 3790 5800 in
3819 5742 4004 5814 ipsius
4031 5739 4138 5796 ﬂu-
