4868 6480
673 0 3432 109 ’Μ

1323 495 1482 589 ιιθεὶ
2405 520 2794 584 ΒΕῆΝοΝιε
2837 522 3164 588 ABBATIS
3209 525 3647 589 AUGIENSIS.
4569 525 4736 589 meo

1321 660 1500 718 minis
1557 657 1688 732 ripa
1742 647 2060 714 missarum
2119 652 2437 721 solemniis,
2483 653 2822 725 praedictum
2860 655 2964 710 ilu-
2992 657 3045 724 Α
3075 661 3311 729 tamque
3339 656 3619 713 familiam
3653 659 3852 716 statim
3887 662 4255 716 sacramento
4297 659 4410 715 sibi
4443 658 4738 732 subjicie-

1320 749 1482 807 vium
1506 745 1907 804 transvadavit
1930 760 2063 800 cum
2097 741 2495 798 incolumitate
2527 741 2789 798 omnium
2825 761 2964 799 suo-

1325 855 1483 894 rum.

1399 931 1532 982 CAP.
1579 923 1721 982 XIX.
1755 954 1822 964 ——
1851 922 1913 979 In
1945 921 2060 976 illis
2093 919 2296 976 diebus
2327 919 2543 974 electus
2583 919 2680 975 Dei
2716 920 2970 992 pontifex

1330 1034 1508 1076 sacrae
1540 1012 1838 1088 religionis
1860 1011 2052 1068 studio
2075 1008 2370 1074 incitatus,
2395 1006 2576 1062 divini
2599 1007 2815 1064 amoris
2839 1009 2970 1080 igne

1331 1121 1670 1172 succensus,
1695 1100 1867 1174 coepit
1893 1099 1950 1155 in
1983 1098 2223 1156 ecclesia
2253 1096 2438 1152 sancti
2471 1095 2748 1168 Stephani
2775 1102 2969 1168 proto-

1330 1193 1609 1267 martyris
1649 1190 1886 1261 Christi,
1930 1205 2058 1260 quae
2089 1193 2250 1243 extra
2281 1186 2444 1240 urbis
2475 1185 2687 1241 muenia
2718 1186 2826 1241 sita
2859 1190 2967 1253 est,

1329 1283 1631 1357 religiosas
1660 1279 1908 1336 feminas
1937 1291 2325 1349 congregare:
2360 1280 2650 1346 quatenus
2683 1274 2737 1328 in
2770 1279 2969 1330 sancto

1326 1371 1619 1447 pr0posito
1675 1371 1838 1425 tanto
1909 1365 2154 1422 liberius
2224 1364 2441 1419 ibidem
2499 1368 2614 1418 Deo
2667 1363 2967 1429 servirent,

1328 1457 1788 1536 quantolongius
1801 1473 1835 1512 a
1848 1455 2157 1516 mundanae
2181 1453 2428 1508 actionis
2451 1451 2646 1507 labore
2664 1452 2967 1507 distarent.

1323 1551 1406 1609 Ad
1435 1550 1590 1623 quod
1623 1545 2046 1604 monasterium
2080 1543 2222 1598 dum
2275 1541 2542 1614 quaedam
2600 1546 2867 1595 matrona
2899 1541 2970 1598 ad

1325 1636 1760 1697 conversionem
1790 1634 2030 1698 veniret,
2061 1637 2119 1688 et
2145 1650 2179 1686 a
2208 1629 2652 1703 congregatione
2701 1634 2973 1701 suscepta

1327 1726 1558 1794 fuisset,
1576 1723 1824 1796 cmpitin
1844 1722 1938 1778 Dei
1971 1720 2207 1777 servitio
2230 1735 2465 1774 manere
2485 1719 2690 1774 devota
2715 1735 2727 1772 :
2752 1722 2808 1773 et
2839 1718 2972 1772 licet

1327 1815 1656 1872 litterarum
1688 1811 1928 1868 scientia
1959 1809 2156 1865 minus
2190 1808 2499 1870 instructa,
2519 1812 2710 1862 tamen
2733 1807 2804 1860 ad
2827 1811 2973 1861 exte-

1331 1904 1484 1962 riora
1513 1901 1871 1976 providenda
1898 1898 2043 1955 satis
2073 1901 2197 1953 erat
2229 1897 2457 1951 idonea.
2484 1895 2642 1950 Unde
2675 1913 2900 1950 sorores
2921 1896 2970 1949 ei

1327 1993 1638 2052 voluerunt
1684 1988 1945 2046 ofﬁcium
1999 1985 2242 2042 cellarius
2286 1984 2716 2050 commendare,
2747 1984 2844 2037 sed
2877 1982 2974 2038 illa

1330 2082 1519 2138 noluit
1547 2077 1894 2136 consentire.
1927 2077 2092 2131 Tunc
2117 2091 2206 2129 res
2237 2074 2307 2128 ad
2335 2075 2670 2144 episcopum
2695 2073 2970 2127 defertur.

1329 2169 1439 2238 Qui
1469 2184 1606 2224 cum
1635 2166 1823 2222 eidem
1846 2165 2080 2236 juberet
2099 2161 2348 2231 obedire,
2366 2161 2684 2226 noluit,sed
2706 2161 2762 2215 in
2785 2161 2972 2240 obsti-

1329 2259 1566 2316 natione
1614 2255 1827 2312 mentis
1882 2252 2234 2326 perduravit.
2284 2250 2560 2322 Sequenti
2617 2267 2752 2304 vero
2812 2254 2974 2303 nocte

1327 2345 1668 2420 hujusmodi
1691 2343 1880 2400 verbis
1902 2341 2214 2414 corripitur
2236 2340 2292 2394 in
2317 2338 2568 2394 somnis:
2586 2337 2970 2410 Quia,inquit,

1326 2454 1440 2494 non
1471 2433 1717 2492 obedisti
1749 2431 2004 2506 episcopi
2036 2428 2360 2502 praeceptis,
2391 2427 2595 2482 tandiu
2629 2427 2970 2482 ambulandi

1325 2543 1437 2582 usu
1459 2522 1705 2592 carebis,
1729 2536 2034 2594 quousque
2057 2519 2128 2574 ab
2146 2517 2246 2573 illo
2268 2516 2486 2571 absolvi
2512 2516 2846 2571 mereberis.
2872 2516 2974 2569 Ex-

1327 2613 1676 2688 pergefacta,
1707 2610 1946 2668 omnino
1979 2607 2304 2681 permansit
2335 2605 2546 2660 debilis
2577 2609 2634 2660 et
2664 2604 2975 2659 claudazet

1327 2706 1648 2760 revertente
1673 2700 1745 2755 ad
1774 2697 2065 2754 civitatem
2098 2695 2389 2768 episcopo,
2409 2698 2542 2749 ante
2573 2693 2698 2764 ejus
2723 2710 2974 2766 przesen-

1328 2793 1475 2850 tiam
1496 2791 1558 2846 in
1573 2787 1786 2846 lectulo
1816 2791 1908 2843 est
1935 2786 2239 2858 deportata
2261 2800 2274 2839 ε
2299 2800 2332 2838 a
2353 2800 2468 2855 quo
2485 2783 2556 2838 de
2581 2781 2974 2838 inobedientia

1330 2879 1548 2954 pariter
1598 2881 1865 2950 correpta
1905 2879 1994 2930 est
2039 2878 2097 2929 et
2147 2877 2368 2928 sanata.
2404 2872 2536 2944 Ipsa
2564 2877 2780 2937 autem,
2818 2876 2879 2925 ut
2911 2887 2972 2926 se

1329 2967 1517 3028 sensit
1563 2969 1851 3034 sanatam,
1885 2963 2170 3020 currendo
2220 2967 2534 3034 antequam
2566 2960 2636 3014 ad
2667 2959 2972 3014 ecclesiam

1329 3057 1642 3130 episcopus
1665 3053 1904 3121 veniret,
1937 3050 2230 3125 praecessit
2257 3067 2390 3106 eum
2434 3048 2681 3104 laudans
2713 3052 2769 3103 et
2799 3048 2972 3103 bene-

1327 3145 1543 3212 dicens,
1561 3145 1768 3202 Deum.
1793 3141 2054 3209 Quodam
2086 3144 2345 3212 tempore
2376 3139 2518 3193 dum
2553 3134 2972 3208 omnipotentis

1327 3235 1430 3292 Dei
1447 3233 1704 3292 famulus
1729 3231 1802 3288 ad
1833 3231 2121 3304 synodum
2155 3229 2584 3302 episcoporum,
2610 3243 2735 3297 quae
2754 3225 2812 3279 in
2835 3222 2975 3279 villa

1328 3323 1505 3396 regis,
1535 3319 1932 3396 Ingelenheim
1959 3319 2134 3386 dicta,
2165 3321 2288 3374 erat
2315 3315 2744 3388 congreganda,
2772 3327 2971 3386 perge-

3077 746 3193 812 bat,
3223 763 3286 801 ac
3317 747 3536 818 virgam
3572 747 3922 820 pastoralem
3957 747 4190 822 publice
4220 765 4400 804 manu
4433 748 4740 822 gestabat.

3077 835 3237 900 Quod
3271 836 3457 890 caeteri
3507 836 3784 909 episcopi,
3817 837 4057 910 indigne
4114 837 4386 905 ferentes,
4417 837 4630 893 ambos
4662 837 4742 893 ad

3077 924 3363 995 synodum
3397 930 3767 993 vocaverunt,
3800 929 3974 998 atque
4023 926 4367 998 praedictum
4409 925 4745 983 Adalbero-

3079 1029 3210 1066 nem
3236 1012 3512 1067 haeretica:
3531 1018 3785 1085 arguunt
3806 1014 4280 1087 praesumptionis
4301 1015 4744 1087 quod,domino

3078 1117 3184 1154 suo
3216 1101 3404 1155 adhuc
3435 1103 3769 1172 superstite,
3804 1101 3945 1158 talia
3975 1120 4092 1158 non
4128 1103 4535 1175 pertimuisset
4561 1121 4746 1160 usur-

3079 1189 3318 1260 pare.At
3337 1187 3430 1243 ille
3452 1189 3590 1244 dum
3615 1190 3685 1245 de
3705 1191 3949 1262 objectis
3969 1190 4080 1246 sibi
4112 1189 4460 1248 criminibus
4477 1208 4540 1248 se
4559 1192 4747 1248 vellet

3079 1293 3349 1348 purgare,
3383 1278 3453 1332 ab
3505 1277 3778 1334 omnibus
3825 1280 4124 1335 inventum
4175 1285 4281 1346 est,
4315 1280 4374 1335 id
4406 1279 4579 1336 aliter
4611 1279 4746 1337 ﬁeri

3081 1381 3191 1418 non
3228 1382 3417 1435 posse,
3448 1365 3581 1434 nisi,
3613 1367 3804 1422 allatis
3832 1373 4167 1424 sanctorum
4199 1368 4654 1442 Evangeliorum
4681 1369 4750 1426 in

3081 1453 3270 1507 medio
3303 1453 3488 1520 libris,
3523 1462 3887 1512 sacramento
3932 1458 4194 1513 ﬁrmaret
4239 1474 4300 1513 se
4331 1457 4596 1514 nescisse
4626 1458 4751 1514 hae-

3082 1541 3234 1596 resin
3271 1542 3469 1610 fuisse,
3502 1545 3655 1616 quod
3689 1545 3827 1601 talia
3857 1547 4332 1619 praesumpsisset
4360 1546 4573 1602 facere.
4610 1547 4757 1613 Qui-

3080 1631 3190 1686 bus
3223 1633 3497 1688 omnibus
3546 1651 3669 1705 qua:
3719 1634 3789 1689 ad
3843 1634 3950 1690 hoc
3999 1634 4297 1708 negotium
4355 1635 4748 1708 pertinebant

3081 1719 3342 1791 expletis,
3378 1721 3434 1776 in
3467 1739 3573 1777 sua
3604 1723 3903 1778 redierunt
3931 1723 4106 1779 ambo
4137 1723 4452 1797 episcopus
4483 1728 4542 1779 et
4564 1721 4747 1780 Adal-

3081 1809 3242 1877 bero,
3266 1809 3364 1863 tali
3391 1827 3424 1864 a
3447 1816 3648 1867 sancta
3669 1813 3890 1883 synodo
3912 1810 4308 1869 consolatione
4325 1817 4630 1886 percepta,
4657 1817 4750 1881 ut,

3081 1898 3353 1968 episcopo
3385 1898 3697 1954 decedente
3729 1900 3802 1955 ab
3833 1900 3942 1956 hac
3975 1900 4111 1966 vita,
4135 1899 4336 1956 nullus
4359 1918 4464 1974 pro
4497 1918 4567 1958 eo
4590 1901 4752 1958 alius

3083 1991 3236 2040 esset
3265 1987 3646 2054 ordinandus,
3683 1988 3795 2043 nisi
3848 1988 3972 2061 ipse
4011 1989 4318 2046 Adalbero.
4351 1989 4463 2044 Sed
4499 2007 4624 2046 non
4657 1995 4753 2046 est

3083 2074 3388 2145 sapientia,
3416 2094 3526 2130 non
3552 2081 3639 2131 est
3662 2077 3992 2149 prudentia,
4013 2095 4125 2134 non
4151 2083 4241 2134 est
4262 2077 4584 2134 consilium
4610 2096 4752 2134 con-

3084 2167 3171 2216 tra
3202 2163 3696 2220 Dominum.l\'am
3730 2167 3933 2220 eodem
3967 2183 4120 2222 anno
4148 2167 4282 2240 post
4320 2163 4551 2239 aliquot
4585 2183 4752 2223 men-

3083 2268 3197 2316 ses,
3231 2252 3370 2307 dum
3406 2254 3658 2324 quadam
3693 2254 3786 2310 die
3817 2255 3942 2326 jam
3977 2256 4048 2310 ad
4079 2272 4382 2328 vesperam
4416 2251 4751 2313 inclinante

3083 2340 3394 2412 praedictus
3416 2341 3660 2397 clericus
3683 2343 3753 2397 ad
3781 2359 4044 2398 mensam
4073 2361 4207 2399 cum
4239 2343 4363 2398 viro
4388 2344 4489 2400 Dei
4516 2346 4750 2402 noviter

3083 2433 3238 2482 secta
3262 2446 3404 2484 vena
3427 2431 3722 2499 resideret,
3749 2447 3812 2485 ac
3836 2432 4161 2504 quidquam
4185 2432 4470 2488 molestiae
4507 2439 4755 2506 propter

3083 2517 3420 2573 incisionem
3451 2536 3605 2574 venae
3639 2521 3969 2585 sustineret,
3990 2537 4020 2576 e
4048 2537 4360 2576 consessus
4384 2522 4585 2577 medio
4613 2539 4752 2578 con-

3082 2605 3232 2661 citus
3266 2624 3533 2679 surgens,
3567 2609 3829 2664 cubitum
3885 2608 3969 2664 ire
4015 2609 4288 2681 perrexit,
4322 2610 4658 2683 statimque
4693 2613 4751 2666 in

3081 2692 3208 2765 ipsa
3240 2702 3406 2751 nocte
3453 2698 3754 2768 przrsentis
3802 2695 3918 2752 vita
3948 2697 4266 2753 terminum
4307 2697 4544 2754 clausit.
4576 2699 4748 2764 Quod

3081 2782 3391 2855 episcopus
3422 2801 3554 2838 mox
3587 2801 3687 2856 per
3717 2785 3991 2858 spiritum
4025 2803 4408 2858 cognoscens,
4439 2804 4610 2856 eum,
4645 2789 4749 2862 qui

3081 2871 3150 2924 ad
3185 2873 3654 2927 annuntiandum
3701 2878 3946 2929 mortem
3996 2873 4110 2930 sibi
4153 2875 4495 2942 intraverat,
4531 2893 4754 2949 praeve-

3082 2959 3292 3014 niendo
3324 2961 3468 3016 dixit
3504 2980 3516 3017 :
3548 2963 3697 3031 Scio,
3738 2963 3892 3034 quod
3947 2961 4234 3019 Adalbero
4293 2967 4568 3021 mortuus
4634 2965 4750 3023 est.

3081 3046 3330 3115 Festina,
3365 3054 3420 3104 et
3452 3050 3539 3105 fac
3571 3050 3900 3106 vehiculum
3948 3052 4283 3124 praeparari,
4317 3055 4383 3108 ut
4411 3070 4752 3126 possumus

3081 3135 3246 3192 illum
3291 3138 3617 3210 Augustum
3669 3140 3908 3196 deferre.
3943 3140 4323 3197 Morabantur
4352 3145 4554 3199 autem
4601 3149 4752 3201 tunc

3081 3227 3360 3298 temporis
3391 3226 3448 3282 in
3481 3227 3739 3297 castello,
3774 3230 3927 3302 quod
3969 3228 4202 3302 Dilinga
4243 3229 4480 3286 dicitur.
4510 3231 4754 3307 Corpus

3080 3329 3214 3369 vero
3272 3317 3400 3386 ejus
3455 3318 3720 3372 exanime
3760 3335 3792 3371 a
3821 3321 4020 3374 sancto
4075 3318 4369 3391 pontiﬁce,
4401 3321 4755 3393 Augustam

1326 3389 1435 3480 ret,
1467 3389 1780 3486 quemdam
1824 3424 2162 3483 pauperem,
2195 3404 2430 3461 nomine
2479 3403 2844 3470 Rotbertum,
2875 3402 2972 3457 ob-
3001 3389 3044 3458 C
3082 3401 3391 3474 perlatum,
3424 3404 3484 3460 in
3515 3405 3760 3462 ecclesia
3790 3411 4004 3462 sancta:
4034 3389 4228 3463 Maria:
4275 3412 4365 3464 est
4393 3389 4756 3468 humatum.

1325 3503 1485 3560 vium
1513 3500 1742 3569 habuit,
1773 3499 1875 3572 qui
1923 3496 2142 3553 ventris
2189 3495 2280 3550 sui
2328 3493 2608 3550 interiora
2655 3491 2798 3546 foris
2838 3507 2968 3564 pro-

1329 3591 1517 3663 lapsa,
1547 3589 1610 3645 in
1642 3588 1777 3644 sinu
1807 3585 2076 3659 gestavit.
2108 3585 2288 3648 Quem
2319 3586 2382 3638 ut
2407 3579 2729 3654 conspexit,
2748 3577 2971 3634 miseri-

1329 3678 1531 3734 cordia
1559 3679 1778 3748 motus,
1809 3675 1860 3730 ei
1891 3671 2194 3729 denarium
2227 3670 2351 3726 dari
2387 3670 2589 3741 jussit,
2625 3669 2823 3724 dicens
2857 3685 2868 3722 :
2904 3667 2968 3722 In

1309 3765 1568 3827 nomine
1614 3763 1848 3821 Domini
1895 3761 2109 3834 accipe,
2143 3765 2199 3815 et
2227 3759 2372 3814 vade
2410 3758 2468 3814 in
2501 3773 2661 3830 pace.
2697 3756 2802 3823 Qui
2837 3773 2970 3811 mox

1318 3853 1754 3927 .eleemosynam
1794 3849 2104 3924 accipiens,
2140 3847 2389 3922 perrexit
2435 3864 2500 3903 ac
2559 3845 2850 3902 meliorari
2909 3845 2966 3899 in

1321 3946 1554 4000 tantum
1585 3941 1778 4014 ccepit,
1811 3944 1874 3996 ut
1905 3941 2039 4012 post
2084 3937 2316 4010 aliquod
2374 3934 2654 4008 temporis
2713 3934 2966 4007 spatium

1324 4031 1593 4104 sospitati
1620 4031 1965 4087 redderetur
1991 4027 2062 4084 ad
2092 4027 2406 4100 integrum.
2441 4025 2595 4080 Idem
2629 4024 2803 4080 etiam
2837 4026 2970 4095 post

1325 4125 1572 4181 mortem
1595 4119 1700 4176 viri
1723 4118 1846 4186 Dei,
1863 4116 1996 4174 aliis
2018 4116 2229 4172 iterum
2264 4118 2696 4188 praeoccupatus
2719 4110 2968 4167 inﬁrmi-

1325 4211 1568 4278 tatibus,
1595 4209 1668 4267 ad
1698 4206 2030 4281 sepulcrum
2060 4206 2188 4276 ejus
2217 4207 2476 4272 veniens,
2501 4203 2695 4260 sanari
2732 4200 2965 4270 meruit,

1326 4301 1482 4360 sicut
1495 4299 1674 4356 lector
1702 4297 1828 4355 suis
1854 4295 1998 4352 locis
2026 4293 2256 4368 plenius
2287 4293 2570 4365 scriptum
2599 4289 2857 4347 invenire
2874 4306 2971 4364 po-

1326 4389 1481 4447 terit.

1396 4480 1530 4535 CAP.
1561 4476 1672 4534 XX.
1704 4507 1773 4518 --
1802 4473 1986 4550 Igitur
2016 4473 2255 4529 sanctus
2285 4470 2406 4538 Dei,
2431 4469 2648 4526 ccelesti
2681 4467 2968 4525 desiderio

1323 4566 1578 4634 afﬂatus,
1609 4563 1784 4638 ccepit
1811 4581 1879 4620 ea
1909 4579 2036 4635 quae
2068 4565 2207 4618 sunt
2235 4559 2413 4632 hujus
2447 4558 2650 4614 mundi
2682 4557 2966 4624 fastidire,

1318 4661 1686 4714 terrenarum
1710 4669 1904 4712 rerum
1927 4651 2092 4708 lucra
2113 4649 2331 4707 Christi
2362 4649 2544 4705 amori
2568 4652 2917 4721 postponere
2949 4665 2963 4704 :

3079 3490 3232 3546 Inter
3287 3497 3492 3550 caetera
3549 3494 3961 3551 misericordiae
4016 3495 4191 3566 bona,
4224 3513 4353 3569 qua:
4394 3513 4502 3570 pro
4535 3501 4759 3573 requie

3078 3579 3284 3636 anima:
3317 3582 3407 3636 sui
3440 3584 3665 3655 nepotis
3696 3584 3926 3656 agebat,
3956 3583 4133 3641 etiam
4174 3584 4498 3654 abbatiam,
4532 3585 4758 3646 Utten-

3077 3667 3223 3724 bura
3253 3671 3488 3740 dictam,
3509 3689 3686 3744 quam
3719 3672 3834 3740 ille,
3858 3673 4000 3729 dum
4030 3673 4266 3739 viveret,
4285 3674 4344 3729 in
4377 3675 4756 3734 beneﬁcium

3076 3760 3328 3827 tenebat,
3360 3760 3471 3816 sibi
3501 3761 3828 3833 acquisivit,
3862 3767 3919 3818 et
3948 3763 4152 3820 tandiu
4184 3763 4393 3830 tenuit,
4418 3777 4757 3841 quousque

3078 3845 3266 3918 ipsius
3295 3850 3491 3904 studio
3523 3850 3738 3906 donata
3767 3856 3855 3906 est
3885 3850 4170 3908 libertatis
4203 3851 4532 3925 privilegio.

3147 3939 3279 3992 CAP.
3314 3938 3454 3994 XXI.
3487 3971 3553 3978 —-
3586 3939 3686 3994 Die
3716 3940 3970 4012 quadam
4018 3945 4232 4000 sancto.
4271 3942 4365 3997 Dei
4397 3943 4513 3998 iter
4543 3947 4762 4018 agenti

3077 4025 3250 4081 homo
3283 4027 3521 4099 quidam
3567 4027 3770 4097 astitit,
3805 4025 3904 4100 qui
3965 4029 4214 4084 Conradi
4263 4029 4761 4092 Ccnstantieusis

3076 4115 3330 4188 episcopi
3364 4115 3588 4172 obitum
3632 4117 4027 4174 certissimum
4077 4117 4378 4176 indicavit.
4413 4118 4545 4176 Illis
4576 4140 4760 4188 vero,

3077 4205 3175 4276 qui
3205 4205 3464 4274 aderant,
3495 4207 3868 4278 sperantibus
3926 4208 4080 4280 quod
4141 4208 4339 4264 statim
4391 4225 4502 4282 pro
4537 4215 4758 4287 requie

3075 4292 3238 4350 illius
3261 4293 3434 4350 solita
3461 4295 3868 4367 exsequiarum
3891 4296 4086 4352 ofﬁcia
4112 4295 4284 4354 vellet
4313 4295 4760 4369 celebrare,ille

3077 4399 3180 4456 per
3209 4388 3497 4439 secretum
3531 4384 3826 4454 nuntium,
3859 4385 3972 4442 sibi
4003 4385 4208 4442 adesse
4239 4383 4509 4454 solitum,
4545 4389 4760 4448 sciens

3077 4472 3232 4544 quod
3266 4489 3332 4527 ex
3363 4471 3472 4528 hoc
3503 4477 3655 4528 esset
3686 4490 3910 4545 verum,
3941 4474 4022 4530 ait
4051 4472 4174 4530 eis:
4209 4473 4441 4532 Manete
4495 4477 4760 4536 interim

3076 4559 3724 4632 animasquiores,mane
3755 4561 4124 4635 comperietis
4151 4561 4290 4636 quid
4325 4563 4465 4620 inde
4499 4569 4762 4626 credere

3077 4649 3354 4704 debeatis.
3388 4650 3655 4706 Crastina
3684 4650 3775 4706 die
3812 4650 4070 4706 diluculo
4103 4650 4344 4724 quidam
4375 4651 4759 4713 Constantia

1318 4749 1398 4814 et,
1452 4744 1588 4802 licet
1637 4743 1732 4799 hic
1773 4742 2123 4800 retineretur
2205 4754 2467 4811 corpore,
2524 4737 2583 4792 in
2635 4736 2966 4793 ccelestibus
2992 4748 3043 4824 D
3074 4737 3252 4803 venit,
3288 4737 3386 4810 qui
3421 4737 3676 4810 praedicti
3709 4738 3816 4793 viri
3852 4739 4218 4812 sospitatem_
4246 4741 4658 4800 annuntiavit.
4691 4742 4765 4802 Et

1321 4836 1517 4890 tamen
1549 4831 1998 4890 conversabatur
2030 4831 2224 4886 mente
2257 4845 2270 4883 :
2304 4832 2370 4882 ut
2399 4826 2606 4882 merito
2637 4825 2697 4880 in
2730 4825 2964 4881 illorum

1321 4929 1656 4979 censeretur
1685 4936 1928 4977 numero
1972 4918 2072 4992 qui
2123 4917 2314 4973 dicere
2361 4917 2600 4988 possent
2647 4931 2782 4970 cum
2812 4915 2966 4986 Apo-

1321 5009 1472 5068 stolo
1496 5027 1510 5066 :
1533 5011 1744 5068 Nostra
1773 5007 2133 5066 conversatio
2156 5006 2212 5062 in
2245 5004 2408 5062 caelis
2441 5009 2547 5060 est.
2580 5003 2742 5060 Unde
2777 5003 2964 5058 zelum

1321 5099 1424 5156 Dei
1454 5099 1696 5168 habens,
1723 5099 1858 5155 licet
1895 5113 2012 5153 non
2059 5095 2384 5151 secundum
2431 5093 2760 5161 scientiam,
2791 5091 2967 5164 ccepit

1319 5189 1472 5262 apud
1499 5194 1761 5245 terrenas
1792 5187 2110 5258 potestates
2130 5183 2270 5238 totis
2290 5181 2511 5238 viribus
2533 5197 2724 5256 agere,
2748 5185 2812 5237 ut
2833 5181 2966 5254 qui-

1318 5277 1456 5335 dam
1484 5277 1733 5334 clericus
1761 5273 2046 5329 Adalbero
2098 5271 2350 5337 nomine,
2384 5289 2502 5326 suae
2537 5270 2754 5328 sororis
2785 5269 2963 5344 ﬁlius,

1317 5367 1496 5422 totius
1543 5364 1914 5436 episcopatus
1962 5376 2172 5415 curam
2213 5361 2531 5432 susciperet
2559 5376 2575 5416 :
2608 5359 2734 5432 ipse
2763 5365 2959 5416 autem

1315 5455 1426 5510 sub
1454 5451 1811 5509 monachica:
1841 5448 2143 5522 religionis
2190 5447 2390 5504 habitu
2423 5447 2530 5506 soli
2562 5449 2678 5505 Deo
2710 5453 2956 5518 vacaret,

1314 5542 1473 5616 quod
1492 5545 1551 5597 et
1577 5538 1929 5612 impetravit.
1963 5537 2073 5594 Sed
2107 5537 2201 5594 ille
2253 5538 2622 5594 miserandus
2669 5538 2956 5607 nesciens,

1313 5635 1420 5690 aut
1445 5629 1595 5686 scire
1623 5627 1848 5696 nolens,
1868 5645 1902 5685 a
1923 5626 2356 5701 sapientissimo
2379 5626 2688 5683 Salomone
2703 5627 2956 5683 dictum:

1273 5754 1282 5764 -
1315 5717 1632 5777 Haareditas
1660 5719 1734 5776 ad
1765 5733 1941 5792 quam
1973 5717 2032 5774 in
2063 5716 2354 5792 principio
2398 5715 2728 5784 festinatur,
2759 5716 2819 5772 in
2850 5733 2958 5773 no-

1316 5804 1558 5870 vissimo
1585 5807 1989 5866 benedictione
2017 5805 2241 5865 carebit
2267 5821 2280 5863 :
2315 5803 2530 5860 milites
2560 5803 2837 5879 episcopi,
2870 5809 2958 5861 to-

3074 4826 3492 4899 omnipotentis
3510 4826 3609 4882 Dei
3645 4825 3924 4900 famulus,
3938 4826 4074 4884 licet
4089 4832 4324 4902 tempus
4354 4830 4762 4890 resolutionis

3075 4933 3193 4971 sua:
3214 4916 3339 4987 jam
3370 4915 3588 4971 instare
3617 4932 3732 4970 non
3765 4914 4079 4989 ignoraret,
4111 4920 4309 4972 tamen
4334 4919 4617 4989 quandiu
4647 4940 4762 4996 po-

3073 5003 3208 5070 tuit,
3236 5002 3500 5059 vehiculo
3531 5005 3961 5077 superpositus,
3995 5005 4176 5060 divini
4205 5005 4364 5062 verbi
4413 5009 4666 5067 semina
4695 5012 4762 5067 in

3075 5093 3438 5149 audientium
3498 5093 3674 5149 corda
3729 5110 4002 5167 spargere
4058 5111 4177 5151 non
4235 5095 4512 5152 cessavit.
4557 5101 4761 5167 Quem

3073 5181 3374 5254 equitandi
3399 5198 3596 5250 usum,
3630 5180 3805 5238 etiam
3833 5182 3974 5238 dum
4002 5182 4197 5239 adhuc
4229 5200 4417 5240 sanus
4447 5188 4762 5256 esset,ha-

3073 5271 3266 5339 bebat,
3321 5274 3386 5326 ut
3438 5287 3786 5343 quocunque
3839 5271 3950 5328 sibi
3999 5273 4262 5329 eundum
4316 5272 4564 5344 fuisset,
4599 5277 4760 5335 sella

3069 5377 3246 5432 super
3267 5359 3614 5433 quadrigam
3648 5359 3838 5432 posita
3868 5359 4033 5417 solus
4083 5361 4332 5434 sederet,
4367 5365 4596 5423 comite
4627 5381 4758 5424 uno

3069 5453 3299 5505 tantum
3332 5448 3564 5514 clerico,
3586 5466 3722 5504 cum
3755 5465 3869 5521 quo
3893 5449 4115 5521 absque
4147 5448 4592 5522 impedimento
4608 5452 4764 5511 alio-

3068 5555 3222 5605 rum,
3247 5542 3444 5611 posset
3495 5537 3736 5593 liberius
3782 5554 3986 5594 vacare
4030 5537 4434 5595 decantationi
4480 5543 4761 5614 psalmo—
4866 5539 4868 5542 ’

3068 5643 3220 5682 rum.
3253 5625 3588 5682 Festinabat
3617 5631 3814 5683 autem
3846 5627 4192 5700 quantocius
4219 5628 4508 5701 Augustae
4543 5632 4768 5690 civita-

3067 5715 3143 5772 tis
3174 5716 3388 5772 mmnia
3415 5715 3744 5792 ingredi,ut
3773 5715 3875 5786 ibi,
3895 5715 4050 5773 sicut
4079 5717 4271 5772 bonus
4295 5721 4754 5793 mercenarius,

3069 5804 3499 5880 praedolaretur
3537 5804 3710 5862 ﬁnem
3743 5804 3934 5879 operis
3965 5805 4080 5862 sui.
4104 5806 4226 5874 Quo
4256 5822 4395 5864 cum
4429 5810 4758 5885 pervenis-
