4868 6470
756 534 913 604 1201

2095 547 2276 612 VITA
2323 548 2384 611 S.
2433 543 2826 611 UDALRICI.

3999 536 4156 624 μοι]

761 675 1144 750 set,quandiu
1175 675 1325 737 vires
1347 677 1895 750 sufﬁciebant,inter
1916 681 2250 755 quotidiana
2277 682 2412 742 mis-
2439 683 2495 756 Α
2522 680 2644 738 viro
2677 679 3065 750 sanctissimo,
3089 680 3246 755 quod
3267 680 3364 738 ille
3387 678 3458 738 de
3474 677 3805 738 Paschasio.
3825 677 3970 736 Nam
3991 679 4156 736 Petro

759 785 968 832 sarum
1009 768 1317 842 solemnia,
1341 769 1656 827 salutarem
1697 771 1947 827 hostiam
1978 771 2223 827 Domino
2253 775 2406 828 exte-

759 858 890 914 rius
922 857 1285 928 immolabat,
1320 876 1385 914 ac
1425 859 1684 932 seipsum
1735 859 1979 916 interius
2021 860 2316 916 victimam
2347 861 2406 914 in

760 963 867 1022 ara
897 946 1088 1002 cordis
1120 947 1531 1003 mactabat.Ad
1564 965 1827 1004 mensam
1858 965 1991 1003 eum
2023 949 2153 1004 aliis
2175 950 2402 1014 sedens,

757 1031 881 1091 illis
910 1035 1403 1091 manducantibus
1436 1040 1491 1092 et
1520 1036 2012 1108 bibentibus,ipse
2033 1038 2176 1093 bene
2209 1056 2404 1092 mane-

757 1123 866 1180 bat
887 1125 1151 1195 jejunus.
1184 1125 1322 1180 Erat
1373 1123 1422 1180 ei
1476 1125 1640 1180 cibus
1681 1131 1782 1180 aut
1826 1126 2012 1180 dulcis
2044 1125 2404 1197 psalmorum

759 1212 1044 1279 suavitas,
1070 1216 1169 1268 aut
1202 1230 1499 1268 sacrarum
1534 1213 1846 1269 lectionum
1880 1215 2194 1269 assiduitas
2217 1232 2234 1268 :
2259 1213 2408 1270 inter

757 1318 917 1374 quos
951 1301 1202 1357 maxime
1233 1300 1630 1356 delectabatur
1660 1303 1879 1366 audire,
1908 1307 2209 1380 ex.quarto
2258 1301 2404 1358 libro

755 1389 1142 1462 Dialogorum
1173 1390 1359 1445 sancti
1384 1390 1663 1463 Gregorii,
1684 1390 1932 1463 qualiter
1958 1389 2124 1446 multi
2154 1408 2184 1445 e
2214 1408 2407 1462 corpo-

757 1477 930 1532 ribus
975 1479 1246 1550 exempti,
1279 1475 1338 1532 in
1388 1479 1599 1550 spiritu
1651 1479 2044 1551 rapiebantur,
2073 1496 2137 1533 ac
2195 1479 2404 1533 iterum

756 1566 1220 1622 revertebantur.
1258 1567 1412 1621 Inter
1455 1566 1574 1622 haec
1606 1569 1875 1640 praecepit
1922 1585 2160 1622 suarum
2212 1583 2404 1622 rerum

757 1655 1262 1728 procuratoribus,
1281 1658 1345 1710 ut
1362 1655 1419 1710 in
1438 1655 1710 1710 omnibus
1725 1655 1960 1710 omnino
1979 1655 2214 1721 locis,ad
2232 1673 2405 1710 suum

746 1736 862 1816 jus
893 1742 1122 1816 proprie
1152 1743 1970 1817 pertinentibus,quaacunque
2003 1744 2258 1798 invenire
2279 1761 2405 1816 pos-

753 1825 919 1899 sent,
953 1831 1012 1885 in
1045 1835 1163 1887 tres
1195 1833 1489 1904 portiones
1521 1833 1963 1903 partirentur,et
1993 1849 2171 1887 unam
2201 1850 2268 1888 ex
2291 1833 2404 1898 his,

749 1921 896 1998 ipso
927 1919 1118 1974 adhuc
1147 1920 1391 1986 vivente,
1408 1920 1757 1992 presbyteris
1780 1925 1835 1976 et
1858 1921 2212 1994 pauperibus
2237 1920 2408 1993 largi-

747 2007 990 2064 rentur.
1017 2009 1145 2080 Ipse
1175 2012 1369 2062 autem
1402 2009 1654 2080 quadam
1686 2008 1776 2063 die
1824 2026 1885 2064 se
1935 2010 2006 2063 ad
2057 2010 2406 2065 audiendam

760 2096 1014 2152 missam
1065 2096 1125 2150 in
1176 2094 1477 2151 ecclesiam
1529 2097 1737 2152 deferri
1777 2097 1975 2168 jussit.
2013 2100 2141 2162 Qua
2191 2097 2407 2166 audita,

756 2202 954 2241 unum
981 2188 1170 2257 tapete
1198 2201 1391 2239 coram
1424 2188 1626 2240 sancta
1655 2201 1824 2240 cruce
1853 2186 2030 2240 sterni
2070 2185 2222 2251 fecit,
2255 2202 2411 2242 sese-

759 2289 882 2346 que
937 2289 1116 2346 super
1161 2273 1268 2328 hoc
1315 2273 1375 2327 in
1419 2273 1738 2328 orationem
1769 2273 1948 2343 dedit,
1983 2279 2039 2328 et
2081 2273 2247 2344 quasi
2282 2277 2412 2345 post

756 2361 1069 2418 dimidiam
1127 2361 1332 2417 horam
1387 2377 1655 2434 surgens,
1694 2362 1979 2434 quidquid
2036 2361 2411 2434 supellectilis

745 2450 980 2510 habere
1014 2450 1434 2522 potuit,coram
1464 2466 1526 2505 se
1558 2449 1864 2522 importari
1897 2451 2185 2522 praecepit,
2207 2455 2412 2522 praeter

757 2543 1106 2614 paraturam
1154 2539 1331 2594 unius
1373 2539 1584 2594 domus
1615 2555 1681 2594 ac
1730 2555 2091 2610 mensarum,
2123 2543 2178 2594 et
2226 2556 2410 2594 unum

757 2627 1146 2702 opertorium,
1181 2645 1306 2699 qua:
1341 2627 1578 2698 reliquit
1607 2628 1677 2682 ad
1712 2627 1801 2682 sui
1835 2628 2191 2683 successoris
2235 2627 2412 2682 servi-

745 2716 1172 2773 ‘tium.Cetei‘a
1199 2732 1331 2770 cum
1354 2714 1759 2789 perspexisset,
1784 2715 2218 2787 ingemiscendo
2231 2715 2374 2770 dixit
2399 2734 2410 2770 :

757 2804 886 2861 Ab!
921 2803 1063 2874 quid
1094 2803 1237 2858 mihi
1271 2803 1392 2858 haec
1424 2802 1657 2858 omnia?
1690 2804 1942 2858 Fuerunt
1971 2807 2197 2858 tantum
2231 2821 2414 2876 pauca

758 2890 1093 2960 camisalia,
1128 2896 1184 2946 et
1215 2895 1437 2963 septem
1462 2891 1547 2946 vel
1581 2895 1707 2946 octo
1740 2891 2038 2959 mensalis,
2072 2893 2186 2947 duo
2236 2891 2412 2947 sarci-

757 2981 868 3052 lia,
897 2985 955 3035 et
1001 2980 1074 3035 de
1126 2984 1365 3051 argento
1411 2981 1611 3035 decem
1645 2980 1815 3035 solidi
1851 2999 1862 3034 :
1899 2998 2046 3053 quos
2077 2982 2276 3036 statim
2317 2998 2416 3052 per

758 3086 985 3125 manus
1009 3067 1302 3140 prmpositi
1333 3068 1605 3140 praecepit
1626 3069 1775 3124 inter
1801 3086 2083 3140 pauperes
2108 3069 2414 3136 dividi,ca:-

737 3162 892 3213 tera
918 3173 1051 3212 vero
1081 3155 1308 3212 clericis
1337 3156 1582 3228 erogari,
1610 3157 1809 3228 sicque
1838 3157 2146 3229 vigilanter
2192 3157 2417 3212 studuit

757 3263 830 3304 se
864 3245 935 3301 ad
968 3244 1076 3301 hoc
1109 3262 1451 3319 praeparare,
1473 3249 1538 3300 ut
1567 3245 1822 3317 pulsanti
1867 3246 2171 3301 confestim
2221 3250 2418 3318 posset

763 3333 1023 3408 aperire.

2518 786 2692 843 super
2723 771 2830 827 hoc
2863 771 3246 844 quaestionem
3280 771 3556 838 moventi,
3589 786 3692 824 cur
3734 769 3803 835 is,
3837 767 3937 841 qui
3985 769 4155 823 tanta;

2515 859 2841 915 sanctitatis
2879 861 3372 932 exstiterat,quod
3404 859 3532 930 ejus
3565 857 3757 915 feretri
3797 857 3975 912 vestis
4012 855 4159 920 tanti

2515 949 2721 1020 potuit,
2755 953 2812 1003 et
2841 948 3135 1021 malignus
3167 947 3409 1021 spiritus
3440 949 3512 1003 ab
3545 949 3782 1006 obsesso
3814 945 4051 1001 homine
4074 947 4160 1000 fu-

2499 1037 2658 1109 gari,
2692 1040 2823 1108 post
2853 1043 3100 1092 mortem
3132 1037 3203 1092 ad
3237 1036 3526 1110 poenalem
3556 1036 3751 1091 locum
3803 1035 4015 1090 ductus
4059 1033 4155 1100 sit,

2516 1125 2593 1179 ita
2623 1126 2920 1197 respondit
2945 1142 2956 1178 :
2985 1127 3098 1181 Hac
3132 1126 3189 1180 in
3224 1143 3282 1180 re
3311 1143 3521 1194 magna
3552 1126 3723 1180 debet
3743 1122 4157 1194 omnipotentis

2514 1211 2613 1267 Dei
2646 1213 3024 1284 dispensatio,
3050 1218 3106 1268 et
3134 1231 3310 1285 quam
3343 1213 3419 1268 sit
3448 1212 3771 1285 multiplex,
3789 1211 4155 1283 agnosci,cu-

2505 1301 2843 1372 jusjudicio
2866 1307 3058 1357 actum
3091 1307 3268 1368 est,ut
3297 1302 3450 1357 idem
3475 1303 3561 1356 vir
3581 1301 3929 1357 Paschasius
3950 1304 4006 1355 et
4030 1299 4153 1371 ipse

2512 1387 2672 1443 intus
2703 1389 2998 1462 aliquanto
3019 1396 3277 1462 tempore
3299 1389 3754 1462 reciperet,quod
3778 1391 4155 1472 peccasset,e.t

2512 1480 2707 1532 tamen
2739 1484 2872 1534 ante
2901 1479 3188 1535 humanos
3213 1480 3411 1535 oculos
3443 1479 3590 1534 mira
3620 1495 3721 1550 per
3741 1493 3951 1550 corpus
3976 1464 4151 1533 Snum"

2514 1570 2644 1637 post
2676 1570 2920 1622 mortem
2949 1568 3284 1640 faceret,qui
3315 1572 3446 1624 ante
3492 1571 3740 1623 mortem
3786 1566 3870 1621 eis
3918 1581 4150 1638 quoque

2516 1655 2999 1726 cognoscentibus
3052 1657 3146 1728 pia
3195 1675 3370 1728 opera
3401 1655 3633 1712 fecisset
3660 1673 3671 1710 :
3705 1657 3769 1708 ut
3800 1671 3904 1710 nec
3933 1654 4014 1720 hi,
4043 1652 4149 1730 qui

2515 1743 2642 1813 ejus
2673 1744 2827 1798 bona
2849 1745 3136 1810 viderant,
3170 1746 3239 1800 de
3265 1745 3766 1817 eleemosynarum
3797 1742 3956 1798 illius
4007 1742 4155 1798 aesti-

2516 1831 2770 1886 matione
2789 1831 3337 1905 fallerentur,neque
3359 1832 3469 1904 ipsi
3491 1832 3616 1888 sine
3631 1831 3849 1908 ultione
3867 1821 4159 1886 laxaretur

2516 1917 2707 1990 culpa,
2735 1936 2908 1990 quam
2944 1937 3047 1976 nec
3090 1920 3214 1992 ipse
3261 1921 3493 1993 culpam
3545 1919 3808 1989 credidit,
3843 1922 3900 1975 et
3941 1918 4156 1974 idcirco

2515 2006 2668 2062 hanc
2698 2008 2929 2064 fletibus
2958 2025 3070 2063 non
3101 2009 3393 2066 exstinxit.
3425 2009 3516 2064 Sic
3566 2009 3864 2080 quondam
3913 2007 4030 2062 dux
4059 2006 4156 2061 ille

2517 2111 2768 2167 magnus
2800 2096 3128 2152 Isracliticze
3161 2097 3347 2170 plebis
3380 2098 3625 2170 Moyses,
3654 2113 3786 2152 cum
3835 2113 3972 2168 quo,
4005 2094 4159 2150 sicut

2515 2184 2817 2256 Scriptura
2829 2186 3374 2258 refcrt,loquebatur
3391 2185 3827 2262 Dominusfacie
3839 2185 3908 2241 ad
3927 2183 4153 2239 faciem.

2517 2273 2668 2327 sicut
2698 2271 2955 2344 loquitur
2974 2274 3148 2330 homo
3171 2276 3242 2330 ad
3265 2275 3520 2330 amicum
3553 2276 3812 2341 suum,et
3836 2275 4026 2329 Aaron
4048 2272 4158 2327 fra-

2516 2365 2604 2415 ter
2628 2363 2755 2431 ejus
2787 2363 3078 2429 sacerdos,
3108 2367 3344 2435 propter
3371 2362 3604 2436 culpam
3644 2360 4090 2426 incredulitatis,
4121 2377 4156 2414 a

2517 2449 2761 2504 Domino
2810 2449 3010 2505 audire
3067 2454 3440 2506 meruerunt:
3474 2448 3620 2514 Quia
3668 2465 3782 2504 non
3824 2446 4153 2502 credidistis

2520 2537 2684 2603 mihi,
2714 2541 2779 2592 ut
2809 2538 3247 2593 sanctificaretis
3277 2555 3368 2593 me
3401 2555 3595 2593 coram
3627 2536 3764 2592 filiis
3807 2533 4006 2600 Israel,
4036 2551 4152 2590 non

2517 2625 2900 2681 introducetis
2921 2626 3028 2682 hos
3059 2626 3303 2698 populos
3334 2627 3391 2681 in
3425 2630 3636 2682 terram
3659 2642 3834 2698 quam
3857 2623 4008 2680 daho
4029 2622 4112 2679 eis
4139 2640 4151 2678 :

2521 2719 2585 2769 ut
2605 2713 2954 2770 infirmiores
2978 2716 3214 2786 quidam
3239 2717 3599 2787 perpendant
3622 2732 3738 2786 qua
3759 2729 3927 2784 paena
3947 2713 4007 2766 in
4031 2710 4160 2766 ulti—

2523 2820 2616 2858 mo
2649 2804 2914 2859 examine
2945 2804 3247 2860 districtus
3277 2804 3464 2860 Judex
3481 2803 3728 2872 graviter
3755 2801 4161 2874 delinquentes

2521 2890 2848 2962 feriat,cum
2875 2892 3047 2948 etiam
3072 2893 3157 2947 sic
3177 2910 3274 2948 eos
3305 2893 3726 2965 corrigat,quos
3757 2891 3816 2946 in
3848 2889 4164 2945 electorum

2522 2996 2834 3036 numerum
2886 2985 3018 3036 ante
3065 2981 3278 3036 saecula
3337 2979 3780 3054 praedestinavit.
3815 2979 3925 3055 sed
3972 2977 4043 3033 de
4071 2976 4164 3032 his

2521 3069 2838 3136 hactenus;
2873 3087 3028 3124 nunc
3058 3071 3127 3124 ad
3161 3069 3502 3125 intermissa
3531 3069 3858 3142 redeamus.

2593 3161 2722 3211 CAP.
2756 3157 2948 3212 XXIII.
2969 3189 3036 3197 —
3057 3158 3269 3212 Aderat
3307 3173 3561 3228 namque
3599 3157 3703 3211 toti
3732 3156 3857 3212 orbi
3886 3169 4163 3210 veneran-

2523 3245 2635 3299 dus
2665 3244 3086 3309 dies,videlicet
3117 3243 3490 3316 praecursoria
3521 3244 3735 3300 Christi
3765 3242 4086 3320 natalitius,
4110 3245 4167 3296 et

2521 3333 2610 3386 vir
2631 3333 2752 3398 Dei,
2776 3333 2934 3404 gravi
2958 3332 3315 3387 infirmitatis
3333 3349 3648 3404 oppressus
3668 3319 3969 3403 languore,
3993 3319 4162 3402 quasi

838 3420 1777 3487 CAP.XXll.—Taliameditando,
1794 3421 2102 3492 aliquoties
2123 3422 2192 3476 ad
2217 3438 2414 3492 super-
2443 3408 2486 3473 C
2525 3421 2596 3476 de
2621 3438 2824 3475 somno
2850 3420 3150 3493 evigilans,
3176 3421 3348 3492 coepit
3380 3419 3708 3476 astantibus
3758 3419 3947 3474 dicere
3983 3417 4162 3491 vesti-

757 3526 849 3567 na
881 3509 1220 3582 rapiebatur
1239 3509 1298 3564 in
1323 3510 1554 3581 spiritu,
1570 3526 1634 3565 ac
1652 3511 1916 3582 quaedam
1934 3510 2081 3564 vidit
2101 3515 2156 3565 et
2177 3509 2414 3578 audivit,

741 3616 904 3672 quae
937 3599 1114 3654 etiam
1136 3615 1205 3654 ex
1227 3603 1390 3670 parte
1416 3598 1528 3653 sibi
1549 3599 1959 3654 assistentibus
1982 3599 2254 3653 narravit.
2272 3599 2416 3653 Nam

729 3705 740 3708 ··
761 3687 1100 3742 \Vernhero
1120 3685 1497 3742 Fuldensium
1521 3686 1717 3741 abbati
1749 3703 1810 3742 se
1830 3686 2086 3742 visitanti
2113 3686 2420 3741 annuntia-

751 3775 947 3841 vit,ut
978 3775 1025 3829 si
1053 3775 1168 3829 duo
1201 3775 1260 3828 in
1293 3774 1567 3829 electione
1588 3775 1718 3844 ejus
1738 3775 1956 3829 caeteris
1979 3775 2415 3841 concordarent,

752 3863 883 3922 sibi
915 3862 974 3916 in
1005 3862 1347 3934 episcOpatu
1377 3879 1760 3918 successurus
1786 3867 1962 3918 esset.
1990 3864 2130 3918 Item
2164 3863 2277 3918 alia
2298 3863 2418 3917 vice

739 3950 939 4024 quasi
971 3951 1044 4007 de
1073 3951 1231 4022 gravi
1281 3967 1488 4006 somno
1527 3951 1833 4019 excitatus,
1869 3951 1948 4006 ait
1990 3968 2183 4007 coram
2220 3951 2418 4006 .omni-

750 4042 882 4096 bus
915 4055 927 4093 :
958 4037 1108 4092 Heu!
1145 4037 1292 4093 heu!
1327 4039 1481 4108 quod
1511 4037 1677 4094 illum
1702 4038 2123 4094 Adalberonem
2149 4043 2418 4111 nepotem

752 4143 975 4202 meum
1002 4143 1265 4198 unquam
1291 4125 1407 4180 vidi
1443 4143 1455 4180 :
1491 4127 1630 4198 quia
1659 4144 1761 4198 pro
1792 4143 1880 4193 eo,
1903 4128 2056 4198 quod
2088 4127 2138 4183 ei
2176 4144 2416 4183 consen-

751 4215 987 4276 tiebam
1021 4215 1347 4270 secundum
1380 4231 1554 4269 suum
1587 4215 2180 4282 desiderium,nolunt
2197 4231 2287 4270 me
2318 4216 2423 4269 im-

755 4302 1047 4378 punitum
1099 4301 1157 4356 in
1208 4318 1383 4357 suum
1435 4303 1690 4373 recipere
1735 4302 2114 4358 consortium.
2148 4303 2418 4374 Legimus

755 4390 910 4448 huic
941 4389 1364 4455 simile,sancto
1386 4390 1659 4462 Gregorio
1690 4390 1748 4445 in
1773 4389 1919 4446 libro
1944 4391 2314 4464 Dialogorum
2339 4408 2422 4447 re-

747 4481 1016 4545 ferente,
1051 4479 1206 4550 quod
1241 4478 1479 4549 quidam
1505 4479 1872 4548 Paschasius,
1907 4478 2234 4551 apostolica:
2266 4480 2422 4536 sedis

756 4567 934 4626 mirae
966 4566 1300 4622 sanctitatis
1332 4567 1633 4636 diaconus,
1658 4567 1826 4638 cujus
1857 4572 1988 4638 post
2019 4571 2264 4623 mortem
2298 4568 2419 4623 dal—

754 4655 986 4714 matica
1009 4655 1218 4711 feretro
1239 4656 1366 4726 ejus
1388 4656 1776 4727 superposita,
1791 4656 2211 4711 daamoniacum
2233 4657 2424 4728 tetigit

2524 3510 2636 3564 bus
2669 3525 2760 3563 me
2790 3509 3033 3575 induite,
3069 3514 3125 3564 et
3155 3509 3546 3564 calceamenta
3573 3508 3820 3581 pedibus
3849 3505 3996 3562 meis
4025 3521 4166 3578 prea-

2525 3598 2671 3654 bete.
2705 3598 2809 3660 Qui
2842 3597 2976 3652 licet
3003 3597 3170 3652 illum
3203 3615 3304 3669 per
3329 3613 3630 3653 excessum
3663 3596 3877 3652 mentis
3898 3597 4169 3668 putarent

2527 3686 2668 3741 talia
2701 3687 3230 3758 praecipere,tamen
3266 3687 3618 3742 studuerunt
3646 3683 3896 3740 obedire.
3925 3687 4170 3754 Insuper

2526 3775 2700 3830 etiam
2736 3774 3168 3847 pontificalibus
3189 3775 3428 3829 indutus
3445 3773 3964 3839 ornamentis,cum
3987 3769 4169 3834 omni,

2529 3866 2593 3917 ut
2624 3879 2749 3918 mos
2770 3867 2878 3931 est,
2913 3862 3254 3917 clericorum
3289 3863 3479 3917 ofﬁcio
3504 3866 3704 3918 contra
3723 3877 3888 3934 spem
3910 3859 4172 3915 omnium

2529 3951 2812 4022 processit
2863 3951 2921 4004 in
2975 3951 3296 4022 publicum,
3330 3955 3387 4005 et
3434 3951 3518 4006 sic
3576 3952 3646 4006 ad
3695 3950 3997 4020 ecclesiam
4021 3946 4174 4003 beati

2524 4039 2771 4094 Joannis
2802 4039 3091 4109 Baptistae,
3127 4055 3302 4109 quam
3362 4038 3484 4109 ipse
3530 4037 3871 4108 construxit,
3911 4035 4171 4112 veniens,

2527 4127 2733 4192 tandiu
2769 4126 2893 4181 sine
2923 4126 3250 4197 aliquorum
3283 4125 3708 4196 sustentatione
3738 4123 4046 4178 hominum
4077 4122 4172 4175 in-

2527 4215 2714 4269 victus
2746 4213 3015 4286 perstitit,
3032 4215 3212 4268 donec
3245 4213 3355 4276 bis,
3372 4213 3520 4268 sicut
3539 4229 3607 4267 ea
3627 4212 3722 4267 die
3741 4213 4026 4266 statutum
4051 4211 4166 4275 'est,

2529 4319 2697 4358 sacra
2740 4302 3056 4357 missarum
3111 4299 3396 4355 solemnia
3447 4299 3771 4355 celebravit.
3809 4298 4030 4364 Quibus
4059 4297 4169 4352 rite

2528 4389 2769 4462 expletis
2798 4389 3078 4454 consedit,
3111 4393 3285 4461 atque
3318 4405 3514 4445 coram
3563 4387 3894 4443 astantibus
3941 4384 4168 4464 clericis

2527 4478 2674 4534 dixit
2706 4495 2719 4533 :
2755 4478 2940 4546 Hujus
2969 4476 3418 4532 celebrationem
3451 4476 3626 4532 ofﬁcii
3659 4493 3772 4530 non
3803 4491 4068 4531 mearum
4088 4473 4167 4528 vi-

2528 4566 2681 4621 rium
2734 4565 3137 4637 possibilitate,
3200 4565 3299 4619 sed
3340 4581 3407 4619 ex
3460 4563 3761 4619 divinitate
3816 4560 4164 4635 praesumpsi

2529 4653 2742 4710 Christi
2773 4657 2944 4725 atque
2968 4652 3253 4723 jussione.
3287 4653 3431 4707 Nam
3454 4652 3626 4708 hodie
3656 4668 3787 4706 cum
3811 4651 3965 4707 dulci
4003 4649 4166 4730 quie-

751 4746 823 4801 et
844 4745 1090 4797 sanatus
1123 4745 1212 4796 est
1248 4759 1259 4796 :
1291 4739 1419 4797 loco
1441 4741 1634 4814 penali
1666 4743 1978 4814 deputatus
2025 4747 2114 4798 est
2162 4744 2232 4798 ob
2275 4743 2421 4798 nihil
2452 4737 2749 4831 Discerem
2782 4736 3006 4810 somno,
3041 4742 3349 4798 astiterunt
3378 4757 3573 4796 coram
3607 4733 3817 4796 lectqu
3843 4733 3975 4795 meo
3999 4731 4165 4831 juve-

750 4829 928 4890 aliud
963 4829 1077 4884 nisi
1110 4830 1263 4901 quod
1295 4829 1352 4883 in
1403 4830 1502 4886 illa
1541 4830 1892 4899 conditione,
1921 4848 2048 4902 quae
2079 4831 2230 4888 inter
2256 4835 2419 4906 Sym-

752 4917 1050 4978 machum
1086 4934 1298 4989 papam
1324 4922 1382 4972 et
1404 4919 1780 4974 Laurentium
1804 4919 1954 4974 facta
1971 4920 2158 4985 est,ad
2191 4920 2420 4990 pontiﬁ-

753 5009 940 5065 catus
971 5005 1236 5082 ordinem
1279 5006 1657 5080 Laurentium
1689 5006 1880 5079 elegit,
1905 5011 1962 5062 et
1993 5007 2257 5062 omnium
2290 5011 2421 5080 post

755 5093 1161 5152 unanimitate
1175 5094 1570 5166 superatus,in
1590 5099 1903 5150 suatamen
1923 5096 2211 5151 sententia
2237 5113 2424 5167 usque

748 5186 942 5258 juxta
966 5181 1120 5236 diem
1151 5181 1241 5235 sui
1265 5181 1453 5237 exitus
1479 5183 1754 5255 perstitit,
1777 5182 1945 5248 illum
1976 5185 2231 5249 amando
2247 5189 2423 5254 atque

759 5269 1155 5346 praeferendo,
1188 5285 1362 5340 quem
1380 5269 1784 5343 episc0porum
1796 5271 2022 5342 judicio
2054 5289 2299 5344 praesse
2313 5271 2424 5327 sibi

761 5357 1026 5418 ecclesia
1045 5357 1334 5413 refutavit.
1367 5359 1490 5422 Qua
1519 5359 1577 5414 in
1619 5377 1698 5427 re,
1733 5359 1867 5432 quia
1889 5359 2101 5414 similis
2132 5377 2276 5431 pene
2307 5361 2430 5415 fue-

759 5450 870 5505 rat
929 5445 1238 5500 amborum
1289 5446 1463 5518 culpa
1493 5448 1653 5519 (nam
1706 5448 1856 5502 sicut
1897 5447 1992 5503 ille
2024 5448 2426 5515 Laurentium,

758 5535 952 5594 etiam
986 5534 1337 5605 Symmacho
1368 5536 1631 5591 ordinato
1657 5553 1668 5590 :
1692 5535 1774 5591 ita
1805 5541 1860 5590 et
1891 5536 2018 5600 iste,
2052 5554 2114 5592 se
2146 5537 2338 5593 adhuc
2360 5538 2426 5592 in

757 5638 947 5682 carne
977 5625 1272 5688 manente,
1306 5621 1438 5679 licet
1464 5623 1714 5695 simplici
1748 5624 1914 5679 oculo
1949 5625 2144 5680 minus
2197 5629 2424 5681 rectum

760 5708 1271 5779 intuendo,voluit
1293 5716 1492 5767 contra
1512 5717 1732 5768 statuta
1752 5714 1987 5768 Patrum
2003 5714 2422 5770 Adalberonem

764 5799 906 5859 fieri
942 5797 1453 5871 episcopum),hoc
1474 5799 1628 5856 idem
1661 5799 1874 5856 sentire
1906 5802 2292 5872 possimusde
2315 5803 2422 5858 hoc

2530 4848 2634 4888 nes
2665 4832 2780 4886 duo
2805 4836 3047 4903 aspectu
3083 4829 3341 4895 formosi,
3361 4845 3610 4900 quorum
3641 4845 3795 4884 unus
3821 4827 3965 4883 dixit
3984 4825 4126 4882 mihi
4153 4843 4166 4881 :

2529 4920 2714 4983 Quare
2746 4936 2858 4974 non
2891 4918 3125 4991 surgis?
3157 4917 3332 4972 debes
3362 4916 3518 4972 enim
3548 4917 3720 4972 hodie
3769 4917 3841 4972 ad
3891 4917 4170 4972 Sanctum

2528 5008 2811 5065 Joannem
2862 5006 3105 5076 missam
3160 5005 3468 5074 celebrare.
3511 5004 3624 5074 Guiv
3645 5003 3790 5068 alter
3822 5003 4170 5076 respondit:

2532 5097 2828 5161 Quomodo
2863 5099 3051 5167 potest
3075 5095 3183 5149 hoc
3213 5093 3375 5148 fieri?
3397 5093 3535 5165 quia
3573 5110 3674 5165 pro
3706 5091 4176 5164 impossibilitate

2525 5184 2743 5248 virium
2775 5184 2966 5242 adhuc
2991 5183 3245 5239 Primam
3278 5199 3392 5237 non
3423 5180 3706 5252 explevit?
3733 5182 3894 5237 Tunc
3924 5180 4042 5246 ille,
4075 5179 4176 5250 qui

2533 5272 2696 5344 prius
2732 5289 2743 5326 :
2778 5273 2983 5343 Surge,
3004 5271 3176 5339 ait,et
3192 5270 3513 5325 secundum
3539 5286 3734 5324 meum
3762 5285 4094 5325 sermonem
4113 5266 4177 5322 in

2509 5350 2777 5431 Lprzefata
2826 5359 3072 5415 ecclesia
3121 5358 3385 5412 divinum
3439 5358 3781 5430 mysterium
3815 5357 4028 5414 festina
4064 5355 4181 5410 im-

2538 5449 2739 5520 plere:
2775 5448 2914 5519 quia
2955 5451 3167 5519 praeter
3223 5450 3278 5500 te
3324 5444 3521 5502 nullus
3570 5446 3650 5502 ibi
3702 5445 3960 5501 cantabit
3987 5441 4178 5498 hodie.

2533 5537 2638 5592 His
2663 5536 2856 5604 dictis,
2892 5535 2963 5590 ad
2997 5533 3332 5590 cubiculum
3367 5533 3554 5601 rediit,
3573 5538 3746 5605 atque
3776 5531 4181 5588 imminentem

2535 5624 2851 5680 vocationis
2883 5641 2999 5679 suae
3023 5621 3175 5678 diem
3206 5621 3371 5676 laetus
3415 5621 3782 5693 exspectavit,
3816 5623 3989 5690 atque
4037 5613 4181 5668 illud

2528 5713 2856 5769 Psalmistze
2879 5711 3092 5784 smpius
3117 5710 3380 5766 iterando
3409 5709 3636 5766 dicebat
3664 5726 3675 5762 :
3700 5705 3939 5771 Quando
3955 5699 4183 5758 veniam

2530 5808 2586 5858 et
2615 5803 2905 5876 apparebo
2937 5807 3070 5868 ante
3092 5799 3298 5855 faciem
3332 5797 3426 5852 Dei
3461 5797 3612 5852 mei?
3648 5792 3886 5850 Interim
3919 5790 4057 5842 dum
4107 5785 4181 5837 ab
