4868 6462
1337 578 1490 650 1203

2413 586 2800 649 BERNONIS
2842 583 3170 646 ABBA’I‘IS
3215 580 3655 646 AUGIENSIS.

4568 579 4700 642 1204

1335 737 1424 788 eo,
1449 717 1552 792 qui
1581 735 1776 775 coram
1808 736 1872 776 se
1902 717 2134 776 lectoris
2175 719 2524 793 fungebatur
2570 720 2759 775 officio
2801 719 2976 774 inter-
3009 721 3061 788 Α
3092 718 3314 782 datum,
3346 721 3505 771 tanta
3531 717 3602 772 de
3632 733 3698 772 eo
3729 714 3986 771 manavit
4015 713 4350 772 suavissimi
4379 713 4566 770 odoris
4605 713 4700 769 fra-

1336 813 1577 881 rogatus
1608 807 1836 878 fuisset,
1867 814 2140 865 utrumne
2173 827 2283 882 pra:
2327 809 2684 874 infirmitate,
2727 826 2843 880 qua
2873 809 2974 863 de-

1337 896 1657 962 tinebatur,
1690 913 1750 952 se
1779 897 1849 952 de
1878 896 1984 952 hoc
2016 898 2224 953 saeculo
2265 898 2650 966 migraturum
2693 901 2972 969 speraret,

1339 984 1642 1057 respondit
1673 1002 1686 1040 :
1715 984 2046 1040 Certissime
2077 986 2366 1056 scio,quia
2399 987 2552 1040 brevi
2579 987 2649 1039 de
2680 985 2788 1040 hoc
2819 991 2976 1039 tran-

1342 1073 1568 1128 siturus
1585 1090 1716 1128 sum
1749 1073 2258 1129 mundo.Cuicum
2293 1091 2540 1128 nicercns
2563 1075 2974 1144 diceret,quem

1343 1162 1748 1234 episcoporum
1778 1161 1951 1216 vellet
1982 1161 2052 1216 ad
2097 1178 2308 1233 corpus
2357 1180 2530 1217 suum
2580 1162 2977 1234 sepeliendum

1340 1267 1568 1318 vocare,
1594 1250 1842 1305 maxime
1872 1266 2006 1304 cum
2042 1249 2238 1305 nullus
2285 1251 2859 1322 comprovincialium
2894 1267 2981 1304 re-

1344 1339 1656 1394 mansisset
1684 1338 2039 1403 antistitum,
2073 1340 2170 1410 qui
2221 1356 2334 1394 non
2381 1344 2534 1393 esset
2591 1339 2866 1393 invitatus
2911 1338 2979 1392 ad

1338 1425 1532 1500 regale
1557 1425 1636 1496 ,in
1684 1427 1928 1482 Francia
1975 1427 2356 1498 colloquium,
2388 1429 2470 1482 ait
2499 1446 2510 1482 :
2544 1427 2738 1482 Nostis
2770 1434 2982 1482 terram

1339 1518 1504 1571 terra:
1533 1516 2095 1571 commendare.Vos
2117 1520 2507 1580 tantum,cum
2532 1522 2762 1588 tempus
2790 1514 2981 1579 fuerit,

1341 1604 1496 1675 quod
1524 1607 1782 1658 vestrum
1815 1608 1921 1671 est,
1939 1604 2140 1658 facite:
2168 1604 2267 1659 Dei
2289 1609 2377 1658 est
2411 1605 2519 1658 mei
2549 1605 2806 1676 corporis
2827 1621 2982 1658 com-

1343 1693 1744 1748 mendatorem
1775 1691 2097 1763 providere.

1414 1798 1549 1853 CAP.
1581 1797 1770 1853 XXIV.
1800 1831 1865 1839 —
1899 1798 2103 1854 Paucis
2131 1817 2263 1854 vero
2295 1800 2502 1855 diebus
2529 1799 2906 1870 interpositis,
2928 1800 2982 1853 in

1341 1885 1540 1959 vigilia
1595 1886 2013 1958 apostolorum,
2041 1904 2167 1960 quae
2222 1888 2320 1943 illo
2372 1906 2523 1942 anno
2567 1889 2988 1958 evcnitquarta

1345 1975 1507 2042 feria,
1539 1975 1866 2031 certissime
1919 1977 2189 2048 sperabat
2235 1994 2297 2032 se
2343 1979 2726 2048 migraturum
2778 1979 2847 2030 de
2881 1977 2984 2030 hac

1343 2063 1480 2118 vita.
1505 2065 1667 2129 Quod
1698 2063 1828 2118 licet
1864 2063 2211 2120 nominatim
2243 2083 2357 2120 non
2401 2065 2766 2136 exprimeret,
2799 2064 2986 2118 verbis

1345 2155 1540 2206 tamen
1573 2151 1928 2222 quibusdam
1959 2153 2204 2224 aperuit,
2221 2171 2285 2208 ac
2308 2154 2490 2224 signis
2512 2154 2874 2208 evidentibus
2898 2154 2987 2207 de-

1347 2237 1610 2294 claravit.
1626 2239 1776 2294 Sane
1805 2238 1990 2312 signis
2021 2242 2294 2296 omnibus
2316 2243 2387 2296 ad
2411 2241 2721 2313 Vesperam
2745 2243 2990 2296 circum-

1347 2343 1580 2399 quaque
1602 2329 2100 2402 sonantibus,ipse
2120 2331 2424 2386 balneatus
2447 2337 2503 2386 et
2526 2332 2706 2386 sacris
2730 2331 2988 2386 vestibus

1347 2417 1416 2472 ad
1449 2417 1558 2472 hoc
1591 2435 1732 2473 usus
1761 2419 1980 2490 paratis
2005 2419 2268 2488 indutus,
2294 2421 2458 2474 humi
2493 2437 2554 2475 se
2587 2421 2988 2492 prostravit,ac

1345 2510 1395 2560 si
1416 2505 1559 2562 hora
1583 2507 1783 2562 eadem
1807 2507 2148 2562 moriturus.
2168 2509 2355 2564 Finita
2381 2526 2515 2580 ergo
2540 2509 2734 2580 synaxi
2765 2525 2988 2580 vesper-

1345 2593 1486 2659 tina,
1521 2609 1658 2650 cum
1707 2593 1957 2650 aliorum
2019 2596 2308 2666 adjutorio
2359 2615 2419 2650 se
2467 2596 2694 2663 levavit,
2728 2602 2784 2650 et
2822 2596 2988 2668 quasi

1345 2683 1778 2754 quodammodo
1809 2687 2004 2738 mente
2033 2688 2460 2750 consternatus,
2495 2685 2638 2738 dixit
2671 2703 2682 2739 :
2716 2685 2759 2740 Ο
2791 2691 2989 2740 sancte

1348 2770 1530 2838 Petre,
1564 2786 1721 2824 nunc
1751 2787 1867 2826 non
1899 2770 2105 2836 fecisti,
2135 2771 2286 2826 sicut
2315 2789 2419 2843 ego
2458 2771 2757 2826 :rstimavi.
2792 2773 2835 2827 Ο
2859 2774 2990 2828 bea-

1348 2862 1478 2913 tum
1498 2857 1691 2912 virum
1705 2857 1863 2912 omni
1878 2857 2048 2914 laude
2069 2861 2736 2931 prosequendum,cujus
2750 2861 2990 2932 spiritus

1350 2944 1588 3018 quidem
1621 2949 1745 3002 erat
1776 2951 2102 3018 promptus,
2136 2945 2269 3002 licet
2312 2965 2444 3002 caro
2483 2947 2717 3003 inlirma
2751 2965 2762 3004 :
2793 2949 2883 3003 cui
2917 2950 2988 3003 vi-

1348 3049 1480 3090 vere
1511 3033 1774 3090 Christus
1801 3034 1928 3102 t'uit,
1952 3039 2008 3089 et
2037 3037 2182 3091 mori
2213 3035 2460 3091 lucrum.
2487 3037 2648 3092 Unde
2693 3039 2990 3108 tantopere

1351 3137 1638 3194 corporeae
1694 3122 2134 3180 inhabitationis
2194 3123 2405 3179 molem
2476 3125 2635 3180 velut
2703 3141 2988 3180 carcerem

1351 3211 1666 3283 quemdam
1695 3211 2036 3278 abhorrens,
2055 3213 2328 3285 cupiebat
2353 3213 2588 3269 dissolvi
2621 3218 2677 3268 et
2705 3231 2832 3269 esse
2856 3231 2989 3268 cum

1348 3298 1594 3356 Christo.
1653 3299 1870 3356 Iterum
1929 3301 2138 3374 spiritu
2196 3307 2509 3372 recreatus,
2534 3319 2635 3374 per
2683 3303 2992 3358 continuos

1349 3387 1607 3460 quinque
1637 3388 1760 3446 dies
1809 3391 2029 3446 mansit
2073 3390 2326 3462 quietus,
2361 3396 2562 3462 petens
2599 3391 2670 3445 ab
2715 3391 2990 3447 omnibus

3083 807 3331 878 grantia,
3366 813 3430 860 ut
3460 811 3803 861 cunctorum
3865 805 3943 860 ibi
3994 803 4316 860 astantium
4359 803 4702 876 perfunderet

3087 912 3254 950 nares
3281 900 3334 950 et.
3367 899 3616 966 pectora.
3651 895 3832 965 Cujus
3865 893 4060 949 odoris
4091 893 4350 949 suavitas
4385 891 4581 947 tandiu
4604 908 4707 963 per-

3089 985 3324 1052 mansit,
3359 1001 3663 1054 quousque
3696 988 3882 1037 totum
3925 999 3990 1037 ac
4038 981 4302 1036 vestibus
4346 980 4628 1044 indutum,
4654 978 4701 1033 in

3087 1070 3389 1125 ecclesiam
3441 1071 3550 1125 fuit
3595 1071 3986 1142 deportatum.
4022 1069 4156 1125 Post
4183 1069 4305 1124 haec
4338 1073 4528 1124 autem
4558 1068 4706 1123 adve-

3089 1160 3282 1214 niente
3313 1159 3680 1231 \\'olt‘gango,
3707 1157 4150 1214 Itatisbonensis
4182 1156 4434 1212 civitatis
4463 1156 4704 1228 episcopo

3088 1250 3434 1316 venerando,
3471 1249 3654 1303 sancti
3705 1247 3810 1302 viri
3859 1263 4071 1318 corpus
4117 1245 4177 1301 in
4218 1245 4464 1301 ecclesia
4510 1246 4704 1300 Sancta:

3091 1337 3236 1391 Al‘rm
3271 1337 3540 1408 martyris
3571 1353 3701 1390 cum
3745 1352 3957 1406 magna
4004 1333 4192 1406 gloria
4238 1338 4328 1389 est
4377 1333 4704 1389 humatum:

3095 1427 3190 1480 ubi
3226 1426 3366 1496 ipse,
3386 1427 3525 1480 dum
3561 1425 3751 1479 adhuc
3783 1423 4143 1489 viveret,sibi
4173 1421 4503 1494 sepulcrum
4525 1437 4709 1494 praepa-

3093 1515 3204 1568 rari
3241 1515 3390 1569 fecit.
3423 1515 3483 1568 ln
3518 1530 3630 1584 quo
3667 1511 3790 1567 loco
3823 1510 4010 1566 multa
4039 1527 4142 1584 per
4170 1511 4298 1582 ejus
4348 1509 4548 1566 merita
4583 1509 4709 1564 fiunt

3093 1603 3328 1657 assidue
3363 1599 3858 1665 niiracula,multa
3881 1600 4130 1654 inlirmis
4161 1602 4510 1672 praestantur
4527 1597 4709 1654 beneﬁ-

3094 1692 3201 1757 cia,
3231 1692 3481 1746 donante
3513 1689 3722 1744 Christi
3756 1689 3943 1760 gratia
3976 1706 3988 1744 :
4023 1689 4128 1755 Qui
4162 1705 4299 1744 cum
4331 1689 4496 1744 Patre
4523 1692 4575 1742 et
4601 1686 4708 1756 Spi-

3096 1781 3208 1834 ritu
3243 1785 3444 1835 sanctn
3475 1779 3610 1833 vivit
3644 1783 3700 1832 et
3728 1782 3930 1849 regnat
3963 1795 4064 1850 per
4095 1776 4325 1832 inﬁnita
4375 1775 4578 1831 saecula
4621 1791 4706 1828 sa-

3095 1869 3380 1923 eulurum.
3416 1871 3617 1922 Amen.

3167 1959 3290 2012 ll-‘l‘t‘
3314 1959 3393 2011 tui
3429 1974 3666 2011 examen
3695 1955 3898 2026 judicii
3933 1959 4379 2026 exspectant,ut
4409 1958 4461 2010 te
4493 1953 4709 2022 benigno

3089 2048 3284 2117 judice
3334 2045 3562 2099 valeant
3614 2051 3738 2098 rata
3777 2043 4116 2098 consistere.
4141 2043 4309 2115 Opto,
4337 2043 4499 2098 Pater
4525 2040 4713 2096 beatis~

3096 2137 3262 2199 sime,
3296 2141 3358 2186 ut
3390 2135 3446 2186 in
3481 2132 3705 2187 Christo
3731 2131 3944 2198 valcas,
3981 2132 4213 2203 meique
4243 2148 4470 2186 memor
4509 2144 4712 2200 semper

3097 2226 3326 2279 existat.

3100 2312 3380 2385 (Quantum
3453 2309 3619 2365 editio
3659 2310 3818 2385 _t"il:e
3864 2326 3898 2363 a
3951 2311 4200 2385 [genique
4245 2310 4478 2385 scriptae
4521 2319 4712 2385 sequens

3166 2391 3325 2452 caput
3357 2385 3619 2436 insertum
3651 2379 3984 2452 habeLquod
4011 2382 4112 2435 etsi
4141 2395 4312 2451 neque
4344 2377 4536 2434 Surius
4553 2377 4712 2441 edidit,

3169 2451 3516 2508 et’Bm-nmiis
3547 2468 3659 2506 esse
3689 2451 3835 2525 mihi
3863 2468 3971 2505 non
4002 2459 4236 2525 constat,
4268 2453 4534 2525 quoniam
4561 2457 4714 2525 tamen

3169 2526 3237 2578 ml
3265 2525 3549 2577 historiam
3591 2524 3845 2592 pertinet,
3877 2531 3939 2576 ct
3977 2524 4210 2592 speciem
4258 2523 4525 2590 imaginis
4563 2523 4712 2574 sancti

3174 2597 3414 2652 (fdalrici
3441 2595 3698 2664 explicat,
3729 2595 3938 2663 placuit
3967 2593 4064 2647 hoc
4094 2594 4206 2648 loco
4235 2593 4518 2664 adjicere.)

3170 2683 3428 2747 Quodam
3461 2687 3654 2736 autem
3691 2687 4120 2752 tempore,cum
4149 2680 4304 2736 idem
4340 2685 4574 2737 sanctus
4596 2693 4711 2750 pon-

3101 2773 3234 2828 tifex
3266 2789 3395 2825 cum
3432 2770 3611 2825 felicis
3630 2769 4044 2825 recordationis
4063 2769 4322 2824 antistite
4348 2767 4713 2825 Constantian-

3100 2862 3146 2915 si
3182 2862 3347 2914 beato
3379 2860 3663 2924 Conrado,
3695 2859 3788 2913 die
3836 2859 3994 2914 Jovis
4043 2858 4198 2930 apud
4243 2863 4511 2914 sanctam
4546 2855 4710 2912 Afram

3099 2954 3430 3002 curuaturus
3478 2948 3840 3018 consederat,
3864 2947 4038 3002 ambo
4087 2947 4158 3002 de
4205 2947 4540 3003 cmlestibus
4567 2943 4710 2999 rebus

3101 3035 3440 3090 continuum
3492 3035 3770 3090 habentes
3820 3051 4177 3102 sermonem,
4207 3033 4600 3108 corruptibilis
4627 3032 4713 3084 im-

3103 3141 3388 3180 memores
3421 3124 3556 3188 cibi,
3591 3125 3800 3194 spiritu
3834 3124 4048 3192 retecti,
4082 3140 4271 3194 usque
4297 3125 4357 3179 in
4409 3125 4714 3196 sequentem

3102 3219 3321 3269 sextam
3357 3212 3555 3267 feriam
3589 3213 3784 3266 divina
3815 3211 4070 3267 habuere
4101 3211 4488 3284 eloquia,non
4516 3205 4716 3282 apposi-

3099 3306 3190 3356 tas
3220 3303 3585 3356 attendentes
3611 3318 3833 3356 carnes.
3868 3301 4029 3356 Unde
4059 3300 4310 3373 contigit
4339 3297 4606 3372 Bajoariis
4626 3296 4717 3350 du-

3102 3407 3235 3445 cum
3263 3389 3526 3460 bajulum
3560 3390 3874 3460 quemdam
3905 3392 4176 3444 sanctum
4215 3390 4494 3446 accedere
4536 3386 4714 3442 virum.

1346 3457 1856 3552 indulgentiam,et
1881 3457 2343 3534 benedictionem
2363 3457 2845 3545 'tribuens,donec
2868 3479 2989 3534 fiui-
3022 3457 3064 3524 (ἶ
3103 3478 3203 3533 Cui
3237 3457 3504 3534 absoluto
3527 3457 3629 3548 pro
3660 3495 3774 3550 quo
3805 3482 4041 3533 venerat
4071 3477 4327 3550 negotio,
4351 3475 4584 3534 abeunti
4611 3488 4716 3528 car-

1343 3566 1406 3618 ta
1429 3563 1646 3634 quintaa
1667 3562 1781 3618 diei
1807 3563 2042 3630 feria,ac
2063 3579 2300 3636 vespere
2328 3565 2740 3631 lucescente,in
2765 3571 2984 3621 sextam

1343 3649 1604 3716 Sabbati,
1638 3666 1849 3706 aurora
1870 3651 1998 3721 jam
2028 3649 2140 3705 diei
2182 3651 2553 3707 latitudinem
2579 3657 2746 3710 terra:
2767 3652 2984 3709 illumi-

1347 3739 1543 3804 nante,
1577 3735 1805 3792 clericis
1853 3739 2196 3794 canentibus
2252 3745 2310 3796 et
2344 3741 2634 3807 flentibus,
2671 3741 2726 3796 in
2777 3759 2986 3798 manus

1345 3823 1580 3880 Domini
1612 3823 1885 3896 spiritum
1915 3843 2090 3882 suum
2127 3829 2563 3896 commendans,
2599 3847 2749 3885 anno
2798 3831 2984 3886 incar-

1345 3911 1603 3970 nationis
1633 3913 1859 3969 Domini
1891 3915 2072 3972 nostri
2101 3915 2239 3972 Jesu
2279 3916 2492 3972 Christi
2541 3920 2984 3992 nongentesimo

1343 4001 1776 4075 septuagesimo
1805 4004 1994 4070 tertio,
2026 4005 2210 4060 aetatis
2245 4022 2364 4062 suae
2391 4007 2742 4078 octogesimo
2789 4009 2980 4078 tertio,

1340 4089 1725 4146 ordinationis
1755 4106 1886 4148 vero
1919 4093 2428 4167 quinquagesimo,
2451 4095 2607 4150 velut
2635 4096 2692 4150 in
2735 4096 2978 4166 jubileo,

1336 4177 1446 4234 hoc
1497 4182 1606 4246 est,
1650 4179 1834 4252 plenae
1883 4180 2244 4239 remissionis
2291 4199 2468 4245 anno,
2497 4200 2668 4239 verus
2711 4185 2980 4240 Hebraeus

1336 4267 1639 4324 transitde
1667 4269 1848 4339 hujus
1878 4270 2082 4325 mundi
2115 4271 2356 4344 Egypto
2395 4271 2560 4339 liber,
2593 4271 2652 4326 in
2697 4278 2978 4328 aeternum

1335 4355 1595 4414 victurus
1625 4373 1758 4413 cum
1789 4357 2034 4414 Domiuo
2061 4359 2460 4415 suo.Transiit
2489 4365 2684 4416 autem
2708 4378 2764 4416 1v
2783 4361 2978 4416 Nonas

1335 4443 1772 4518 Julii,tempore
1805 4445 2034 4502 Ottonis
2061 4448 2301 4503 secundi
2323 4449 2692 4520 imperatoris
2709 4449 2973 4522 Augusti.

1334 4531 1516 4604 Cujus
1530 4547 1740 4606 corpus
1769 4550 1904 4591 cum
1929 4551 1999 4592 ex
2019 4551 2180 4592 more
2200 4536 2270 4592 ad
2293 4535 2605 4593 lavandum
2627 4543 2781 4593 esset
2801 4539 2979 4594 denu-

3100 3567 3190 3623 nis
3221 3570 3474 3623 frustum
3506 3569 3684 3635 dedit,
3706 3585 3820 3623 non
3868 3568 4176 3624 advertens
4211 3573 4388 3624 sextae
4431 3568 4714 3623 observan-

3093 3658 3236 3712 tiam
3299 3657 3471 3720 l'enize.
3505 3657 3611 3720 Qui
3675 3657 3926 3712 nuncius
3974 3657 4282 3712 dominum
4332 3655 4559 3713 rediens
4611 3666 4719 3725 pro-

3091 3748 3311 3816 prium,
3335 3745 3534 3800 volens
3564 3745 3786 3800 malitia
3813 3743 4152 3800 stimulatus
4183 3749 4422 3800 sanctos
4449 3743 4716 3798 diti‘amare

3092 3833 3417 3906 episcOpos,
3453 3834 3621 3905 quasi
3664 3839 3825 3888 sexta
3875 3833 3948 3888 ab
3991 3833 4258 3888 carnium
4291 3849 4398 3889 esu
4453 3831 4588 3888 feria
4624 3840 4714 3882 non

3091 3922 3533 3990 abstinuissent,
3571 3922 3628 3976 in
3663 3921 4064 3977 testimonium
4096 3920 4254 3976 illico
4285 3921 4485 3976 carnis
4523 3921 4716 3992 partem

3091 4027 3125 4064 a
3174 4015 3374 4065 sancto
3425 4011 3546 4066 viro
3599 4014 3895 4081 acceptam
3951 4008 4214 4081 protulit,
4261 4013 4323 4064 et
4378 4023 4529 4076 ecce,
4578 4004 4710 4060 dictu

3091 4097 3377 4163 mirabile,
3408 4099 3630 4170 species
3663 4097 3855 4152 carnis
3885 4095 3944 4152 in
3975 4095 4153 4169 piscis
4181 4097 4444 4168 speciem
4475 4100 4561 4151 est
4600 4107 4713 4148 con-

3086 4203 3274 4254 versa,
3323 4186 3617 4242 temerarii
3693 4202 3945 4258 arguens
4027 4184 4213 4256 bajuli
4295 4183 4711 4242 detractionem.

3087 4279 3143 4329 et
3210 4279 3546 4330 sanctorum
3604 4275 3918 4330 ostendens
3983 4273 4414 4330 innocentiam.
4477 4275 4597 4338 Qua
4659 4268 4714 4321 de

3087 4379 3266 4418 causa
3318 4363 3553 4435 gloriosi
3609 4363 3821 4436 cftigiei
3881 4362 4172 4436 pontiﬁcis
4242 4363 4429 4435 piscis
4486 4363 4544 4418 in
4598 4373 4714 4432 per-

3085 4455 3326 4523 petuum
3359 4451 3538 4523 hujus
3588 4451 3855 4508 miraculi
3904 4451 4249 4507 memoriam
4299 4447 4595 4524 compingi
4636 4459 4712 4499 so-

3095 4539 3194 4595 let.

2506 4861 2790 4947 BERN
2794 4861 3058 4950 ONIS
3133 4861 3578 4950 VERSUS

1693 5031 1876 5094 Libro
1906 5033 2431 5098 Sacramentorum
2475 5036 2780 5100 Saxonico
2808 5039 2920 5118 qui
2943 5037 3197 5101 habetur
3231 5039 3294 5098 in
3326 5036 3676 5100 bibliotheca
3705 5037 4071 5112 Boheriana,
4095 5037 4370 5119 praeﬁxi,

2424 5188 2691 5258 (MahilL.
2727 5190 2928 5246 Annal.
2960 5189 3160 5246 Bened.
3195 5188 3300 5246 lib.
3333 5205 3420 5259 ιν,
3452 5206 3511 5245 n.
3542 5191 3661 5259 27.)

1899 5439 2120 5511 Suscipe
2149 5441 2509 5513 conscriptum
2532 5461 2678 5517 pura
2705 5463 2868 5518 quem
2895 5455 3074 5504 mente
3103 5447 3350 5502 libellum

1909 5537 2110 5594 Ultima
2135 5553 2410 5594 servorum
2438 5543 2582 5598 Bern
2607 5545 2717 5614 fert
2740 5561 2972 5615 persona
3001 5548 3244 5615 tuorum,

1903 5637 2031 5706 Qui,
2065 5635 2189 5693 licet
2216 5637 2496 5708 indignus,
2531 5640 2637 5696 tibi
2663 5642 2804 5711 ﬁdus
2833 5657 3044 5714 semper
3070 5643 3353 5712 alumnus,

1817 5765 1828 5772 -
1900 5735 2166 5806 obsequio
2191 5751 2418 5806 pronus,
2450 5737 2632 5793 devoto
2661 5740 2816 5794 corde
2847 5741 3137 5808 benignus,

1898 5835 2038 5889 Dum
2065 5833 2209 5903 viget
2237 5835 2398 5902 atque
2428 5833 2588 5900 valet,
2621 5849 2756 5890 sano
2775 5834 2905 5889 dum
2931 5851 3150 5907 corpore
3178 5838 3330 5891 vivit.
