4868 6448
1459 531 1610 598 1911
2167 529 2498 594 APPEND.
2541 531 2646 593 AD
2685 529 3142 593 BERNONEM.
3177 565 3252 577 -—
3281 531 3642 595 ANNALES
3687 531 4148 596 AUGIENSES.
4685 531 4790 593 1212

1529 667 1655 723 843.
1687 663 1894 723 Judith
1925 662 2089 722 obiit.

1530 757 1655 813 856.
1686 753 2019 828 Hildigarht
2047 752 2208 810 obiit.

3124 664 3179 731 Α

3350 665 3474 719 858.
3509 663 3848 721 Fulcwmus
3879 663 4062 721 abbas
4091 661 4256 730 obiit,
4289 670 4342 720 et
4369 661 4683 720 Waldarius
4704 678 4791 720 suc-

3204 753 3380 808 cessit.

2593 961 2806 1031 PARW'
2857 959 3276 1046 SECUNDA,
3332 960 3711 1033 GENUINA

1530 1169 1656 1226 860.
1691 1166 2042 1241 Meginratus
2072 1164 2358 1220 heremita
2387 1163 2797 1236 martyrizatus
2826 1167 2934 1217 est.

1529 1259 1654 1314 864.
1685 1254 1979 1312 Waldheri
2008 1255 2190 1310 abbas
2215 1253 2406 1308 desiit.
2440 1254 2624 1308 Hecco
2649 1253 2930 1308 successit
2961 1253 3094 1323 (64).

1528 1348 1651 1402 868.
1682 1345 1820 1400 Visa
1849 1348 1937 1398 est
1967 1348 2192 1398 cometa
2222 1341 2721 1396 manifestissime.

3285 1163 3410 1219 915.
3444 1162 3680 1235 Ungarii
3715 1166 3896 1218 totam
3952 1161 4359 1220 Alemanniam
4390 1162 4524 1238 igne
4575 1167 4627 1219 et
4648 1163 4791 1236 gladio

3204 1257 3595 1319 vastaverunt,

3274 1342 3399 1396 917.
3435 1341 3646 1414 Ungari
3681 1359 3784 1414 per
3818 1341 4222 1398 Alemanniam
4266 1342 4324 1397 in
4355 1341 4628 1397 Alsatiam
4655 1346 4700 1396 et
4725 1358 4792 1395 us-

1524 1436 1649 1490 869.
1681 1437 1839 1490 Ictus
1870 1431 2132 1488 fulminis
2186 1430 2311 1486 Kal.
2364 1429 2502 1485 Julii
2537 1430 2686 1484 inter
2722 1429 3008 1482 decimam
3043 1434 3097 1483 et
3207 1447 3320 1502 que
3351 1431 3421 1485 ad
3456 1430 3600 1486 lines
3645 1430 3899 1486 Lotharii
3955 1431 4116 1504 regni
4171 1435 4475 1486 venerunt.
4522 1429 4794 1502 Erchanger

1455 1520 1826 1581 undecimam
1859 1522 2060 1576 horam
2085 1520 2222 1574 diei.

1525 1614 1649 1668 871.
1682 1613 1832 1665 IIvcn
1867 1612 1914 1663 n‘.
1945 1611 2046 1663 lHlS
2079 1607 2243 1673 obiit,
2275 1612 2331 1662 et
2362 1606 2604 1661 Ruadlio
2638 1607 2651 1639 ¹
2687 1605 2987 1659 successit.

1527 1702 1654 1756 873.
1691 1701 1844 1754 lctus
1877 1696 2140 1752 fulminis
2173 1695 2550 1750 Wormatiam
2574 1693 2916 1748 combussit.

3206 1524 3261 1574 et
3289 1519 3578 1574 Peratolht
3609 1519 3872 1575 decollati
3908 1525 4066 1576 sunt.

3275 1609 3400 1662 919.
3436 1608 3502 1662 Et
3532 1608 3919 1665 Chnonradus
3948 1626 4046 1664 rex
4076 1608 4220 1665 obiit
4247 1609 4290 1663 ⁸.

3275 1699 3400 1752 923.
3430 1696 3902 1753 Preriosissimus
3935 1698 4250 1752 thesaurus
4271 1697 4576 1770 sanguinis
4593 1696 4791 1757 Domini,

1529 1791 1654 1844 875.
1689 1787 2039 1844 Ludowicus
2090 1790 2280 1839 Caesar
2337 1783 2512 1838 Italiae
2571 1783 2734 1848 obiit,
2765 1787 2819 1837 et
2851 1782 3096 1836 Karolus
3209 1787 3263 1840 in
3295 1787 3540 1853 Augiam
3575 1788 3593 1820 ⁷
3626 1787 3781 1840 venit
3809 1788 3844 1840 6
3875 1787 4010 1841 Idus
4041 1786 4406 1841 Novembris.

1458 1896 1556 1935 rex
1587 1875 1783 1934 Galliae
1815 1877 2058 1930 Romam
2093 1873 2370 1945 pervenit.

3275 1877 3399 1928 936.
3438 1874 3648 1940 Ungari
3683 1879 3860 1929 totam
3894 1875 4218 1940 Franciam,
4246 1873 4548 1941 Alsatiam,
4579 1873 4790 1930 Galliam.

1527 1967 1700 2022 876.‘
1757 1963 2109 2020 Ludowicus
2151 1961 2308 2016 ﬁlius
2374 1960 2670 2014 Ludowici
2735 1959 3097 2030 imperatoris
3207 1969 3378 2034 atque
3411 1963 3812 2018 Alemanniam
3849 1965 3977 2035 igne
4009 1967 4065 2018 ct
4115 1963 4310 2034 gladio
4361 1967 4723 2023 vastaverunt.
4748 1962 4792 2016 Et

1459 2055 1625 2110 obiit.
1658 2055 1727 2109 Et
1755 2051 1974 2108 bellum
2003 2051 2154 2112 inter
2186 2048 2568 2103 Ludowicum
2599 2052 2655 2102 et
2683 2047 2954 2101 Karolum
2989 2047 3095 2101 im-
3127 2071 3174 2134 Β
3209 2052 3586 2122 Burgliardus
3618 2052 3734 2106 dux
3765 2052 4051 2107 occiditur
4078 2053 4120 2108 ⁸.

1460 2147 1786 2216 peratorem
1797 2183 1809 2195 .

1529 2233 1655 2285 878.
1687 2227 1934 2300 Eclipsis
1963 2225 2103 2282 solis
2134 2243 2191 2281 ιν
2219 2225 2340 2279 Kal.
2375 2225 2734 2280 Novembris.

3274 2143 3398 2195 9'27.
3434 2141 3671 2212 Hiemps
3703 2157 3915 2212 magna
3942 2140 4118 2196 nimis
4150 2141 4281 2211 (66).

3273 2231 3398 2284 931.
3433 2228 3737 2283 Heinricus
3768 2246 3864 2283 rex
3913 2245 4077 2301 rcges
4121 2228 4538 2284 Abodritorum
4582 2233 4632 2283 et
4659 2227 4791 2282 Nord-

1528 2320 1653 2374 879.
1686 2319 1708 2353 ³
1737 2315 1982 2374 Karolus
2012 2313 2170 2370 filius
2202 2313 2500 2369 Ludowici
2545 2314 2696 2384 regis
2741 2314 3094 2368 Francorum
3207 2335 3555 2374 mannorum
3580 2317 3757 2372 efﬁcit
3786 2317 4168 2389 Christianos,
4199 2322 4258 2373 et
4302 2317 4595 2391 profectus
4621 2317 4672 2371 in
4695 2313 4788 2370 Gal-

1453 2413 1512 2466 et
1541 2409 1716 2465 frater
1744 2405 2149 2464 Carolomanni
2180 2407 2238 2460 et
2257 2402 2553 2460 Ludowici
2588 2402 2809 2458 Italiam
2838 2403 3095 2474 primum
3207 2407 3365 2462 liam.

1453 2497 1710 2554 intravit.

1521 2588 1648 2644 880.
1683 2582 2149 2642 Karolomannus
2178 2598 2277 2637 rex
2307 2581 2582 2636 Bawariae
2613 2579 2775 2635 obiit.

3275 2499 3399 2552 932.
3437 2495 3647 2567 Ungari
3679 2511 3781 2568 per
3826 2495 4138 2552 orientales
4198 2496 4455 2552 Francos
4493 2499 4549 2552 et
4573 2493 4786 2551 Aleman-

3208 2585 3364 2640 niam
3398 2584 3600 2640 multis
3631 2583 3960 2639 civitatibus
3993 2584 4127 2657 igne
4151 2588 4208 2640 et
4235 2583 4436 2658 gladio
4466 2582 4784 2655 consumptis,

1523 2677 1651 2731 881.
1683 2673 1932 2730 Karolus
1964 2673 2160 2728 Romae
2189 2670 2379 2725 Caesar
2402 2668 2670 2723 efficitur.

1526 2766 1652 2820 887.
1686 2760 1928 2818 Karolus
1971 2761 2288 2832 imperator
2333 2773 2511 2829 regno
2570 2757 2846 2829 privatur.
2896 2757 2961 2810 Et
2991 2757 3096 2810 Ar-

1461 2852 1661 2909 nulfus
1689 2849 1847 2906 filius
1877 2847 2287 2904 Karolomanni
2316 2847 2374 2901 in
2408 2861 2598 2917 regem
2630 2843 2907 2900 elevatur.

1529 2942 1653 2997 888.
1685 2940 1708 2975 ³
1737 2936 1987 2994 Karolus
2023 2936 2338 3008 imperator
2367 2934 2528 2990 obiit.

1527 3029 1652 3084 891.
1684 3025 1995 3084 Sunderolt
2026 3023 2498 3096 archiepiscopus
2528 3040 2561 3080 a
2590 3022 2980 3079 Nordmannis
3012 3038 3100 3077 oc-

1463 3117 1701 3175 ciditur.

1527 3206 1654 3262 896.
1683 3203 1958 3262 Arnolfus
1985 3203 2178 3260 Romae
2207 3205 2396 3258 Casar
2421 3201 2692 3256 efficitur.
2735 3201 2804 3257 Et
2829 3200 2888 3255 in
2915 3199 3102 3273 Augia

1457 3295 1696 3354 miseria
1724 3293 1898 3351 famis
1927 3299 1984 3349 et
2035 3291 2409 3348 mortalitatis
2467 3289 2776 3346 Christiani
2833 3289 3100 3345 homines
3209 3312 3319 3368 pus
3341 3293 3665 3350 ordinatus.

1454 3385 1694 3444 alterius
1722 3398 1959 3442 carnem
1989 3381 2389 3437 comederunt.
3140 3437 3172 3444 _
3280 3385 3404 3439 937.
3439 3383 3856 3439 Monasterium
3888 3383 4072 3440 sancti
4103 3383 4386 3440 Bonifacii
4414 3389 4473 3441 et
4502 3382 4674 3441 sancti
4696 3376 4798 3436 Galli

1906 3437 2074 3528 fluuii
2105 3469 2257 3526 ictus
2288 3467 2560 3524 fulminis
2589 3472 2721 3524 ante
2750 3484 3043 3524 auroram.
3129 3437 3174 3504 C
3215 3437 3348 3545 igne
3377 3437 4409 3530 ξι
4421 3437 4699 3530 ⁷Ᾰιῖιῖεἶιξῖιδ
4723 3468 4801 3523 dux

1527 3562 1653 3619 899.
1684 3559 1906 3634 Ungari
1935 3558 2165 3618 Italiam
2205 3555 2454 3630 ingressi
2494 3557 2679 3612 multa
2728 3558 2926 3625 (mala)
2956 3557 3099 3612 fece-
3212 3561 3502 3618 obierunt.

1458 3654 1618 3708 runt.
1647 3651 1720 3705 Et
1741 3646 2014 3704 Arnolfus
2043 3646 2364 3718 imperator
2402 3645 2670 3700 moritur.
2729 3646 2800 3700 Et
2831 3645 3101 3702 Ludowi-

1461 3756 1567 3796 cus
1598 3737 1756 3792 filius
1781 3736 1910 3807 ejus
1939 3734 2001 3788 in
2027 3749 2220 3805 regem
2245 3731 2517 3788 elevatur.

1531 3826 1658 3880 900.
1689 3821 1999 3880 Zuntibold
2031 3839 2128 3877 rex
2157 3819 2314 3876 ﬁlius
2345 3820 2557 3876 Arnolfi
2590 3820 2879 3877 occiditur
2908 3823 2950 3876 ³.

3200 2675 3366 2746 juxta
3394 2673 3780 2729 Wormatiam
3814 2672 4014 2729 Rheno
4061 2673 4327 2741 transito,
4359 2691 4550 2748 usque
4591 2673 4654 2728 ad
4677 2685 4786 2725 mare

3206 2777 3489 2816 oceanum
3521 2778 3764 2833 regnum
3796 2761 3991 2816 Galliae
4023 2761 4494 2830 devastaverunt,
4525 2767 4580 2818 et
4605 2777 4692 2834 per
4713 2759 4789 2814 Ita-

3206 2849 3344 2905 liam
3378 2850 3694 2904 redierunt.

3276 2939 3399 2994 931.
3435 2937 3645 3010 Ungari
3679 2939 3752 2994 ab
3768 2938 4019 2993 exercitu
4044 2940 4203 3012 regia
4224 2938 4480 2996 Heinrici
4500 2937 4659 2996 occisi
4677 2939 4792 2999 sunt,

3207 3033 3264 3084 et
3286 3027 3452 3082 multi
3485 3026 3889 3100 comprehensi
3922 3031 4081 3087 sunt.

3275 3118 3401 3180 936.
3437 3115 3740 3173 IIeinricus
3770 3133 3867 3172 rex
3916 3115 4080 3184 obiit,
4111 3121 4171 3173 et
4227 3117 4361 3174 Otto
4421 3117 4577 3174 ﬁlius
4631 3115 4734 3188 ejus
4757 3111 4794 3166 in

3209 3221 3452 3278 regnum
3483 3203 3875 3262 constituitur.
3913 3203 4280 3262 Frithuricus
4306 3206 4421 3279 (67)
4473 3204 4796 3277 archiepisco-

3281 3651 3407 3704 938.
3441 3649 3570 3704 Otto
3600 3665 3698 3704 rex
3726 3648 3784 3704 in
3818 3649 4117 3706 Bawarios
4146 3649 4288 3714 ibat,
4322 3649 4560 3725 illisque
4595 3648 4803 3705 resisten-

3214 3739 3373 3793 tibus
3404 3737 3593 3792 rediit.
3631 3737 3830 3794 Frater
3857 3738 3988 3809 ejus
4040 3737 4349 3795 Heinricus
4407 3737 4801 3812 comprehensus

3214 3831 3304 3882 est
3335 3826 3407 3880 ab
3437 3824 3791 3881 Eberhardo.
3825 3825 3927 3880 Illo
3969 3842 4102 3882 vero
4151 3825 4420 3894 liberato,
4468 3823 4800 3884 Eberbardum

3214 3915 3273 3969 in
3305 3913 3576 3969 exsilium
3603 3913 3786 3979 misit,
3819 3930 3886 3969 ac
3917 3914 4129 3970 iterum
4162 3915 4473 3972 Bawarios
4503 3914 4800 3972 invasitcnm

3216 4002 3817 4073 exercitu,omnesque
3848 4001 3959 4058 sibi
3993 4001 4404 4072 subdidit,nisi
4427 4009 4653 4061 tantum
4675 4010 4802 4056 unum

3216 4090 3433 4147 Arnolﬁ
3467 4089 3676 4146 ﬁlium.
3707 4089 3942 4146 Interim
3986 4108 4202 4166 magna
4248 4109 4387 4165 pars
4443 4094 4804 4168 Ungaroruma

3217 4180 3548 4239 Saxonibus
3576 4179 3766 4236 occisa
3785 4183 3893 4236 est.

3285 4267 3412 4323 939.
3447 4267 3578 4323 Otto
3610 4284 3711 4323 rex
3739 4265 3863 4323 ibat
3893 4267 3952 4323 in
3995 4268 4381 4343 Lotheringos
4433 4287 4618 4344 usque
4659 4266 4718 4323 ad
4741 4263 4804 4318 CI-

1532 3915 1660 3970 905.
1693 3910 1916 3968 Bellum
1951 3910 2098 3966 inter
2143 3909 2554 3966 Chnonradum
2616 3914 2674 3965 et
2729 3909 3104 3966 Adalbertum

1467 4005 1742 4074 Francos,
1777 4001 1836 4056 in
1868 4017 1984 4074 quo
2017 3998 2226 4056 cecidit
2255 3998 2660 4054 Chnonradus.

1530 4094 1657 4150 907.
1689 4089 1936 4148 Baioarii
1966 4093 2024 4146 et
2050 4089 2073 4124 ‘
2101 4088 2176 4144 ab
2208 4087 2540 4160 Ungarihus
2567 4088 3018 4144 interficiuntur.

1533 4183 1659 4238 908.
1691 4181 1953 4254 Ungares
1981 4177 2293 4234 Saxoniam
2327 4181 2384 4232 et
2412 4175 2753 4250 Turingiam
2784 4180 3034 4234 vastant.

1535 4270 1660 4326 909.
1692 4269 1952 4344 Ungares
1977 4265 2384 4323 Alemanniam
2408 4265 2659 4339 ingressi
2692 4270 2848 4321 sunt.

1537 4361 1662 4416 910.
1693 4356 1898 4415 Franci
1925 4355 2000 4412 ab
2027 4353 2359 4428 Ungaribus
2416 4357 2518 4410 aut
2572 4351 2748 4409 occisi
2797 4357 2898 4409 aut
2928 4354 3109 4428 fugati
3219 4357 3592 4431 primontem.
3628 4356 3854 4413 Interea
3886 4357 4242 4416 Ludowicus
4293 4376 4396 4416 rex
4437 4359 4632 4416 Galliae
4656 4349 4804 4412 imasit

1469 4453 1629 4506 sunt.
3217 4445 3518 4502 Alsatiam.
3552 4445 3716 4500 Tunc
3747 4460 3846 4500 rex
3891 4444 4022 4501 Otto
4064 4451 4356 4504 revertens
4397 4449 4562 4506 venit
4584 4447 4650 4504 ad
4674 4442 4807 4498 Prisa'

1539 4537 1664 4592 911.
1696 4532 2083 4592 Chnonradus
2112 4531 2172 4587 in
2196 4547 2391 4604 regem
2421 4529 2696 4586 elevatur.
3221 4551 3373 4600 cam,
3405 4536 3463 4588 et
3485 4531 3716 4589 obsedit
3747 4548 3875 4588 eam
3903 4551 3917 4601 ;
3945 4537 4002 4589 et
4027 4534 4384 4592 Ludowicus
4411 4535 4690 4593 discessit.
4711 4531 4807 4586 Inte'

1539 4626 1670 4682 913.
1709 4624 1840 4697 Hug
1869 4621 2164 4678 abbatiam
2189 4621 2301 4692 (65)
2333 4621 2632 4676 successit.
2682 4619 2863 4693 Ungri
2920 4625 3113 4692 partes
3221 4623 3332 4683 rim
3363 4638 3496 4678 vero
3527 4619 3810 4676 Eberhart
3854 4621 3973 4678 dux
4020 4623 4251 4679 occisus
4283 4627 4392 4691 est,
4427 4629 4488 4680 et
4530 4621 4806 4681 Gisilbertus

1471 4712 1827 4773 Alemannia
1852 4714 2243 4778 vastaverunt,
2272 4712 2330 4766 et
2351 4709 2524 4781 juxta
2555 4708 2615 4764 in
2671 4707 2912 4764 ﬂuvium
2945 4726 2981 4764 a
3010 4709 3114 4765 Ba-
3221 4711 3340 4766 dux
3368 4710 3427 4765 in
3459 4709 3661 4766 Rheno
3692 4709 4038 4770 submersus
4081 4716 4351 4768 mortuus
4399 4717 4514 4771 est.
4547 4714 4729 4768 Postea
4749 4715 4806 4758 re!

1471 4803 1680 4860 wariis
1707 4804 1764 4858 et
1791 4799 2150 4858 Allemannis
2178 4797 2353 4856 occisi
2383 4798 2404 4834 ⁸
2436 4801 2593 4853 sunt.
2626 4795 2867 4870 Hiemps
2904 4814 3120 4872 magna
3148 4801 3195 4867 D
3225 4799 3349 4856 ibat
3375 4815 3510 4855 cum
3527 4798 3781 4854 exercitu
3808 4798 3869 4854 in
3892 4799 4367 4873 Lutheringos,et
4383 4819 4593 4859 omnes
4611 4816 4703 4857 suo
4720 4791 4808 4849 sub‘

1475 4889 1676 4948 nimis.
3215 4886 3449 4962 jugavit
3481 4885 3750 4959 imperio,
3783 4891 3990 4960 prater
4020 4887 4299 4946 Metensis
4329 4891 4351 4926 '
4378 4879 4807 4962 episcopumﬁet’

2835 5001 3077 5059 VARIIE
3117 5003 3523 5060 LECTIONES.

1548 5103 1564 5138 ¹
1599 5101 1823 5160 ruadho
1850 5103 2044 5159 Baluz.
2163 5102 2186 5136 ³
2214 5102 2278 5157 1ιί
2301 5101 2523 5158 numeri
2549 5099 2746 5156 desunt
2791 5116 2851 5155 ιη
2900 5101 3124 5156 Baluzii
3168 5100 3422 5158 editione.
3538 5099 3560 5134 ³
3587 5099 3734 5160 apud
3781 5101 4076 5156 Baluzium
4125 5103 4286 5160 initio
4323 5106 4468 5160 anui
4493 5101 4601 5158 899
4624 5096 4808 5156 ωιιοεθιι

1479 5183 1624 5244 sunt,
1655 5173 1748 5246 sed
1773 5181 1932 5238 certe,
1967 5172 2181 5246 quodet
2208 5171 2439 5246 annales
2457 5171 2794 5246 Colonienses
2824 5172 2980 5246 infra
3007 5171 3202 5246 edendi
3227 5173 3506 5246 evincunt,
3537 5175 3598 5226 ut
3621 5169 3710 5246 hic
3737 5170 3952 5246 factum
3979 5177 4060 5246 est
4086 5175 4498 5234 consiittuenda
4525 5179 4688 5231 erant.
4745 5169 4761 5196 ‘
4778 5170 4808 5246 ei

1479 5242 1664 5320 plures
1679 5245 1782 5320 [sic
1807 5242 2268 5320 voces'excidzsse
2320 5242 2544 5320 indicat.
2591 5244 2664 5313 cf.
2723 5243 2986 5320 Reginon.
3039 5245 3310 5320 _co_ntin.___
3360 5243 3675 5320 fsuccensi
3703 5242 3841 5320 sunt
3890 5243 4084 5300 Batus.
4154 5246 4209 5320 _‘
4238 5247 4356 5303 haec
4407 5247 4670 5302 Halmius
4715 5245 4808 5308 αηηρ

1484 5313 1590 5374 917
1619 5316 1892 5388 adjungit,
1951 5328 2048 5368 nos
2097 5314 2594 5388 _Reginonis__cont.
2645 5315 2982 5388 sequimur.
3039 5315 3059 5348 ⁷
3089 5313 3148 5369 in
3207 5313 3475 5388 attigiam
3517 5314 3723 5388 Baluz.‘
3787 5315 3973 5388 “post
4045 5315 4336 5372 occiditur
4363 5333 4398 5388 α
4475 5315 4696 5374 Baluzio
4724 5318 4809 5388 πτιῖ

1487 5383 1712 5454 buntur}
1745 5383 1870 5458 quae
1897 5385 2232 5458 auctpfitate
2283 5384 2678 5458 continuatam
2715 5383 3008 5452 Regimmis
3044 5401 3188 5441 atmo
3252 5383 3364 5458 932
3399 5383 3760 5458 adscribenda
3813 5383 4233 5455 judicavimus;
4289 5387 4482 5444 eadem
4537 5385 4808 5444 Hermann“

1486 5453 1801 5519 Contractus
1831 5470 1976 5510 anno
2005 5453 2113 5511 937
2142 5456 2327 5524 refert.
2405 5453 2428 5487 '
2467 5453 2577 5523 lege
2607 5458 2925 5510 metensem
2956 5460 3056 5511 aut
3087 5455 3368 5512 metensis
3399 5455 3580 5512 urbis.

3061 5570 3295 5628 NOTAE.

1558 5662 1668 5732 (67)
1696 5655 1993 5740 [ξνᾳψνὶι
2027 5698 2040 5713 .
2087 5699 2100 5712 .
2129 5657 2314 5740 ιζεοσο]
2367 5653 2608 5711 abbates
2663 5655 2858 5728 Augiaa
2889 5657 3127 5728 divitis;
3452 5659 3515 5740 In
3549 5657 3865 5740 Reginonis
3894 5660 4111 5716 contin.
4143 5679 4298 5720 anno
4325 5663 4453 5720 928.

1489 5727 1651 5810 Hettq
1661 5727 1754 5810 vel
1790 5729 1949 5810 Heito
1977 5727 2313 5804 legenduml
2766 5727 2777 5728 ί
3114 5727 3119 5728 ⁷
3308 5727 3422 5802 (67)
3455 5727 3896 5804 Mogontiensis.

1563 5800 1678 5875 (65)
1701 5800 2074 5872 Αυείεηεθηῐ.
