4868 6402
585 402 727 464 1⁵21⁸7

1835 399 2018 462 VITA
2062 400 2401 464 CONRADI
2449 407 2722 468 SALlCI.

3822 411 3976 502 iens

584 501 846 588 fivcateurs
878 531 949 586 de
981 545 1084 586 son
1114 531 1378 602 temps.A
1411 529 1466 584 la
1496 531 1574 584 {in
1607 535 1696 585 est
1724 532 1920 602 ajouté
1963 550 2040 588 un
2082 535 2223 605 petit
2252 540 2300 601 Α
2335 537 2601 608 stropbes
2632 539 2893 594 chacune
2939 540 3010 595 de
3062 541 3160 595 dix
3209 541 3386 613 pctits
3430 558 3561 599 vers
3600 545 3796 600 rimés.
3832 533 3978 603 Mais

582 625 776 694 poéme
806 619 1126 692 élégiaque,
1156 619 1254 690 qui
1307 619 1393 673 fut
1442 621 1709 692 présenté
1760 621 1793 674 ὲ
1843 618 1899 674 la
1947 620 2098 676 table
2149 623 2225 676 du

584 711 762 765 meme
793 706 1008 780 prince.
1044 707 1088 762 11
1119 706 1282 763 roulc
1314 723 1416 762 sur
1445 706 1496 761 le
1530 711 1783 779 mystere
1813 708 1882 763 de
1911 708 2140 776 Noél,et
2155 727 2228 765 ne

583 798 829 854 contient
853 795 1152 850 d’ailleurs
1185 811 1411 850 aucune
1442 796 1650 849 beauté
1679 796 1968 867 poétique.

648 885 913 942 Canisius
944 889 1034 940 est
1064 884 1114 939 le
1144 885 1395 955 premier
1424 883 1521 955 qui
1547 884 1625 938 ait
1655 885 1763 938 tiré
1794 885 1865 939 de
1897 884 2228 941 l’obscurité

583 993 672 1032 ccs
701 976 848 1030 deux
879 974 1071 1046 piéces
1102 973 1173 1028 de
1203 973 1259 1027 la
1290 989 1458 1028 muse
1501 972 1570 1026 de
1612 971 1857 1044 Vippon.
1896 973 2045 1028 Elles
2095 981 2228 1030 sont

585 1065 802 1136 placées
831 1079 903 1118 au
931 1062 1143 1118 second
1175 1061 1406 1116 volume
1437 1061 1506 1115 de
1536 1077 1628 1115 ses
1653 1063 1928 1116 Lectiones
1958 1064 2222 1134 antiquae.

583 1151 708 1206 d’ou
739 1149 878 1206 elles
909 1155 1012 1205 out
1041 1151 1130 1205 été
1158 1151 1553 1221 transportées
1585 1167 1656 1203 au
1690 1165 1778 1204 me
1808 1150 2035 1206 volume
2067 1151 2137 1206 de
2170 1151 2228 1207 la

583 1237 835 1294 nouvelle
861 1236 1078 1293 édition
1109 1237 1185 1293 du
1220 1241 1408 1293 meme
1439 1236 1651 1292 recueil
1687 1255 1792 1310 par
1830 1239 1905 1294 M.
1942 1243 2224 1311 Basnage,

585 1326 676 1400 qui
705 1345 739 1400 y
764 1343 797 1382 a
832 1325 933 1382 fait
965 1325 1250 1399 quelques
1281 1326 1502 1398 legeres
1534 1327 1956 1383 observatione.

648 1415 774 1470 3°A
819 1419 877 1471 la
923 1416 1004 1470 fin
1054 1415 1124 1471 dc
1175 1415 1462 1472 I'Histoire
1493 1415 1562 1470 de
1594 1415 1940 1488 l’cmpereur
1976 1417 2223 1484 Conrad,

582 1503 820 1559 l’auteur
849 1521 882 1560 a
911 1504 1107 1575 ajouté
1131 1522 1206 1559 un
1232 1503 1407 1558 chant
1427 1501 1672 1575 lugubre
1695 1519 1794 1558 sur
1817 1504 1871 1559 la
1897 1509 2048 1560 mort
2070 1506 2138 1560 de
2162 1521 2226 1562 ce

582 1593 790 1665 prince.
823 1593 909 1648 En
941 1592 1174 1666 parlant
1204 1593 1274 1648 de
1306 1592 1452 1648 celui
1487 1593 1585 1664 qui
1621 1591 1814 1647 l'avalt
1847 1592 1968 1658 fait,
1999 1591 2039 1646 il
2073 1609 2143 1648 ne
2173 1591 2226 1648 le

584 1679 812 1754 désigne
838 1698 950 1754 que
979 1697 1088 1754 par
1116 1698 1212 1736 ces
1239 1685 1454 1736 termes
1484 1680 1707 1752 quidam
1735 1681 1798 1736 de
1826 1683 2046 1736 nostris.
2081 1682 2226 1737 Mais

581 1769 617 1823 il
649 1770 788 1826 n’est
822 1773 988 1826 autre
1019 1786 1133 1841 que
1162 1769 1390 1841 Vippon
1421 1768 1747 1834 lui-meme,
1783 1769 1879 1840 qui
1913 1786 1973 1824 se
2005 1773 2124 1824 sert
2155 1770 2225 1825 de

585 1858 634 1912 la
658 1861 841 1960 meme
873 1859 1212 1931 expression
1245 1875 1392 1929 pour
1425 1857 1972 1960 désigner‘l’auteu‘r
1999 1859 2075 1912 du
2116 1859 2222 1913 Té-
2256 1896 2302 1960 Β

583 1944 834 2020 tralogue
887 1965 962 2003 ou
1021 1947 1413 2019 panégyrique
1448 1947 1522 2001 du
1557 1947 1638 2000 roi
1671 1945 1866 2001 Henri.
1904 1945 1946 2001 Il
1985 1963 2054 2001 en
2098 1963 2226 2018 rap-

583 2040 734 2107 porte
764 2037 796 2090 ὲ
827 2040 975 2092 cette
1009 2035 1273 2092 occasion
1311 2036 1459 2090 (lcux
1491 2053 1638 2100 vers,
1673 2033 1772 2106 qui
1820 2053 1880 2090 se
1924 2035 2096 2090 liscnt
2143 2051 2222 2089 un

583 2142 684 2196 peu
713 2123 1143 2181 ditl‘éremment
1172 2125 1318 2179 dans
1351 2125 1401 2179 le
1432 2141 1602 2196 corps
1635 2125 1712 2178 du
1746 2130 1978 2196 poémc;
2013 2141 2076 2179 ce
2124 2123 2221 2195 qui

583 2218 733 2286 porte
758 2213 990 2289 ttjuger
1023 2214 1159 2285 qu'il
1214 2214 1266 2268 le
1315 2213 1592 2268 rctoucha
1623 2213 1771 2268 dans
1819 2229 1931 2267 une
1977 2213 2225 2267 seconde

582 2300 785 2358 edition
819 2304 917 2377 qui
952 2303 1130 2358 suivit
1163 2320 1264 2359 son
1291 2301 1538 2357 Histoire
1562 2302 1630 2356 de
1653 2301 1871 2357 Conrad
1897 2300 1948 2356 le
1969 2301 2236 2372 Salique.'

583 2389 794 2463 Vippon
827 2395 1106 2465 présenta
1129 2409 1191 2447 cc
1213 2392 1390 2446 chant
1410 2388 1656 2462 lugubre
1682 2407 1753 2444 au
1775 2390 1858 2445 roi
1885 2390 2056 2444 I-lcnri
2089 2389 2227 2444 lors-

583 2479 714 2551 qu’il
757 2481 896 2536 était
945 2499 981 2536 a
1038 2481 1378 2536 Constance.
1447 2480 1525 2534 La
1581 2479 1738 2550 piece
1788 2478 2044 2534 contient
2091 2477 2235 2533 neuf

2335 622 2616 689 l'éditeur,
2652 643 2722 681 en
2771 626 2828 682 la
2875 628 3086 683 l'aisant
3134 630 3457 701 imprimer,
3479 631 3635 701 joint
3674 633 3825 688 deux
3848 647 3979 691 vers

2334 713 2630 769 cnsemble
2659 714 2804 770 dans
2837 715 2893 770 la
2924 719 3111 772 meme
3141 717 3320 789 ligno,
3350 719 3421 772 de
3453 723 3605 775 sorte
3645 720 3816 792 qu’au
3850 739 3978 794 pre—

2336 801 2482 855 mier
2510 818 2655 874 coup
2697 803 2844 858 d’mil
2879 822 2952 860 on
2996 805 3080 860 les
3111 807 3409 877 prendrait
3457 825 3604 879 pour
3651 810 3722 865 de
3763 813 3980 882 grands

2333 905 2482 955 vers,
2511 895 2565 944 et
2589 890 2671 945 les
2703 892 2972 964 stropbes
3001 911 3146 964 pour
3170 895 3298 949 n’en
3325 896 3590 952 contenir
3617 913 3731 969 que
3753 899 3906 972 cinq.

2407 978 2460 1032 4⁸
2493 978 2566 1033 Μ.
2602 979 2920 1048 Fabricius,
2955 986 3081 1036 tout
3111 985 3144 1036 ὸ,
3173 981 3228 1036 la
3253 983 3329 1037 fin
3363 983 3440 1038 du
3475 997 3560 1040 m°
3588 983 3764 1042 livvre
3798 987 3868 1044 de
3915 1004 3981 1044 sa

2335 1065 2737 1137 Bibliotheque
2769 1067 2948 1124 latine
2979 1071 3056 1124 du
3091 1087 3294 1142 moyen
3325 1077 3448 1144 age,
3481 1089 3516 1126 a
3545 1073 3742 1146 publié
3773 1093 3850 1131 un
3892 1093 3978 1132 re-

2334 1153 2480 1208 cueil
2513 1154 2581 1209 de
2612 1157 2927 1211 Proverbes
2975 1175 3088 1229 que
3139 1158 3190 1214 le
3241 1163 3428 1231 pretre
3472 1161 3696 1233 Vippon
3745 1164 3916 1221 dédia
3947 1169 3981 1221 ι

2333 1242 2528 1308 llenri,
2563 1242 2654 1297 fils
2682 1245 2751 1299 de
2782 1244 3127 1316 l’empereur
3169 1249 3412 1314 Conrad,
3442 1265 3667 1306 comma
3715 1256 3878 1323 porte
3924 1253 3979 1310 le

2333 1330 2483 1384 titre.
2519 1336 2591 1386 Ce
2639 1337 2773 1386 sont
2820 1333 2890 1388 de
2938 1340 3167 1390 courtes
3217 1341 3521 1393 sentences
3571 1337 3840 1408 choisies,
3874 1342 3976 1413 qui

2332 1419 2571 1474 tendent
2602 1423 2634 1475 ὲ
2665 1421 2881 1476 former
2908 1423 2989 1478 les
3020 1423 3241 1479 bonnes
3273 1430 3581 1494 mazurs,et
3603 1427 3979 1499 quel’auteur

2333 1523 2367 1561 a
2395 1507 2714 1579 exprimées
2753 1526 2822 1564 en
2877 1516 3007 1566 cent
3057 1511 3370 1583 cinquante
3413 1518 3646 1586 especes
3676 1517 3748 1572 de
3803 1517 3978 1590 petits

2333 1595 2619 1667 distiques
2668 1597 2865 1663 rimés,
2900 1598 3048 1655 mais
3096 1617 3234 1655 sans
3283 1618 3508 1657 aucune
3554 1619 3784 1661 mesure
3845 1606 3976 1662 uni-

2334 1684 2534 1739 forme.
2571 1685 2675 1740 Les
2699 1682 3026 1759 vingticinq
3060 1687 3322 1752 derniers
3359 1689 3587 1746 roulent
3633 1709 3740 1764 par
3773 1698 3981 1751 autant

2333 1771 2710 1827 d’antitht-ses
2741 1791 2843 1827 sur
2870 1773 2949 1829 les
2978 1775 3130 1830 vices
3162 1780 3216 1830 et
3247 1776 3330 1832 lcs
3359 1783 3578 1846 vertus,
3607 1781 3751 1836 dont
3789 1781 3844 1837 le
3885 1799 3978 1838 ca-

2334 1865 2552 1914 ractere
2583 1861 2653 1916 de
2683 1861 2942 1917 chacune
2970 1868 3058 1919 est
3079 1881 3239 1920 assez
3263 1865 3394 1920 bien
3422 1869 3981 1940 representéL’écrit

2339 1953 2427 2002 est
2456 1949 2765 2019 i-ngénieux
2795 1955 2850 2005 et
2882 1952 2995 2006 fort
3029 1953 3339 2008 instructif.

2404 2038 2461 2090 5⁸
2491 2024 2649 2092 Nous
2678 2055 3006 2110 apprenous
3042 2041 3113 2096 de
3159 2040 3390 2113 Vippon
3441 2046 3630 2101 meme
3659 2046 3797 2118 qu’il
3828 2047 3981 2103 avait

2334 2141 2538 2180 cncore
2569 2129 2840 2198 composé
2871 2145 2948 2184 un
2975 2133 3140 2184 autre
3165 2135 3368 2202 poéme
3399 2132 3467 2187 de
3497 2137 3631 2188 cent
3653 2149 3782 2191 vers
3803 2152 3906 2190 sur
3925 2136 3982 2193 la

2336 2212 2571 2284 rigueur
2617 2217 2870 2270 extreme
2900 2217 2975 2270 du
3009 2217 3153 2272 froid
3189 2219 3326 2290 qu’il
3362 2220 3426 2273 ﬁt
3455 2237 3526 2275 en
3558 2223 3716 2289 1033,
3746 2224 3980 2296 lorsque

2335 2301 2620 2369 Conrad,a
2650 2303 2747 2374 qui
2773 2303 2809 2357 il
2833 2303 2882 2358 le
2908 2307 3341 2376 présonta,était
3371 2312 3584 2381 occupé
3610 2313 3639 2365 ὲ
3664 2315 3979 2383 reconqué-

2335 2390 2434 2454 rir,
2469 2406 2536 2443 en
2571 2390 2930 2462 Bourgogne,
2967 2391 3048 2446 les
3099 2392 3288 2464 places
3341 2396 3480 2450 dont
3531 2397 3738 2467 Eudes,
3789 2405 3977 2455 comta

2337 2479 2406 2532 de
2436 2478 2826 2551 Champagne,
2863 2479 3049 2536 s’était
3077 2484 3408 2554 emparé.Ce
3439 2489 3640 2556 poéme
3663 2491 3752 2542 est
3770 2487 3971 2559 perdu.

1098 2813 1576 2968 VITA
1709 2809 2699 2968 CHUNltADI
2847 2813 3470 2972 SALICI

2079 3082 2479 3128 IMPERATORIS

1470 3241 1569 3330 Α
1581 3255 1899 3331 uclore
1976 3229 2488 3369 PVippone
2530 3231 3104 3371 presbytero

1157 3451 1342 3523 (Apud
1381 3450 1713 3518 Pistorium,
1749 3452 1944 3506 Rerum
1977 3451 2424 3506 Germanicarum
2450 3455 2555 3507 vet.
2587 3451 2809 3522 Script.,
2841 3456 2982 3507 tom.
3017 3453 3058 3519 Ι,
3093 3469 3222 3526 pag.
3257 3453 3406 3524 421.)

2069 3603 2492 3613 _———

1151 3910 1253 3968 AD
1302 3908 1566 3968 REGEM
1614 3907 2049 4001 HENRICUM,
2095 3908 2498 3969 CHUNRADl
2542 3908 3079 3970 IMPERATORIS
3127 3909 3400 3971 FILIUM

631 4067 1078 4126 Gloriosissimo
1110 4066 1444 4138 imperatori
1476 4067 1726 4122 Hammo
1753 4067 1922 4122 tertio
1974 4066 2093 4138 regi
2149 4065 2219 4120 ad
2252 4067 2294 4134 C
2333 4065 2524 4121 bentis
2561 4066 2661 4121 sed
2691 4067 3287 4138 narrantis,quoniam
3321 4083 3454 4122 cum
3487 4067 3802 4139 plurim-um
3833 4072 3977 4126 tem-

563 4171 764 4226 pacem
800 4161 860 4213 et
885 4153 1110 4211 bellum
1141 4153 1368 4223 idoneo,
1399 4153 1606 4208 Wippo
1638 4153 1738 4208 Dei
1771 4154 1957 4224 gratia
1978 4153 2222 4225 presby-

562 4259 666 4312 ter,
701 4260 914 4300 servus
947 4242 1234 4316 regalium
1266 4241 1768 4313 scrvorum,bujus
1789 4241 1946 4297 orbis
1982 4241 2222 4296 Domino

563 4330 1028 4389 dominantium.

627 4421 826 4477 Vitam
861 4420 1156 4478 illustrem
1188 4425 1244 4476 et
1275 4418 1490 4492 inclyta
1518 4423 1681 4492 gesta
1712 4419 2004 4475 Chunradi
2037 4420 2223 4492 impe-

560 4508 776 4566 ratoris
805 4509 998 4582 patris
1029 4509 1136 4575 tui,
1170 4509 1404 4564 domine
1448 4508 1782 4580 imperator,
1815 4508 2065 4564 scribere
2115 4523 2222 4579 op-

557 4602 885 4667 portunum
917 4597 1265 4664 existimavi,
1292 4614 1361 4652 ne
1392 4595 1628 4651 lucerna
1660 4595 1834 4651 lateat
1864 4597 1972 4651 sub
2002 4597 2219 4662 modio,

560 4702 628 4741 ne
660 4679 808 4743 solis
842 4683 1048 4742 radius
1081 4685 1157 4741 sit
1186 4687 1245 4740 in
1279 4684 1500 4752 nubilo,
1535 4701 1606 4740 ne
1636 4684 1822 4739 virtus
1865 4685 2222 4740 memorialis

557 4772 666 4828 obd
678 4779 898 4829 ucatur
923 4771 1230 4830 oblivionis
1258 4772 1728 4844 rubigine.Gesta
1748 4772 1900 4828 enim
1929 4771 2086 4828 illius
2107 4773 2221 4828 nisi

556 4861 846 4932 praeclara
876 4866 933 4917 et
959 4861 1125 4918 valde
1173 4861 1370 4916 lucida
1418 4861 1823 4932 przecederent,
1874 4878 1908 4916 a
1957 4862 2223 4934 sequenti

556 4951 740 5007 nimio
775 4949 1094 5024 splendore
1123 4954 1360 5005 tuarum
1409 4950 1690 5004 virtutum
1740 4950 2074 5006 viderentur
2120 4949 2220 5005 ali-

557 5043 863 5110 quatenus
922 5038 1244 5094 obscurari.
1285 5035 1427 5093 Mibi
1479 5041 1671 5093 autem
1729 5037 1959 5094 servulo
2015 5043 2115 5094 tuo
2171 5039 2222 5094 is

555 5127 801 5182 animus
857 5131 966 5198 est,
1014 5128 1064 5183 si
1113 5123 1266 5182 Deus
1297 5131 1598 5194 annueret,
1633 5126 1942 5198 utriusque
1973 5131 2105 5182 acta
2134 5143 2221 5183 re-

557 5215 730 5282 ferre,
763 5231 899 5287 quae
931 5215 1271 5271 acciderunt
1316 5231 1410 5270 me
1462 5214 1792 5286 superstite,
1828 5216 1909 5270 ita
1937 5215 2088 5270 inter
2117 5231 2222 5272 nos

555 5302 1007 5377 distinguendo,
1042 5307 1106 5358 ut
1147 5303 1211 5357 in
1261 5301 1510 5358 alterum
1559 5319 1740 5374 remp.
1775 5307 1975 5374 utpote
2007 5303 2223 5359 Roma-

555 5408 698 5446 num
714 5391 1040 5464 imperium
1059 5390 1935 5458 salubriterincidisse,alterum
1954 5391 2219 5446 eamdem

555 5473 998 5535 rationabiliter
1041 5479 1339 5536 sanavissc
1388 5479 1665 5534 veraciter
1715 5479 1927 5534 dicam.
1963 5479 2124 5544 Quod
2165 5479 2216 5533 si

555 5566 694 5622 hinc
722 5565 870 5641 plus
897 5565 986 5622 vel
1018 5566 1236 5635 minus,
1266 5565 1353 5622 vel
1379 5565 1546 5623 aliter
1584 5582 1757 5639 quam
1808 5581 1870 5622 se
1917 5565 2218 5640 integritas

555 5672 758 5714 rerum
793 5655 993 5723 habet,
1027 5654 1220 5712 scribo
1245 5653 1332 5711 vel
1363 5655 1698 5723 dixero,non
1730 5653 1838 5710 erit
1869 5652 2038 5729 culpa
2068 5655 2216 5711 scri-

2331 4171 2443 4226 pus
2474 4154 2784 4221 infirmavi,
2817 4172 2931 4210 non
2973 4155 3133 4226 potui
3183 4154 3242 4209 in
3292 4155 3513 4228 capella
3558 4156 3805 4213 senioris
3858 4157 3974 4214 mei

2329 4243 2623 4299 Chunradi
2657 4243 2988 4315 frequenter
3011 4242 3320 4298 adesse.De
3351 4242 3442 4298 bis
3469 4248 3665 4300 autem
3696 4261 3824 4317 qua
3847 4245 3976 4319 ipse

2328 4333 2447 4386 vidi
2496 4335 2552 4386 et
2598 4333 2668 4386 ab
2715 4331 2846 4387 aliis
2876 4329 3089 4403 accepi,
3120 4331 3373 4385 fructum
3427 4347 3460 4386 a
3503 4333 3667 4388 vobis
3706 4332 3975 4406 colligere

2329 4419 2658 4476 volentibus
2683 4419 2827 4492 style
2847 4419 3108 4474 veritatis
3139 4419 3376 4474 innixus
3407 4421 3818 4492 propalabo.Et
3837 4439 3979 4494 quo-

2329 4509 2489 4564 niam
2517 4513 2657 4563 sunt
2681 4508 2944 4580 quzedam
2977 4524 3103 4578 quae
3130 4507 3358 4562 vivente
3397 4513 3558 4580 patre
3605 4509 3980 4566 laudabiliter

2330 4596 2731 4669 egisti,eadem
2765 4596 2916 4650 inter
2945 4599 3073 4650 acta
3103 4595 3286 4667 patris
3313 4596 3580 4667 ponenda
3609 4613 3974 4654 censusram.

2331 4688 2467 4751 Quae
2497 4702 2626 4740 vero
2657 4688 2788 4756 post
2815 4684 3040 4741 obitum
3071 4683 3228 4738 illius
3258 4683 3508 4756 gloriose
3537 4684 3756 4741 feceras
3782 4701 3887 4758 per
3915 4701 3979 4743 se

2331 4773 2657 4828 ordinanda
2715 4771 2956 4828 decrevi.
3004 4771 3064 4827 Si
3120 4788 3254 4826 vero
3311 4771 3492 4845 aliqui
3549 4772 3978 4830 calumniantes

2330 4861 2615 4933 objiciunt
2647 4861 2791 4916 mihi
2822 4861 2929 4916 hoc
2959 4877 3104 4932 opus
3130 4877 3622 4932 supervacaneum
3665 4878 3816 4927 esse.
3841 4879 3978 4919 cum

2329 4956 2386 5005 et
2417 4950 2512 5004 alii
2544 4950 2614 5005 dc
2639 4951 2838 5005 eadem
2872 4966 2932 5004 re
2961 4949 3323 5021 scripserint,
3357 4947 3489 5003 licet
3516 4949 3650 5005 inde
3693 4966 3808 5005 non
3835 4951 3978 5006 dum

2330 5038 2551 5110 aliquid
2587 5037 2872 5109 scriptum
2901 5037 3570 5108 vidissem,respondebo
3595 5055 3609 5093 :
3640 5040 3702 5092 In
3725 5055 3821 5094 ore
3841 5039 3980 5095 due-

2330 5143 2460 5181 rum
2489 5126 2732 5180 testium
2781 5125 2961 5182 stabit
3007 5142 3178 5180 omne
3234 5125 3758 5194 testimonium;et
3803 5127 3980 5182 verba

2330 5213 2542 5269 Christi
2575 5213 2634 5268 in
2662 5212 3110 5286 Evangelio,non
3141 5227 3242 5284 per
3271 5229 3454 5268 unum
3485 5214 3698 5281 solum,
3733 5215 3833 5270 sed
3876 5230 3981 5286 per

2331 5306 2582 5374 quatuor
2629 5305 2807 5356 testes
2852 5301 3092 5357 idoneos
3134 5301 3192 5356 in
3240 5300 3498 5357 Ecclesia
3538 5301 3788 5358 dilatari.
3823 5303 3976 5368 Tibi,

2331 5405 2560 5446 summe
2609 5389 2944 5461 imperator,
2980 5388 3087 5444 hoc
3137 5405 3286 5462 Opus
3328 5391 3596 5456 devoveo.
3647 5391 3756 5444 tibi
3813 5394 3978 5461 gesta

2330 5478 2510 5551 patris
2539 5481 2912 5548 represento,
2947 5485 3011 5531 ut
3042 5477 3270 5548 quoties
3301 5477 3425 5548 ipse
3475 5494 3566 5533 res
3618 5476 3974 5533 clarissimas

2328 5581 2497 5638 agere
2526 5564 2852 5632 meditaris,
2885 5564 3048 5638 prius
3099 5568 3372 5637 paternas
3422 5566 3665 5620 virtutes
3712 5561 3869 5618 velut
3911 5561 3970 5615 in

2327 5653 2580 5730 speculo,
2615 5653 2976 5728 imaginaris,
3008 5658 3065 5711 et
3093 5652 3236 5709 illud
3266 5651 3326 5710 in
3356 5657 3416 5710 te
3442 5652 3640 5710 ﬂoreat
3667 5648 3970 5706 abundan-
