4868 6472
1427 433 1584 492 1219

2675 429 3016 492 WIPONIS
3061 429 3578 492 PRESBYTERI.

4705 429 4834 488 {210

1420 565 1540 620 tius
1573 563 1729 635 quod
1777 561 2128 618 haereditasti
2176 579 2211 617 a
2254 563 2460 634 patriis
2509 563 2823 628 radicibus,
2859 563 2957 634 qui
3007 568 3068 616 ut
3103 569 3148 629 Α
3181 567 3347 616 tuum
3379 560 3718 617 diuturnius
3747 559 4022 618 omnibus
4071 560 4207 629 illis,
4243 562 4484 619 favente
4517 560 4644 618 Deo
4676 560 4835 616 omni-

1423 660 1666 709 cunrtos
1697 657 2092 708 antecessores
2123 656 2255 706 tuos
2288 651 2343 704 in
2377 652 2728 722 quibusdam
2761 650 2972 707 divinis
3019 656 3077 706 et

1423 740 1744 797 mundanis
1777 741 1950 796 rebus
1978 740 2377 812 superasti,ita
2408 757 2652 813 regnum
2684 745 2738 795 et
2760 739 3073 813 imperium

3185 655 3438 723 potente,
3473 650 3749 706 merearis
3775 649 4054 706 obtinere.
4087 650 4253 707 Vale.

2612 1047 3192 1160 INCIPIT
3282 1048 3635 1157 VITA

2041 1261 2432 1318 PROLOGUS.

1485 1353 1695 1408 Rerum
1715 1349 2035 1407 labentium
2054 1349 2354 1422 fugitivam
2376 1352 2717 1406 memoriam
2734 1352 3058 1406 litterarum

1408 1439 1655 1498 vinculis
1700 1443 2062 1500 connectere,
2107 1443 2164 1493 et
2216 1440 2534 1510 praesertim
2585 1441 2896 1495 Christiani
2945 1441 3061 1495 im-

1408 1529 1552 1602 perii
1583 1527 1787 1583 laudes
1819 1527 1989 1582 inerti
2021 1525 2253 1582 silentio
2281 1545 2393 1582 non
2430 1529 2837 1595 transire,cum
2871 1534 2928 1584 et
2970 1529 3061 1586 his

1408 1618 1509 1690 qui
1556 1617 1669 1672 hoc
1716 1616 1776 1671 in
1827 1615 1933 1669 hac
1981 1614 2099 1670 vita
2145 1615 2291 1670 bene
2353 1616 2868 1683 administrabant,
2926 1617 3062 1672 inde

1411 1706 1679 1778 quedam
1703 1705 2109 1776 perpetuitatis
2133 1705 2407 1776 perduret
2427 1705 2761 1776 gloria,tum
2791 1706 3057 1776 posteris,

1409 1795 1456 1848 si
1484 1792 1744 1848 aemulari
1776 1798 2042 1864 parentes
2088 1791 2286 1858 velint,
2321 1793 2466 1848 bene
2512 1793 2739 1848 vivendi
2792 1795 3060 1865 apposita

1406 1883 1484 1939 sit
1513 1883 1719 1948 forma,
1753 1885 1954 1952 aptum
1999 1885 2056 1936 et
2102 1881 2453 1936 conveniens
2504 1899 2632 1936 esse
2675 1883 2890 1953 putavi,
2923 1883 3059 1954 quia

1405 1971 1548 2026 utile
1590 1968 1919 2042 exemplum
1977 1968 2264 2023 imitantis
2319 1969 2581 2024 animum
2641 1971 3054 2042 promptiorem

1405 2064 1580 2132 atque
1618 2057 1938 2112 firmiorem
1987 2056 2046 2112 in
2089 2058 2264 2112 rebus
2313 2058 2552 2128 agendis
2603 2058 2839 2113 reddere
2890 2057 3053 2113 solet.

1407 2150 1550 2204 Item
1581 2149 1647 2204 fit
1677 2145 2022 2218 plerumque
2069 2151 2134 2200 ut
2181 2147 2252 2201 de
2311 2145 2482 2201 laude
2542 2147 2831 2217 majorum
2893 2147 3056 2202 facile

1405 2241 1684 2294 noscatur
1713 2234 2059 2290 verecundia
2090 2251 2103 2289 :
2141 2239 2196 2289 et
2227 2235 2489 2290 confusio
2514 2235 2950 2306 posterorum,si
2985 2237 3056 2291 de

1403 2325 1498 2383 his
1527 2325 1732 2381 saltem
1767 2341 1878 2378 non
1907 2322 2282 2395 aequaverint,
2315 2339 2448 2378 cum
2479 2329 2643 2394 gesta
2669 2326 3054 2388 eorum,fama

1400 2416 1663 2480 docente,
1725 2411 2110 2468 laudaverint.
2169 2411 2239 2466 Ut
2285 2413 2440 2466 enim
2502 2413 2686 2466 virtus
2747 2412 3055 2484 plerosque

1398 2503 1668 2575 vulgares
1737 2500 2025 2565 nobilitat,
2090 2499 2173 2555 sic
2223 2499 2497 2555 nobilitas
2555 2501 2682 2556 sine
2739 2501 3053 2556 virtutibus

1399 2591 1617 2648 multos
1684 2588 1908 2644 nobiles
1973 2589 2306 2659 degenerat.
2343 2588 2619 2644 Praeterea
2677 2589 2906 2643 videtur
2939 2607 3053 2644 non

1399 2679 1572 2736 licere
1601 2679 1673 2734 de
1697 2676 1956 2732 victoriis
1987 2675 2407 2730 catholicorum
2462 2675 2790 2746 principum
2844 2682 3052 2741 tacere,

1401 2772 1460 2824 et
1482 2773 1859 2839 tyrannorum
1893 2762 2216 2818 infidelium
2251 2763 2582 2834 triumphos
2616 2764 2790 2835 largis
2816 2766 3056 2820 vocibus

1401 2855 1700 2929 publicare
1731 2870 1743 2908 :
1777 2853 1920 2907 satis
1945 2851 2336 2906 inconsultum
2362 2859 2450 2906 est
2473 2854 2791 2923 superbum
2816 2854 3055 2926 Tarqui-

1402 2945 1590 3010 nium,
1621 2939 1879 2998 Tullium
1911 2945 1966 2996 et
1995 2942 2483 3012 Ancum,patrem
2513 2941 2770 3004 Aineam,
2806 2944 3051 2997 ferocem

1402 3031 1708 3099 Rutulum,
1755 3035 1810 3086 et
1859 3029 2195 3100 hujusmodi
2247 3029 2542 3101 quoslibet
2591 3037 2645 3084 et
2698 3030 2948 3086 scribere
2999 3037 3054 3086 et

1400 3121 1619 3195 legere;
1649 3123 1876 3176 nostros
1907 3123 2099 3174 autem
2133 3118 2364 3174 Carolos
2407 3123 2581 3192 atque
2631 3124 2746 3174 tres
2791 3121 3050 3188 Ottoues,

1400 3211 1807 3283 imperatorem
1865 3209 2177 3263 Henricum
2245 3209 2591 3275 secundum,
2634 3209 3050 3264 Chuonradum

1397 3300 1802 3372 imperatorem
1837 3300 2056 3369 patrem
2089 3296 2497 3369 gloriosissimi
2525 3297 2677 3367 regis
2696 3297 2922 3352 Henriei
2949 3299 3046 3364 lll,

3089 2017 3136 2081 Β

3170 1262 3570 1317 indubitanter
3618 1264 3960 1318 docuerunt.
4006 1263 4280 1319 Animam
4329 1279 4470 1319 vero
4519 1263 4838 1318 humanam

3171 1351 3560 1406 immortalem
3590 1351 3799 1418 essc,id
3824 1369 3892 1407 ex
3909 1351 4109 1407 multis
4133 1351 4474 1407 rationibus
4498 1353 4839 1424 probarunt.

3171 1445 3295 1494 tum
3331 1441 3484 1508 inde,
3521 1440 3674 1511 quod
3707 1441 3848 1495 dum
3875 1441 4168 1512 corporeis
4205 1441 4458 1496 nexibus
4492 1440 4761 1506 inclusa,
4791 1459 4840 1495 ea

3168 1527 3436 1584 libertate
3467 1527 3670 1598 utitur,
3705 1533 3769 1583 ut
3800 1529 3972 1584 modo
4005 1529 4264 1585 sidereos
4315 1546 4632 1598 recessus,
4687 1531 4840 1585 mode

3171 1621 3462 1682 terrestre,
3497 1617 3790 1672 interdum
3825 1617 4053 1672 marina
4091 1618 4311 1684 abdita,
4345 1635 4481 1690 qua:
4540 1635 4840 1691 nunquam

3167 1705 3546 1776 corporaliter
3575 1705 3823 1772 videbat,
3857 1706 4037 1761 vivaci
4089 1712 4252 1761 motu
4282 1705 4689 1778 cogitationis
4730 1725 4840 1780 per-

3167 1799 3394 1859 currat;
3429 1794 3744 1865 aliquando
3783 1793 4086 1866 vigilante;
4139 1794 4442 1851 interdum
4498 1794 4836 1868 quiescente

3165 1882 3686 1954 corporc,plurima
3719 1883 3915 1938 futura
3945 1900 4073 1948 suo,
4108 1900 4220 1937 non
4253 1881 4447 1939 alieno
4484 1884 4658 1953 visu,
4693 1886 4837 1940 colli-

3168 1977 3284 2041 gat,
3319 1987 3498 2042 caque
3533 1971 3815 2026 memoria
3855 1969 4102 2026 retineat
4152 1987 4166 2026 :
4221 1969 4516 2027 nebuloso
4553 1973 4837 2028 velamine

3167 2060 3358 2114 carnis
3393 2066 3583 2124 exuta,
3619 2059 3803 2114 multo
3834 2058 4076 2116 liberius
4105 2060 4308 2115 eadem
4363 2059 4698 2118 vivacitate
4728 2080 4840 2134 per-

3166 2148 3413 2212 fruatur,
3451 2148 3624 2218 idque
3655 2148 3908 2212 credere,
3938 2147 4078 2218 quin
4124 2147 4321 2219 potius
4371 2148 4534 2204 scire
4595 2153 4838 2206 maxime

3166 2237 3295 2289 usui
3333 2237 3450 2289 fore
3483 2234 3842 2306 principibus
3872 2235 4088 2300 aiebat,
4117 2235 4219 2307 qui
4249 2253 4403 2308 saepe
4438 2253 4555 2308 per
4593 2239 4836 2294 insolen-

3164 2325 3308 2378 tiam
3343 2329 3754 2395 torpescentes,
3789 2325 4089 2396 sequentis
4118 2325 4248 2378 vitae
4279 2326 4618 2382 commoda
4653 2329 4834 2383 minus

3164 2413 3492 2466 attendunt.
3526 2413 3914 2474 Quamobrem
3956 2411 4275 2467 victoribus
4321 2416 4571 2470 statuas
4627 2423 4689 2471 et
4731 2433 4833 2471 mo-

3166 2505 3443 2556 numenta
3463 2518 3639 2571 quam
3665 2500 4034 2572 amplissima
4057 2501 4316 2556 fecerunt
4332 2502 4828 2574 antiqui,eorum-

3163 2607 3275 2661 que
3307 2597 3434 2644 acta
3465 2589 3701 2644 inscribi
3726 2591 3933 2646 debere
3957 2593 4402 2656 censuerant,ut
4437 2590 4568 2648 illis
4595 2594 4828 2650 mortuis

3165 2677 3349 2733 honor
3376 2679 3726 2746 exstaret,ad
3761 2684 4101 2750 perpetuam
4135 2678 4490 2735 memoriam
4524 2683 4830 2752 posterita-

3164 2766 3515 2837 tis,quorum
3545 2767 3772 2820 animas
3803 2766 3990 2822 vivere
4021 2766 4336 2821 credebant
4359 2765 4419 2821 in
4452 2775 4826 2842 perpetuum.

3164 2855 3317 2908 Licet
3349 2855 3457 2925 ipsi
3491 2855 3750 2909 humana
3783 2860 4011 2909 tantum
4043 2854 4333 2925 sapientia
4379 2853 4830 2929 investigarent.

3164 2942 3658 2997 immortalitatem
3683 2943 3912 3008 animae,
3940 2960 4067 3015 quze
4092 2941 4210 2997 illis
4237 2942 4495 2998 necdum
4531 2961 4572 2999 a
4604 2946 4828 3001 Christo

3163 3035 3261 3085 aut
3293 3031 3580 3103 promissa
3629 3030 3713 3085 vel
3765 3037 4002 3086 ostensa
4051 3031 4238 3086 fuerat
4273 3047 4286 3085 :
4322 3031 4466 3088 hinc
4498 3037 4720 3091 tamen
4751 3037 4834 3090 ad-

3161 3120 3341 3183 ducti,
3373 3125 3430 3174 et
3451 3119 3744 3190 justitiam
3781 3119 3892 3191 ipsi
3923 3119 4276 3186 colebant,et
4306 3119 4458 3175 hanc
4495 3125 4832 3178 rectoribus

3161 3209 3382 3280 patriae,
3416 3208 3648 3279 scriptis
3699 3208 3822 3263 suis
3871 3208 4185 3280 diligenter
4231 3206 4649 3274 inculcabant,
4703 3215 4835 3267 Acta

3158 3314 3291 3351 vero
3334 3297 3684 3369 Reipublicae
3717 3297 3863 3352 mori
3905 3296 4081 3353 simul
4132 3313 4268 3351 cum
4315 3298 4447 3368 ejus
4502 3302 4835 3356 rectoribus

1399 3394 1458 3445 et
1488 3387 1759 3444 eumdem
1793 3386 2106 3441 Henricum
2140 3402 2334 3457 regem
2366 3386 2423 3440 in
2448 3385 2674 3441 Christo
2693 3386 3056 3458 triumphan-
3085 3382 3128 3449 C
3165 3385 3426 3440 arbitrati
3479 3390 3638 3449 sunt,
3689 3385 3801 3440 nisi
3859 3385 4016 3458 quod
4074 3386 4285 3442 accidit
4340 3390 4666 3445 notaretur
4715 3407 4730 3444 :
4791 3399 4836 3445 et

1395 3483 1534 3544 tem,
1569 3475 1810 3531 omnino
1855 3472 2171 3545 negligere.
2219 3473 2553 3528 Verendum
2607 3479 2694 3528 est
2755 3475 3051 3530 modernis

1397 3562 1781 3637 scriptoribus
1810 3561 1947 3616 vitio
1979 3561 2235 3632 torporis
2283 3562 2438 3632 apud
2488 3561 2669 3617 Deum
2732 3562 3003 3618 vilescere
3035 3581 3048 3619 :

1398 3669 1534 3708 cum
1567 3649 1861 3722 primitiva
1907 3649 2221 3704 auctoritas
2268 3649 2476 3705 veteris
2520 3651 2877 3705 Testamenti
2923 3668 3050 3722 quae

1399 3739 1682 3796 historias
1703 3741 1940 3792 Patrum
1964 3737 2259 3792 fructifero
2285 3736 2482 3793 labore
2503 3737 2810 3809 diligenter
2835 3745 3048 3807 exarat,

1401 3841 1684 3884 novarum
1709 3841 1903 3880 rerum
1929 3824 2151 3895 frugem
2176 3824 2232 3878 in
2253 3825 2545 3880 memorize
2568 3825 2800 3881 cellario
2819 3827 3048 3882 recondi

1401 3917 1610 3973 debere
1655 3913 1984 3987 prmﬁguret
2029 3917 2085 3968 et
2130 3914 2352 3968 doceat.
2401 3914 2496 3969 Sic
2542 3915 2856 3981 Abraham,
2904 3915 3048 3971 Loth

1400 4003 1737 4061 fratruelem
1761 4019 1933 4058 suum
1953 4002 2010 4056 in
2035 4002 2182 4058 bello
2202 4002 2479 4059 liberasse
2497 4021 3048 4072 commemoramus,

1399 4093 1662 4162 sic,filios
1689 4091 1862 4148 Israel
1896 4091 2094 4146 hostes
2127 4090 2388 4146 diversos
2420 4109 2729 4164 superasse
2761 4093 3048 4165 comperi-

1398 4200 1554 4239 mus.
1587 4181 1680 4237 Sic
1712 4179 1888 4235 David
1938 4179 2095 4252 regis
2145 4179 2360 4252 praelia,
2405 4180 2734 4236 Salomonis
2784 4181 3048 4247 consilia,

1397 4271 1683 4328 Gedeonis
1724 4269 1978 4341 ingenia,
2027 4267 2490 4324 Macbabzeorum
2541 4286 2768 4342 pugnas
2817 4276 3052 4342 propter

1398 4359 1753 4431 scriptorum
1803 4356 2032 4428 copiam
2080 4374 2195 4428 pra:
2245 4356 2432 4412 oculis
2482 4356 2787 4414 habemus.
2816 4359 3050 4414 Veteres

1399 4448 1558 4504 enim
1587 4445 1918 4519 philosophi
1945 4446 2172 4500 diverso
2185 4446 2358 4500 modo
2378 4444 2724 4518 Reipublicae
2748 4446 3052 4502 consulue-

1399 4539 1550 4592 rant.
1602 4534 1948 4591 Reterebant
2001 4533 2347 4606 plerumque
2412 4535 2644 4590 somnia
2704 4534 3047 4607 probabilia,

1381 4625 1615 4698 quibus
1638 4623 1867 4680 animos
1894 4623 2232 4678 auditorum
2287 4621 2634 4678 indueerent
2681 4623 2739 4677 in
2790 4623 2846 4677 id
2893 4623 3047 4694 quod

1375 4713 1694 4811 affirmare
1725 4711 2134 4811 instituerunt...
2161 4711 2462 4809 Interdum
2485 4711 2567 4811 ‘ad
2600 4711 2753 4766 idem
2787 4711 3044 4811 officium
3081 4747 3126 4811 Β

1399 4799 1696 4857 fabulosas
1727 4801 2088 4856 narrationes
2121 4799 2388 4855 honestis
2421 4799 2596 4854 rebus
2623 4804 2678 4854 et
2709 4799 3050 4856 nominibus

1379 4887 1638 4956 velatas,
1670 4903 1805 4944 cum
1837 4887 2177 4956 huiusmodi
2211 4888 2492 4960 figmenta
2537 4886 2620 4942 nil
2663 4885 3048 4960 philosophias

1399 4975 2241 5048 refragentur,adinvenerunt;
2275 4993 2425 5048 srepe
2455 4975 2671 5047 apertis
2703 4976 3049 5048 disputatio-

1397 5065 1574 5120 nibus
1597 5064 1839 5120 rationis
1851 5065 2026 5120 fidem
2040 5064 2330 5119 faciebant
2357 5063 2705 5136 Reipubliea
2727 5065 3050 5121 rectdribus

1398 5151 1626 5209 animos
1655 5151 1948 5206 humanos
1977 5155 2226 5206 aeternos
2256 5167 2383 5208 esse
2415 5170 2428 5208 ε
2462 5155 2610 5219 et,ut
2638 5154 2812 5208 refert
2834 5154 3052 5210 Macro-

1398 5239 1552 5307 bius,
1586 5239 1883 5296 Socratem
1921 5237 2137 5292 dixisse
2181 5239 2437 5295 animam
2487 5245 2619 5312 post
2661 5241 2890 5297 animas
2933 5259 3048 5298 non

1397 5329 1622 5403 perire;
1655 5331 1828 5398 atque
1851 5342 2057 5381 omnes
2079 5341 2223 5396 pene
2245 5326 2576 5400 philosophi
2601 5329 2847 5385 humani
2869 5331 3048 5386 studii

1397 5419 1658 5473 fructum
1687 5430 1801 5469 non
1833 5430 1968 5470 cum
1995 5413 2112 5468 vita
2139 5413 2326 5487 ipsius
2357 5417 2788 5482 terminari,sed
2823 5435 3046 5485 omnes,

1401 5504 1502 5578 qui
1533 5501 1783 5574 patriam
1822 5500 2193 5587 adjuverinth
2223 5509 2279 5560 et
2323 5504 2512 5578 legem
2559 5508 3047 5575 conservaverint,

1402 5589 1758 5664 sempiterno
1787 5608 1904 5648 evo
1939 5589 2180 5648 feliciter
2207 5593 2448 5666 perfrui,
2473 5592 2718 5664 justitite
2744 5611 2876 5650 vero
2906 5612 3046 5652 con-

1402 5678 1790 5755 temptoribus
1801 5679 1955 5756 justi
1979 5676 2498 5758 Creatorisjudicio
2529 5697 2756 5755 pmnam
2771 5685 3048 5742 reservari

3158 3477 3394 3546 propter
3423 3473 3707 3529 desidiam
3732 3473 3942 3530 silendi
3975 3473 4290 3530 maximam
4315 3476 4658 3548 perniciem
4695 3479 4834 3539 fieri.

3159 3563 3207 3618 si
3241 3579 3307 3617 ex
3339 3561 3570 3634 scriptis
3602 3563 4044 3618 remanentibus
4075 3580 4190 3618 non
4213 3568 4440 3636 pateret
4460 3563 4626 3622 illud
4653 3585 4833 3623 unum

3159 3650 3552 3722 quodcunque
3583 3651 3746 3721 sequi
3797 3651 4138 3706 defunctum
4188 3651 4283 3706 cui
4331 3651 4508 3710 vivus
4560 3655 4836 3712 abhibui:

3160 3737 3567 3795 studium.Nos
3591 3744 3784 3794 autem
3809 3755 3843 3794 a
3866 3739 4083 3810 quibus
4113 3756 4308 3795 sermo
4335 3741 4622 3800 veritatis
4645 3744 4839 3800 elima-

3160 3828 3317 3882 navit
3349 3832 3637 3898 torporem
3671 3827 4320 3895 taciturnitatis,dicens
4355 3845 4369 3883 :
4402 3829 4578 3894 Quod
4606 3832 4672 3888 in
4705 3850 4838 3889 aure

3158 3916 3322 3971 vobis
3355 3916 3411 3970 in
3445 3915 3700 3971 tenebris
3730 3915 3903 3971 dicite
3934 3916 3993 3972 in
4026 3915 4270 3982 lumine,
4303 3922 4362 3972 et
4393 3919 4564 3990 quod
4608 3921 4672 3976 in
4709 3940 4836 3977 ann?

3159 4003 3393 4071 auditis,
3466 4004 3770 4074 praedicate
3829 4021 4005 4076 super
4060 4009 4235 4071 tecta,
4295 4022 4402 4060 cur
4458 4007 4836 4084 principibus

3158 4092 3503 4148 Christianis
3522 4097 3577 4146 et
3598 4092 3954 4164 Evangelica:
3987 4092 4120 4148 fidei
4144 4095 4555 4152 assertoribus
4581 4103 4838 4155 sustine

3160 4199 3291 4237 mus
3325 4180 3543 4251 negari,
3576 4179 3729 4252 quod
3781 4181 3904 4236 suis
3955 4179 4106 4236 ultro
4154 4182 4407 4238 offerant
4457 4189 4740 4258 pagani?
4789 4191 4836 4242 Si

3157 4270 3313 4324 enim
3345 4268 3523 4323 nostri
3567 4267 3835 4323 catholici
3891 4285 4055 4340 reges
4102 4287 4247 4323 verae
4300 4270 4436 4326 fidei
4491 4274 4836 4333 defensores

3159 4357 3345 4430 legem
3365 4374 3428 4411 ac
3450 4373 3649 4428 pacem
3669 4356 4092 4428 Christi,quam
4127 4357 4297 4412 nobis
4314 4375 4419 4430 per
4440 4360 4834 4435 Evangeliuu:

3159 4464 3331 4502 suum
3367 4445 3623 4510 tradidit,
3656 4443 3781 4500 sine
3807 4445 4063 4516 periculo
4096 4447 4332 4513 erroris,
4357 4447 4834 4524 gubernant,qui

3157 4552 3358 4590 eorum
3388 4532 3690 4588 benefacta
3735 4534 3970 4604 scriptis
4002 4535 4127 4590 suis
4159 4533 4674 4606 manifestabunt,
4710 4541 4836 4614 quid

3158 4623 3312 4679 aliud
3329 4639 3503 4695 quam
3519 4620 3899 4693 Evangelium
3922 4621 4136 4677 Christi
4160 4623 4584 4695 prmdicabunt
4600 4629 4839 4696 ?Quam‘

3156 4713 3242 4768 vis
3263 4713 3497 4768 animus
3518 4711 3824 4766 scribentis
3842 4711 4070 4766 vacillet
4091 4713 4330 4784 aggredi
4351 4713 4588 4774 arduas
4615 4737 4716 4776 res
4738 4736 4839 4774 ma-

3157 4806 3288 4857 turo
3319 4799 4089 4871 consilio,moraligravitate
4110 4817 4472 4874 summaque
4497 4808 4837 4864 constantia

3158 4894 3444 4962 peractas,
3476 4892 3532 4944 et
3575 4886 3624 4942 si
3672 4886 3868 4960 inepto
3914 4886 4076 4956 luxu,
4109 4887 4194 4945 vel
4246 4890 4382 4945 fieta
4431 4894 4712 4952 audacia
4751 4909 4835 4952 ac:

3159 4978 3478 5050 cupiditate
3524 4976 3817 5048 flagitiosa
3865 4976 4032 5042 ﬁant,
4064 4993 4157 5034 res
4208 4977 4270 5032 in
4318 4979 4555 5050 quibus
4614 4986 4835 5043 cunctis

3158 5067 3502 5138 scriptorem
3533 5069 3758 5136 oportet
3787 5065 4026 5133 versari,
4061 5071 4117 5120 et
4147 5067 4205 5122 in
4238 5067 4387 5123 actis
4419 5084 4678 5146 eorum,
4704 5089 4833 5147 quae

3157 5160 3340 5221 notat,
3371 5152 3664 5226 vulganda
3693 5156 3832 5208 sunt
3859 5156 3980 5208 tam
4002 5158 4168 5226 gesta
4190 5171 4367 5226 quam
4398 5159 4832 5235 omissa,proat

3160 5243 3406 5300 facultas
3435 5241 3653 5314 ingenii
3685 5240 4004 5308 dederit,ex
4032 5259 4151 5314 qua
4174 5259 4235 5300 re
4267 5244 4406 5300 boni
4440 5248 4524 5302 ad
4563 5251 4835 5307 virtutem

3157 5331 3495 5388 ineitaverat
3525 5329 3748 5402 religio,
3780 5334 3837 5384 et
3865 5332 4241 5388 commendat
4271 5332 4567 5408 intentio,
4599 5345 4669 5396 et
4719 5356 4836 5413 pro-

3159 5421 3308 5476 derit
3354 5418 3572 5494 patriae,
3623 5423 3680 5473 et
3726 5418 4053 5476 benedictio
4121 5421 4406 5478 conducit
4469 5427 4832 5498 posteritati.

3159 5510 3320 5574 Quod
3354 5507 3606 5582 praeterit
3627 5507 3685 5562 in
3709 5513 3982 5581 promptu
4005 5509 4418 5582 est,quidquid
4452 5522 4678 5573 autem
4703 5519 4834 5574 futu-

3159 5616 3288 5654 rum
3321 5603 3428 5662 est,
3463 5613 3577 5652 non
3627 5599 3715 5650 est
3765 5595 3822 5650 in
3875 5597 4250 5668 praenotione.
4282 5601 4417 5664 Qua
4456 5603 4540 5660 de
4575 5623 4644 5664 re
4679 5613 4833 5678 atque

3159 5704 3260 5764 spe
3287 5686 3576 5744 adductus
3602 5683 3722 5743 haec
3745 5684 3998 5744 scribere
4025 5685 4176 5743 volui
4205 5687 4280 5745 ad
4311 5705 4729 5756 communem
4751 5693 4836 5752 utr
