  <div class='ocr_page' id='page_1' title='image "/cluster/home/n/w/nwhite01/storage/ocr_20150623/142-143/uc1.31175018423130/620.png"; bbox 0 0 4868 6456; ppageno 0'>
   <div class='ocr_carea' id='block_1_1' title="bbox 687 491 849 551">
    <p class='ocr_par' dir='ltr' id='par_1_1' title="bbox 687 491 849 551">
     <span class='ocr_line' id='line_1_1' title="bbox 687 491 849 551; baseline 0.012 -2"><span class='ocrx_word' id='word_1_1' title='bbox 687 491 849 551; x_wconf 72' lang='grc'><strong>1225</strong></span> 
     </span>
    </p>
   </div>
   <div class='ocr_carea' id='block_1_2' title="bbox 1957 489 2845 552">
    <p class='ocr_par' dir='ltr' id='par_1_2' title="bbox 1957 489 2845 552">
     <span class='ocr_line' id='line_1_2' title="bbox 1957 489 2845 552; baseline 0.001 -1"><span class='ocrx_word' id='word_1_2' title='bbox 1957 491 2141 551; x_wconf 79' lang='lat' dir='ltr'><strong>VITA</strong></span> <span class='ocrx_word' id='word_1_3' title='bbox 2192 489 2535 550; x_wconf 79' lang='lat' dir='ltr'>CONRADI</span> <span class='ocrx_word' id='word_1_4' title='bbox 2579 490 2845 552; x_wconf 85' lang='lat' dir='ltr'>SALlCI.</span> 
     </span>
    </p>
   </div>
   <div class='ocr_carea' id='block_1_3' title="bbox 3936 491 4095 559">
    <p class='ocr_par' dir='ltr' id='par_1_3' title="bbox 3936 491 4095 559">
     <span class='ocr_line' id='line_1_3' title="bbox 3936 491 4095 559; baseline 0.013 -6"><span class='ocrx_word' id='word_1_5' title='bbox 3936 491 4095 559; x_wconf 71' lang='grc'>1926</span> 
     </span>
    </p>
   </div>
   <div class='ocr_carea' id='block_1_4' title="bbox 684 602 4095 696">
    <p class='ocr_par' dir='ltr' id='par_1_4' title="bbox 684 602 4095 696">
     <span class='ocr_line' id='line_1_4' title="bbox 684 602 4095 696; baseline 0.001 -20"><span class='ocrx_word' id='word_1_6' title='bbox 684 602 1147 695; x_wconf 85' lang='lat' dir='ltr'>debat,quorum</span> <span class='ocrx_word' id='word_1_7' title='bbox 1172 620 1421 677; x_wconf 89' lang='lat' dir='ltr'>alterum</span> <span class='ocrx_word' id='word_1_8' title='bbox 1446 622 1624 696; x_wconf 84' lang='lat' dir='ltr'>regali</span> <span class='ocrx_word' id='word_1_9' title='bbox 1654 622 1887 695; x_wconf 84' lang='lat' dir='ltr'>fastigio</span> <span class='ocrx_word' id='word_1_10' title='bbox 1913 621 2126 678; x_wconf 81' lang='lat' dir='ltr'>locaret</span> <span class='ocrx_word' id='word_1_11' title='bbox 2152 622 2344 692; x_wconf 78' lang='lat' dir='ltr'>Neque</span> <span class='ocrx_word' id='word_1_12' title='bbox 2371 618 2429 687; x_wconf 74' lang='grc' dir='ltr'>Α</span> <span class='ocrx_word' id='word_1_13' title='bbox 2459 637 2777 694; x_wconf 84' lang='lat' dir='ltr'>cognovero</span> <span class='ocrx_word' id='word_1_14' title='bbox 2808 628 2862 678; x_wconf 89' lang='lat' dir='ltr'>te</span> <span class='ocrx_word' id='word_1_15' title='bbox 2891 623 3116 689; x_wconf 88' lang='lat' dir='ltr'>velle,te</span> <span class='ocrx_word' id='word_1_16' title='bbox 3147 623 3475 681; x_wconf 71' lang='lat' dir='ltr'>desiderare</span> <span class='ocrx_word' id='word_1_17' title='bbox 3506 623 3563 679; x_wconf 90' lang='lat' dir='ltr'>in</span> <span class='ocrx_word' id='word_1_18' title='bbox 3593 622 3893 679; x_wconf 90' lang='lat' dir='ltr'>dominum</span> <span class='ocrx_word' id='word_1_19' title='bbox 3922 628 3980 680; x_wconf 90' lang='lat' dir='ltr'>et</span> <span class='ocrx_word' id='word_1_20' title='bbox 4011 640 4095 680; x_wconf 89' lang='lat' dir='ltr'>re-</span> 
     </span>
    </p>
   </div>
   <div class='ocr_carea' id='block_1_5' title="bbox 686 709 2346 767">
    <p class='ocr_par' dir='ltr' id='par_1_5' title="bbox 686 709 2346 767">
     <span class='ocr_line' id='line_1_5' title="bbox 686 709 2346 767; baseline 0 -2"><span class='ocrx_word' id='word_1_21' title='bbox 686 710 851 765; x_wconf 88' lang='lat' dir='ltr'>enim</span> <span class='ocrx_word' id='word_1_22' title='bbox 883 709 1174 764; x_wconf 68' lang='lat' dir='ltr'>aestimare</span> <span class='ocrx_word' id='word_1_23' title='bbox 1206 711 1487 765; x_wconf 84' lang='lat' dir='ltr'>debemus</span> <span class='ocrx_word' id='word_1_24' title='bbox 1517 710 1603 766; x_wconf 87' lang='lat' dir='ltr'>vel</span> <span class='ocrx_word' id='word_1_25' title='bbox 1639 711 1961 767; x_wconf 81' lang='lat' dir='ltr'>nobilitate.</span> <span class='ocrx_word' id='word_1_26' title='bbox 1994 709 2080 765; x_wconf 88' lang='lat' dir='ltr'>vel</span> <span class='ocrx_word' id='word_1_27' title='bbox 2131 709 2346 765; x_wconf 85' lang='lat' dir='ltr'>divitiis</span> 
     </span>
    </p>
   </div>
   <div class='ocr_carea' id='block_1_6' title="bbox 685 797 2345 872">
    <p class='ocr_par' dir='ltr' id='par_1_6' title="bbox 685 797 2345 872">
     <span class='ocr_line' id='line_1_6' title="bbox 685 797 2345 872; baseline -0.001 -19"><span class='ocrx_word' id='word_1_28' title='bbox 685 798 1058 872; x_wconf 89' lang='lat' dir='ltr'>pr0pinquos</span> <span class='ocrx_word' id='word_1_29' title='bbox 1114 804 1347 855; x_wconf 90' lang='lat' dir='ltr'>nostros</span> <span class='ocrx_word' id='word_1_30' title='bbox 1404 801 1777 869; x_wconf 89' lang='lat' dir='ltr'>antecedere;</span> <span class='ocrx_word' id='word_1_31' title='bbox 1810 804 1912 856; x_wconf 90' lang='lat' dir='ltr'>aut</span> <span class='ocrx_word' id='word_1_32' title='bbox 1960 797 2181 870; x_wconf 90' lang='lat' dir='ltr'>aliquid</span> <span class='ocrx_word' id='word_1_33' title='bbox 2240 814 2345 852; x_wconf 91' lang='lat' dir='ltr'>nos</span> 
     </span>
    </p>
   </div>
   <div class='ocr_carea' id='block_1_7' title="bbox 686 886 2343 961">
    <p class='ocr_par' dir='ltr' id='par_1_7' title="bbox 686 886 2343 961">
     <span class='ocr_line' id='line_1_7' title="bbox 686 886 2343 961; baseline 0 -20"><span class='ocrx_word' id='word_1_34' title='bbox 686 886 1089 960; x_wconf 77' lang='lat' dir='ltr'>promeruisse</span> <span class='ocrx_word' id='word_1_35' title='bbox 1119 890 1283 942; x_wconf 89' lang='lat' dir='ltr'>tanta</span> <span class='ocrx_word' id='word_1_36' title='bbox 1310 889 1677 944; x_wconf 75' lang='lat' dir='ltr'><strong>veneratione</strong></span> <span class='ocrx_word' id='word_1_37' title='bbox 1710 888 1976 961; x_wconf 90' lang='lat' dir='ltr'>dignum,</span> <span class='ocrx_word' id='word_1_38' title='bbox 2002 886 2343 952; x_wconf 87' lang='lat' dir='ltr'>verbis,ma-</span> 
     </span>
    </p>
   </div>
   <div class='ocr_carea' id='block_1_8' title="bbox 685 973 2342 1047">
    <p class='ocr_par' dir='ltr' id='par_1_8' title="bbox 685 973 2342 1047">
     <span class='ocr_line' id='line_1_8' title="bbox 685 973 2342 1047; baseline -0.001 -17"><span class='ocrx_word' id='word_1_39' title='bbox 685 975 869 1031; x_wconf 88' lang='lat' dir='ltr'>nibus</span> <span class='ocrx_word' id='word_1_40' title='bbox 898 992 1013 1031; x_wconf 93' lang='lat' dir='ltr'>non</span> <span class='ocrx_word' id='word_1_41' title='bbox 1047 979 1269 1047; x_wconf 79' lang='lat' dir='ltr'>oportet</span> <span class='ocrx_word' id='word_1_42' title='bbox 1304 975 1851 1047; x_wconf 87' lang='lat' dir='ltr'>extollere.Majores</span> <span class='ocrx_word' id='word_1_43' title='bbox 1882 975 2066 1030; x_wconf 87' lang='lat' dir='ltr'>nostri</span> <span class='ocrx_word' id='word_1_44' title='bbox 2098 973 2342 1047; x_wconf 81' lang='lat' dir='ltr'>gloriam</span> 
     </span>
    </p>
   </div>
   <div class='ocr_carea' id='block_1_9' title="bbox 685 1061 2341 1134">
    <p class='ocr_par' dir='ltr' id='par_1_9' title="bbox 685 1061 2341 1134">
     <span class='ocr_line' id='line_1_9' title="bbox 685 1061 2341 1134; baseline 0 -18"><span class='ocrx_word' id='word_1_45' title='bbox 685 1077 864 1117; x_wconf 89' lang='lat' dir='ltr'>suam</span> <span class='ocrx_word' id='word_1_46' title='bbox 892 1061 1059 1117; x_wconf 81' lang='lat' dir='ltr'>factis</span> <span class='ocrx_word' id='word_1_47' title='bbox 1086 1079 1261 1133; x_wconf 86' lang='lat' dir='ltr'>quam</span> <span class='ocrx_word' id='word_1_48' title='bbox 1293 1062 1464 1118; x_wconf 90' lang='lat' dir='ltr'>dictis</span> <span class='ocrx_word' id='word_1_49' title='bbox 1515 1064 1758 1134; x_wconf 80' lang='lat' dir='ltr'>prodere</span> <span class='ocrx_word' id='word_1_50' title='bbox 1802 1063 2150 1129; x_wconf 87' lang='lat' dir='ltr'>maluerunt,</span> <span class='ocrx_word' id='word_1_51' title='bbox 2184 1078 2341 1117; x_wconf 86' lang='lat' dir='ltr'>com-</span> 
     </span>
    </p>
   </div>
   <div class='ocr_carea' id='block_1_10' title="bbox 686 1149 2344 1223">
    <p class='ocr_par' dir='ltr' id='par_1_10' title="bbox 686 1149 2344 1223">
     <span class='ocr_line' id='line_1_10' title="bbox 686 1149 2344 1223; baseline -0.001 -18"><span class='ocrx_word' id='word_1_52' title='bbox 686 1149 857 1205; x_wconf 87' lang='lat' dir='ltr'>muni</span> <span class='ocrx_word' id='word_1_53' title='bbox 898 1150 1015 1205; x_wconf 88' lang='lat' dir='ltr'>vita</span> <span class='ocrx_word' id='word_1_54' title='bbox 1063 1154 1364 1206; x_wconf 90' lang='lat' dir='ltr'>contentos</span> <span class='ocrx_word' id='word_1_55' title='bbox 1413 1168 1541 1207; x_wconf 86' lang='lat' dir='ltr'>esse</span> <span class='ocrx_word' id='word_1_56' title='bbox 1586 1152 1811 1207; x_wconf 85' lang='lat' dir='ltr'>decebit</span> <span class='ocrx_word' id='word_1_57' title='bbox 1861 1150 2149 1223; x_wconf 90' lang='lat' dir='ltr'>quoslibet</span> <span class='ocrx_word' id='word_1_58' title='bbox 2192 1151 2344 1204; x_wconf 89' lang='lat' dir='ltr'>inter</span> 
     </span>
    </p>
   </div>
   <div class='ocr_carea' id='block_1_11' title="bbox 684 1237 2343 1312">
    <p class='ocr_par' dir='ltr' id='par_1_11' title="bbox 684 1237 2343 1312">
     <span class='ocr_line' id='line_1_11' title="bbox 684 1237 2343 1312; baseline 0.002 -20"><span class='ocrx_word' id='word_1_59' title='bbox 684 1237 1266 1311; x_wconf 69' lang='lat' dir='ltr'>arquales.0uidquid</span> <span class='ocrx_word' id='word_1_60' title='bbox 1298 1239 1575 1307; x_wconf 90' lang='lat' dir='ltr'>autem,id</span> <span class='ocrx_word' id='word_1_61' title='bbox 1603 1240 1870 1312; x_wconf 88' lang='lat' dir='ltr'>est,quod</span> <span class='ocrx_word' id='word_1_62' title='bbox 1897 1240 1966 1294; x_wconf 92' lang='lat' dir='ltr'>ad</span> <span class='ocrx_word' id='word_1_63' title='bbox 1998 1238 2218 1311; x_wconf 91' lang='lat' dir='ltr'>aliquid</span> <span class='ocrx_word' id='word_1_64' title='bbox 2246 1238 2343 1295; x_wconf 88' lang='lat' dir='ltr'>ha-</span> 
     </span>
    </p>
   </div>
   <div class='ocr_carea' id='block_1_12' title="bbox 687 1325 2340 1401">
    <p class='ocr_par' dir='ltr' id='par_1_12' title="bbox 687 1325 2340 1401">
     <span class='ocr_line' id='line_1_12' title="bbox 687 1325 2340 1401; baseline 0 -19"><span class='ocrx_word' id='word_1_65' title='bbox 687 1326 929 1382; x_wconf 90' lang='lat' dir='ltr'>biliores</span> <span class='ocrx_word' id='word_1_66' title='bbox 961 1325 1205 1398; x_wconf 83' lang='lat' dir='ltr'>reliquis</span> <span class='ocrx_word' id='word_1_67' title='bbox 1236 1331 1533 1398; x_wconf 76' lang='lat' dir='ltr'>putamur,</span> <span class='ocrx_word' id='word_1_68' title='bbox 1567 1327 1700 1383; x_wconf 84' lang='lat' dir='ltr'>inde</span> <span class='ocrx_word' id='word_1_69' title='bbox 1743 1331 1934 1401; x_wconf 84' lang='lat' dir='ltr'>grates</span> <span class='ocrx_word' id='word_1_70' title='bbox 1965 1332 2197 1383; x_wconf 86' lang='lat' dir='ltr'>auctore</span> <span class='ocrx_word' id='word_1_71' title='bbox 2225 1327 2340 1383; x_wconf 91' lang='lat' dir='ltr'>Deo</span> 
     </span>
    </p>
   </div>
   <div class='ocr_carea' id='block_1_13' title="bbox 685 1414 2342 1488">
    <p class='ocr_par' dir='ltr' id='par_1_13' title="bbox 685 1414 2342 1488">
     <span class='ocr_line' id='line_1_13' title="bbox 685 1414 2342 1488; baseline 0 -18"><span class='ocrx_word' id='word_1_72' title='bbox 685 1414 1225 1471; x_wconf 87' lang='lat' dir='ltr'>reddamus.Nohis</span> <span class='ocrx_word' id='word_1_73' title='bbox 1255 1431 1389 1488; x_wconf 91' lang='lat' dir='ltr'>ergo</span> <span class='ocrx_word' id='word_1_74' title='bbox 1421 1415 1794 1487; x_wconf 89' lang='lat' dir='ltr'>cogitandum</span> <span class='ocrx_word' id='word_1_75' title='bbox 1823 1421 1911 1472; x_wconf 87' lang='lat' dir='ltr'>est</span> <span class='ocrx_word' id='word_1_76' title='bbox 1940 1434 2011 1472; x_wconf 92' lang='lat' dir='ltr'>ne</span> <span class='ocrx_word' id='word_1_77' title='bbox 2032 1416 2129 1488; x_wconf 86' lang='lat' dir='ltr'>qui</span> <span class='ocrx_word' id='word_1_78' title='bbox 2154 1415 2342 1471; x_wconf 90' lang='lat' dir='ltr'>aliena</span> 
     </span>
    </p>
   </div>
   <div class='ocr_carea' id='block_1_14' title="bbox 683 1504 2338 1576">
    <p class='ocr_par' dir='ltr' id='par_1_14' title="bbox 683 1504 2338 1576">
     <span class='ocr_line' id='line_1_14' title="bbox 683 1504 2338 1576; baseline -0.002 -16"><span class='ocrx_word' id='word_1_79' title='bbox 683 1504 1076 1560; x_wconf 88' lang='lat' dir='ltr'>consensione</span> <span class='ocrx_word' id='word_1_80' title='bbox 1106 1504 1266 1576; x_wconf 84' lang='lat' dir='ltr'>digni</span> <span class='ocrx_word' id='word_1_81' title='bbox 1309 1508 1470 1559; x_wconf 89' lang='lat' dir='ltr'>tanto</span> <span class='ocrx_word' id='word_1_82' title='bbox 1522 1504 1743 1560; x_wconf 87' lang='lat' dir='ltr'>honore</span> <span class='ocrx_word' id='word_1_83' title='bbox 1789 1505 2059 1559; x_wconf 67' lang='lat' dir='ltr'>mstimati</span> <span class='ocrx_word' id='word_1_84' title='bbox 2111 1521 2338 1569; x_wconf 90' lang='lat' dir='ltr'>sumus,</span> 
     </span>
    </p>
   </div>
   <div class='ocr_carea' id='block_1_15' title="bbox 678 1592 2337 1669">
    <p class='ocr_par' dir='ltr' id='par_1_15' title="bbox 678 1592 2337 1669">
     <span class='ocr_line' id='line_1_15' title="bbox 678 1592 2337 1669; baseline -0.001 -21"><span class='ocrx_word' id='word_1_85' title='bbox 678 1593 923 1669; x_wconf 87' lang='lat' dir='ltr'>proprio</span> <span class='ocrx_word' id='word_1_86' title='bbox 954 1599 1009 1647; x_wconf 92' lang='lat' dir='ltr'>et</span> <span class='ocrx_word' id='word_1_87' title='bbox 1042 1592 1314 1647; x_wconf 81' lang='lat' dir='ltr'>familiari</span> <span class='ocrx_word' id='word_1_88' title='bbox 1341 1593 1586 1648; x_wconf 91' lang='lat' dir='ltr'>dissidio</span> <span class='ocrx_word' id='word_1_89' title='bbox 1630 1594 1858 1665; x_wconf 85' lang='lat' dir='ltr'>indigni</span> <span class='ocrx_word' id='word_1_90' title='bbox 1906 1593 2014 1648; x_wconf 89' lang='lat' dir='ltr'>hac</span> <span class='ocrx_word' id='word_1_91' title='bbox 2045 1593 2232 1665; x_wconf 90' lang='lat' dir='ltr'>gratia</span> <span class='ocrx_word' id='word_1_92' title='bbox 2257 1593 2337 1646; x_wconf 88' lang='lat' dir='ltr'>vi-</span> 
     </span>
    </p>
   </div>
   <div class='ocr_carea' id='block_1_16' title="bbox 678 1681 2339 1753">
    <p class='ocr_par' dir='ltr' id='par_1_16' title="bbox 678 1681 2339 1753">
     <span class='ocr_line' id='line_1_16' title="bbox 678 1681 2339 1753; baseline -0.002 -16"><span class='ocrx_word' id='word_1_93' title='bbox 678 1683 954 1737; x_wconf 88' lang='lat' dir='ltr'>deamur.</span> <span class='ocrx_word' id='word_1_94' title='bbox 986 1681 1241 1736; x_wconf 87' lang='lat' dir='ltr'>Stultum</span> <span class='ocrx_word' id='word_1_95' title='bbox 1263 1686 1353 1737; x_wconf 90' lang='lat' dir='ltr'>est</span> <span class='ocrx_word' id='word_1_96' title='bbox 1373 1682 1527 1737; x_wconf 91' lang='lat' dir='ltr'>enim</span> <span class='ocrx_word' id='word_1_97' title='bbox 1562 1681 1750 1737; x_wconf 88' lang='lat' dir='ltr'>aliena</span> <span class='ocrx_word' id='word_1_98' title='bbox 1781 1687 2063 1753; x_wconf 80' lang='lat' dir='ltr'>potestate</span> <span class='ocrx_word' id='word_1_99' title='bbox 2097 1699 2198 1753; x_wconf 87' lang='lat' dir='ltr'>pro</span> <span class='ocrx_word' id='word_1_100' title='bbox 2233 1698 2339 1735; x_wconf 89' lang='lat' dir='ltr'>sua</span> 
     </span>
    </p>
   </div>
   <div class='ocr_carea' id='block_1_17' title="bbox 676 1769 2317 1825">
    <p class='ocr_par' dir='ltr' id='par_1_17' title="bbox 676 1769 2317 1825">
     <span class='ocr_line' id='line_1_17' title="bbox 676 1769 2317 1825; baseline -0.001 0"><span class='ocrx_word' id='word_1_101' title='bbox 676 1769 937 1825; x_wconf 88' lang='lat' dir='ltr'>nimium</span> <span class='ocrx_word' id='word_1_102' title='bbox 969 1770 1224 1825; x_wconf 89' lang='lat' dir='ltr'>abuti.ln</span> <span class='ocrx_word' id='word_1_103' title='bbox 1255 1771 1413 1825; x_wconf 91' lang='lat' dir='ltr'>omni</span> <span class='ocrx_word' id='word_1_104' title='bbox 1446 1769 1725 1825; x_wconf 88' lang='lat' dir='ltr'>electione</span> <span class='ocrx_word' id='word_1_105' title='bbox 1761 1770 1979 1825; x_wconf 87' lang='lat' dir='ltr'>nemini</span> <span class='ocrx_word' id='word_1_106' title='bbox 2006 1770 2140 1824; x_wconf 85' lang='lat' dir='ltr'>licet</span> <span class='ocrx_word' id='word_1_107' title='bbox 2163 1771 2233 1824; x_wconf 88' lang='lat' dir='ltr'>de</span> <span class='ocrx_word' id='word_1_108' title='bbox 2256 1787 2317 1824; x_wconf 87' lang='lat' dir='ltr'>se</span> 
     </span>
    </p>
   </div>
   <div class='ocr_carea' id='block_1_18' title="bbox 674 1857 1784 1931">
    <p class='ocr_par' dir='ltr' id='par_1_18' title="bbox 674 1857 1784 1931">
     <span class='ocr_line' id='line_1_18' title="bbox 674 1857 1784 1931; baseline -0.001 -18"><span class='ocrx_word' id='word_1_109' title='bbox 674 1860 813 1931; x_wconf 89' lang='lat' dir='ltr'>ipso</span> <span class='ocrx_word' id='word_1_110' title='bbox 836 1858 1122 1931; x_wconf 84' lang='lat' dir='ltr'>judicare,</span> <span class='ocrx_word' id='word_1_111' title='bbox 1158 1857 1291 1914; x_wconf 90' lang='lat' dir='ltr'>licet</span> <span class='ocrx_word' id='word_1_112' title='bbox 1322 1864 1517 1914; x_wconf 90' lang='lat' dir='ltr'>autem</span> <span class='ocrx_word' id='word_1_113' title='bbox 1549 1860 1619 1913; x_wconf 93' lang='lat' dir='ltr'>de</span> <span class='ocrx_word' id='word_1_114' title='bbox 1651 1858 1784 1913; x_wconf 88' lang='lat' dir='ltr'>alio.</span> 
     </span>
    </p>
   </div>
   <div class='ocr_carea' id='block_1_19' title="bbox 753 1946 2336 2019">
    <p class='ocr_par' dir='ltr' id='par_1_19' title="bbox 753 1946 2336 2019">
     <span class='ocr_line' id='line_1_19' title="bbox 753 1946 2336 2019; baseline 0 -16"><span class='ocrx_word' id='word_1_115' title='bbox 753 1948 918 2012; x_wconf 88' lang='lat' dir='ltr'>Quod</span> <span class='ocrx_word' id='word_1_116' title='bbox 954 1947 1003 2003; x_wconf 89' lang='lat' dir='ltr'>si</span> <span class='ocrx_word' id='word_1_117' title='bbox 1034 1946 1203 2003; x_wconf 91' lang='lat' dir='ltr'>alicui</span> <span class='ocrx_word' id='word_1_118' title='bbox 1237 1948 1305 2003; x_wconf 89' lang='lat' dir='ltr'>de</span> <span class='ocrx_word' id='word_1_119' title='bbox 1338 1964 1398 2003; x_wconf 90' lang='lat' dir='ltr'>se</span> <span class='ocrx_word' id='word_1_120' title='bbox 1430 1947 1642 2014; x_wconf 88' lang='lat' dir='ltr'>liceret,</span> <span class='ocrx_word' id='word_1_121' title='bbox 1678 1952 1819 2019; x_wconf 89' lang='lat' dir='ltr'>quot</span> <span class='ocrx_word' id='word_1_122' title='bbox 1868 1946 2122 2019; x_wconf 89' lang='lat' dir='ltr'>regulos,</span> <span class='ocrx_word' id='word_1_123' title='bbox 2149 1964 2219 2002; x_wconf 90' lang='lat' dir='ltr'>ne</span> <span class='ocrx_word' id='word_1_124' title='bbox 2254 1965 2336 2003; x_wconf 88' lang='lat' dir='ltr'>re-</span> 
     </span>
    </p>
   </div>
   <div class='ocr_carea' id='block_1_20' title="bbox 634 2035 2335 2109">
    <p class='ocr_par' dir='ltr' id='par_1_20' title="bbox 634 2035 2335 2109">
     <span class='ocr_line' id='line_1_20' title="bbox 634 2035 2335 2109; baseline 0.002 -20"><span class='ocrx_word' id='word_1_125' title='bbox 634 2054 784 2109; x_wconf 58' lang='lat' dir='ltr'>‘ges</span> <span class='ocrx_word' id='word_1_126' title='bbox 845 2035 1055 2103; x_wconf 88' lang='lat' dir='ltr'>dicam,</span> <span class='ocrx_word' id='word_1_127' title='bbox 1108 2035 1458 2091; x_wconf 86' lang='lat' dir='ltr'>videremus.</span> <span class='ocrx_word' id='word_1_128' title='bbox 1509 2035 1675 2103; x_wconf 86' lang='lat' dir='ltr'>Vota,</span> <span class='ocrx_word' id='word_1_129' title='bbox 1730 2036 1946 2102; x_wconf 84' lang='lat' dir='ltr'>studia,</span> <span class='ocrx_word' id='word_1_130' title='bbox 2012 2052 2335 2092; x_wconf 87' lang='lat' dir='ltr'>consensus</span> 
     </span>
    </p>
   </div>
   <div class='ocr_carea' id='block_1_21' title="bbox 675 2124 2332 2196">
    <p class='ocr_par' dir='ltr' id='par_1_21' title="bbox 675 2124 2332 2196">
     <span class='ocr_line' id='line_1_21' title="bbox 675 2124 2332 2196; baseline -0.001 -16"><span class='ocrx_word' id='word_1_131' title='bbox 675 2127 1063 2193; x_wconf 85' lang='lat' dir='ltr'>Francorum,</span> <span class='ocrx_word' id='word_1_132' title='bbox 1100 2125 1608 2196; x_wconf 85' lang='lat' dir='ltr'>Lotharingorum,</span> <span class='ocrx_word' id='word_1_133' title='bbox 1630 2126 1946 2189; x_wconf 84' lang='lat' dir='ltr'>Saxonum,</span> <span class='ocrx_word' id='word_1_134' title='bbox 1970 2124 2332 2193; x_wconf 84' lang='lat' dir='ltr'>Noricorum,</span> 
     </span>
    </p>
   </div>
   <div class='ocr_carea' id='block_1_22' title="bbox 668 2212 2335 2286">
    <p class='ocr_par' dir='ltr' id='par_1_22' title="bbox 668 2212 2335 2286">
     <span class='ocr_line' id='line_1_22' title="bbox 668 2212 2335 2286; baseline -0.001 -17"><span class='ocrx_word' id='word_1_135' title='bbox 668 2213 1143 2269; x_wconf 83' lang='lat' dir='ltr'>Alemannorum</span> <span class='ocrx_word' id='word_1_136' title='bbox 1176 2213 1275 2285; x_wconf 90' lang='lat' dir='ltr'>qui</span> <span class='ocrx_word' id='word_1_137' title='bbox 1308 2214 1590 2286; x_wconf 84' lang='lat' dir='ltr'>Optimam</span> <span class='ocrx_word' id='word_1_138' title='bbox 1625 2212 1983 2269; x_wconf 83' lang='lat' dir='ltr'>voluntatem</span> <span class='ocrx_word' id='word_1_139' title='bbox 2014 2214 2335 2285; x_wconf 76' lang='lat' dir='ltr'>habebant,</span> 
     </span>
    </p>
   </div>
   <div class='ocr_carea' id='block_1_23' title="bbox 670 2301 2335 2374">
    <p class='ocr_par' dir='ltr' id='par_1_23' title="bbox 670 2301 2335 2374">
     <span class='ocr_line' id='line_1_23' title="bbox 670 2301 2335 2374; baseline -0.001 -16"><span class='ocrx_word' id='word_1_140' title='bbox 670 2303 754 2358; x_wconf 88' lang='lat' dir='ltr'>ad</span> <span class='ocrx_word' id='word_1_141' title='bbox 784 2319 893 2358; x_wconf 89' lang='lat' dir='ltr'>nos</span> <span class='ocrx_word' id='word_1_142' title='bbox 925 2301 1319 2368; x_wconf 88' lang='lat' dir='ltr'>conferebant,</span> <span class='ocrx_word' id='word_1_143' title='bbox 1350 2308 1627 2373; x_wconf 87' lang='lat' dir='ltr'>tanquam</span> <span class='ocrx_word' id='word_1_144' title='bbox 1661 2302 1731 2356; x_wconf 90' lang='lat' dir='ltr'>ad</span> <span class='ocrx_word' id='word_1_145' title='bbox 1765 2302 1941 2356; x_wconf 89' lang='lat' dir='ltr'>unius</span> <span class='ocrx_word' id='word_1_146' title='bbox 1974 2301 2172 2373; x_wconf 88' lang='lat' dir='ltr'>stirpis</span> <span class='ocrx_word' id='word_1_147' title='bbox 2205 2318 2335 2374; x_wconf 88' lang='lat' dir='ltr'>pro-</span> 
     </span>
    </p>
   </div>
   <div class='ocr_carea' id='block_1_24' title="bbox 674 2389 2333 2464">
    <p class='ocr_par' dir='ltr' id='par_1_24' title="bbox 674 2389 2333 2464">
     <span class='ocr_line' id='line_1_24' title="bbox 674 2389 2333 2464; baseline 0 -18"><span class='ocrx_word' id='word_1_148' title='bbox 674 2390 981 2464; x_wconf 84' lang='lat' dir='ltr'>paginem,</span> <span class='ocrx_word' id='word_1_149' title='bbox 1011 2389 1190 2445; x_wconf 89' lang='lat' dir='ltr'>veluti</span> <span class='ocrx_word' id='word_1_150' title='bbox 1224 2391 1295 2445; x_wconf 90' lang='lat' dir='ltr'>ad</span> <span class='ocrx_word' id='word_1_151' title='bbox 1327 2407 1505 2446; x_wconf 90' lang='lat' dir='ltr'>unam</span> <span class='ocrx_word' id='word_1_152' title='bbox 1530 2391 1791 2455; x_wconf 88' lang='lat' dir='ltr'>domum,</span> <span class='ocrx_word' id='word_1_153' title='bbox 1821 2390 1970 2445; x_wconf 86' lang='lat' dir='ltr'>sicut</span> <span class='ocrx_word' id='word_1_154' title='bbox 1992 2391 2061 2444; x_wconf 87' lang='lat' dir='ltr'>ad</span> <span class='ocrx_word' id='word_1_155' title='bbox 2087 2390 2333 2446; x_wconf 88' lang='lat' dir='ltr'>indisso-</span> 
     </span>
    </p>
   </div>
   <div class='ocr_carea' id='block_1_25' title="bbox 672 2478 2335 2551">
    <p class='ocr_par' dir='ltr' id='par_1_25' title="bbox 672 2478 2335 2551">
     <span class='ocr_line' id='line_1_25' title="bbox 672 2478 2335 2551; baseline -0.001 -14"><span class='ocrx_word' id='word_1_156' title='bbox 672 2479 931 2537; x_wconf 90' lang='lat' dir='ltr'>lubilem</span> <span class='ocrx_word' id='word_1_157' title='bbox 953 2478 1587 2551; x_wconf 84' lang='lat' dir='ltr'>familiaritatem,quos</span> <span class='ocrx_word' id='word_1_158' title='bbox 1606 2496 1670 2533; x_wconf 80' lang='lat' dir='ltr'>ex</span> <span class='ocrx_word' id='word_1_159' title='bbox 1690 2483 1806 2534; x_wconf 88' lang='lat' dir='ltr'>tam</span> <span class='ocrx_word' id='word_1_160' title='bbox 1828 2478 2029 2533; x_wconf 89' lang='lat' dir='ltr'>multis</span> <span class='ocrx_word' id='word_1_161' title='bbox 2048 2496 2335 2535; x_wconf 80' lang='lat' dir='ltr'>connexos</span> 
     </span>
    </p>
   </div>
   <div class='ocr_carea' id='block_1_26' title="bbox 673 2567 2337 2639">
    <p class='ocr_par' dir='ltr' id='par_1_26' title="bbox 673 2567 2337 2639">
     <span class='ocr_line' id='line_1_26' title="bbox 673 2567 2337 2639; baseline -0.002 -15"><span class='ocrx_word' id='word_1_162' title='bbox 673 2568 925 2624; x_wconf 89' lang='lat' dir='ltr'>dissolvi</span> <span class='ocrx_word' id='word_1_163' title='bbox 962 2584 1130 2639; x_wconf 89' lang='lat' dir='ltr'>posse</span> <span class='ocrx_word' id='word_1_164' title='bbox 1161 2567 1485 2623; x_wconf 86' lang='lat' dir='ltr'>inimicitiis</span> <span class='ocrx_word' id='word_1_165' title='bbox 1517 2584 1687 2622; x_wconf 84' lang='lat' dir='ltr'>nemo</span> <span class='ocrx_word' id='word_1_166' title='bbox 1739 2567 2151 2639; x_wconf 85' lang='lat' dir='ltr'>suspicabitur.</span> <span class='ocrx_word' id='word_1_167' title='bbox 2188 2567 2337 2622; x_wconf 88' lang='lat' dir='ltr'>Con-</span> 
     </span>
    </p>
   </div>
   <div class='ocr_carea' id='block_1_27' title="bbox 672 2654 2335 2728">
    <p class='ocr_par' dir='ltr' id='par_1_27' title="bbox 672 2654 2335 2728">
     <span class='ocr_line' id='line_1_27' title="bbox 672 2654 2335 2728; baseline -0.002 -16"><span class='ocrx_word' id='word_1_168' title='bbox 672 2657 930 2712; x_wconf 89' lang='lat' dir='ltr'>cordare</span> <span class='ocrx_word' id='word_1_169' title='bbox 981 2658 1163 2723; x_wconf 89' lang='lat' dir='ltr'>decet,</span> <span class='ocrx_word' id='word_1_170' title='bbox 1196 2660 1483 2728; x_wconf 88' lang='lat' dir='ltr'>quotquot</span> <span class='ocrx_word' id='word_1_171' title='bbox 1530 2662 1733 2710; x_wconf 88' lang='lat' dir='ltr'>natura</span> <span class='ocrx_word' id='word_1_172' title='bbox 1791 2654 2005 2727; x_wconf 87' lang='lat' dir='ltr'>ligavit,</span> <span class='ocrx_word' id='word_1_173' title='bbox 2041 2672 2166 2727; x_wconf 65' lang='lat' dir='ltr'>quae</span> <span class='ocrx_word' id='word_1_174' title='bbox 2224 2656 2335 2710; x_wconf 88' lang='lat' dir='ltr'>sibi</span> 
     </span>
    </p>
   </div>
   <div class='ocr_carea' id='block_1_28' title="bbox 670 2744 2337 2818">
    <p class='ocr_par' dir='ltr' id='par_1_28' title="bbox 670 2744 2337 2818">
     <span class='ocr_line' id='line_1_28' title="bbox 670 2744 2337 2818; baseline -0.002 -16"><span class='ocrx_word' id='word_1_175' title='bbox 670 2750 999 2818; x_wconf 88' lang='lat' dir='ltr'>cognatam</span> <span class='ocrx_word' id='word_1_176' title='bbox 1040 2745 1240 2817; x_wconf 85' lang='lat' dir='ltr'>jungit</span> <span class='ocrx_word' id='word_1_177' title='bbox 1288 2744 1627 2799; x_wconf 84' lang='lat' dir='ltr'>amicitiam.</span> <span class='ocrx_word' id='word_1_178' title='bbox 1662 2744 1820 2809; x_wconf 87' lang='lat' dir='ltr'>Quod</span> <span class='ocrx_word' id='word_1_179' title='bbox 1872 2744 1919 2799; x_wconf 89' lang='lat' dir='ltr'>si</span> <span class='ocrx_word' id='word_1_180' title='bbox 1962 2744 2113 2799; x_wconf 87' lang='lat' dir='ltr'>ultro</span> <span class='ocrx_word' id='word_1_181' title='bbox 2144 2744 2337 2799; x_wconf 87' lang='lat' dir='ltr'>oblata</span> 
     </span>
    </p>
   </div>
   <div class='ocr_carea' id='block_1_29' title="bbox 670 2832 2335 2905">
    <p class='ocr_par' dir='ltr' id='par_1_29' title="bbox 670 2832 2335 2905">
     <span class='ocr_line' id='line_1_29' title="bbox 670 2832 2335 2905; baseline -0.002 -14"><span class='ocrx_word' id='word_1_182' title='bbox 670 2836 759 2892; x_wconf 90' lang='lat' dir='ltr'>ab</span> <span class='ocrx_word' id='word_1_183' title='bbox 786 2833 919 2890; x_wconf 90' lang='lat' dir='ltr'>aliis</span> <span class='ocrx_word' id='word_1_184' title='bbox 950 2833 1147 2905; x_wconf 88' lang='lat' dir='ltr'>aliqua</span> <span class='ocrx_word' id='word_1_185' title='bbox 1176 2849 1235 2888; x_wconf 89' lang='lat' dir='ltr'>re</span> <span class='ocrx_word' id='word_1_186' title='bbox 1267 2833 1618 2905; x_wconf 89' lang='lat' dir='ltr'>impediente</span> <span class='ocrx_word' id='word_1_187' title='bbox 1660 2832 1977 2903; x_wconf 83' lang='lat' dir='ltr'>rejicimus,</span> <span class='ocrx_word' id='word_1_188' title='bbox 2012 2832 2118 2887; x_wconf 91' lang='lat' dir='ltr'>hoc</span> <span class='ocrx_word' id='word_1_189' title='bbox 2149 2838 2256 2891; x_wconf 80' lang='lat' dir='ltr'>est.</span> <span class='ocrx_word' id='word_1_190' title='bbox 2286 2832 2335 2887; x_wconf 90' lang='lat' dir='ltr'>si</span> 
     </span>
    </p>
   </div>
   <div class='ocr_carea' id='block_1_30' title="bbox 669 2920 2335 2993">
    <p class='ocr_par' dir='ltr' id='par_1_30' title="bbox 669 2920 2335 2993">
     <span class='ocr_line' id='line_1_30' title="bbox 669 2920 2335 2993; baseline -0.002 -14"><span class='ocrx_word' id='word_1_191' title='bbox 669 2924 937 2980; x_wconf 87' lang='lat' dir='ltr'>invicem</span> <span class='ocrx_word' id='word_1_192' title='bbox 988 2922 1412 2992; x_wconf 88' lang='lat' dir='ltr'>discordamus,</span> <span class='ocrx_word' id='word_1_193' title='bbox 1445 2926 1666 2977; x_wconf 92' lang='lat' dir='ltr'>certum</span> <span class='ocrx_word' id='word_1_194' title='bbox 1724 2925 1814 2977; x_wconf 90' lang='lat' dir='ltr'>est</span> <span class='ocrx_word' id='word_1_195' title='bbox 1873 2922 2027 2992; x_wconf 89' lang='lat' dir='ltr'>quod</span> <span class='ocrx_word' id='word_1_196' title='bbox 2084 2920 2335 2993; x_wconf 89' lang='lat' dir='ltr'>populus</span> 
     </span>
    </p>
   </div>
   <div class='ocr_carea' id='block_1_31' title="bbox 664 3008 2333 3081">
    <p class='ocr_par' dir='ltr' id='par_1_31' title="bbox 664 3008 2333 3081">
     <span class='ocr_line' id='line_1_31' title="bbox 664 3008 2333 3081; baseline -0.005 -10"><span class='ocrx_word' id='word_1_197' title='bbox 664 3021 826 3071; x_wconf 87' lang='lat' dir='ltr'>tunc</span> <span class='ocrx_word' id='word_1_198' title='bbox 857 3010 994 3067; x_wconf 87' lang='lat' dir='ltr'>velit</span> <span class='ocrx_word' id='word_1_199' title='bbox 1025 3028 1130 3066; x_wconf 90' lang='lat' dir='ltr'>nos</span> <span class='ocrx_word' id='word_1_200' title='bbox 1161 3012 1443 3077; x_wconf 90' lang='lat' dir='ltr'>deserere,</span> <span class='ocrx_word' id='word_1_201' title='bbox 1476 3027 1542 3065; x_wconf 91' lang='lat' dir='ltr'>ac</span> <span class='ocrx_word' id='word_1_202' title='bbox 1591 3009 1822 3065; x_wconf 90' lang='lat' dir='ltr'>tertium</span> <span class='ocrx_word' id='word_1_203' title='bbox 1871 3009 2194 3081; x_wconf 87' lang='lat' dir='ltr'>quemlibet</span> <span class='ocrx_word' id='word_1_204' title='bbox 2225 3008 2333 3063; x_wconf 87' lang='lat' dir='ltr'>sibi</span> 
     </span>
    </p>
   </div>
   <div class='ocr_carea' id='block_1_32' title="bbox 663 3097 2333 3175">
    <p class='ocr_par' dir='ltr' id='par_1_32' title="bbox 663 3097 2333 3175">
     <span class='ocr_line' id='line_1_32' title="bbox 663 3097 2333 3175; baseline -0.002 -18"><span class='ocrx_word' id='word_1_205' title='bbox 663 3117 966 3175; x_wconf 67' lang='lat' dir='ltr'>quaerere,</span> <span class='ocrx_word' id='word_1_206' title='bbox 998 3104 1054 3155; x_wconf 89' lang='lat' dir='ltr'>et</span> <span class='ocrx_word' id='word_1_207' title='bbox 1085 3116 1192 3155; x_wconf 92' lang='lat' dir='ltr'>nos</span> <span class='ocrx_word' id='word_1_208' title='bbox 1222 3116 1335 3154; x_wconf 91' lang='lat' dir='ltr'>non</span> <span class='ocrx_word' id='word_1_209' title='bbox 1372 3103 1596 3153; x_wconf 89' lang='lat' dir='ltr'>tantum</span> <span class='ocrx_word' id='word_1_210' title='bbox 1625 3114 1856 3152; x_wconf 89' lang='lat' dir='ltr'>summo</span> <span class='ocrx_word' id='word_1_211' title='bbox 1900 3098 2117 3152; x_wconf 91' lang='lat' dir='ltr'>honore</span> <span class='ocrx_word' id='word_1_212' title='bbox 2148 3097 2333 3169; x_wconf 87' lang='lat' dir='ltr'>priva-</span> 
     </span>
    </p>
   </div>
   <div class='ocr_carea' id='block_1_33' title="bbox 664 3186 2334 3261">
    <p class='ocr_par' dir='ltr' id='par_1_33' title="bbox 664 3186 2334 3261">
     <span class='ocr_line' id='line_1_33' title="bbox 664 3186 2334 3261; baseline -0.004 -13"><span class='ocrx_word' id='word_1_213' title='bbox 664 3190 1013 3249; x_wconf 79' lang='lat' dir='ltr'>bimursed</span> <span class='ocrx_word' id='word_1_214' title='bbox 1047 3189 1201 3261; x_wconf 91' lang='lat' dir='ltr'>quod</span> <span class='ocrx_word' id='word_1_215' title='bbox 1229 3188 1504 3243; x_wconf 90' lang='lat' dir='ltr'>omnibus</span> <span class='ocrx_word' id='word_1_216' title='bbox 1534 3186 1701 3242; x_wconf 90' lang='lat' dir='ltr'>bonis</span> <span class='ocrx_word' id='word_1_217' title='bbox 1726 3190 1909 3243; x_wconf 87' lang='lat' dir='ltr'>morte</span> <span class='ocrx_word' id='word_1_218' title='bbox 1930 3186 2334 3242; x_wconf 83' lang='lat' dir='ltr'>detestabilius</span> 
     </span>
    </p>
   </div>
   <div class='ocr_carea' id='block_1_34' title="bbox 586 3266 2336 3349">
    <p class='ocr_par' dir='ltr' id='par_1_34' title="bbox 586 3266 2336 3349">
     <span class='ocr_line' id='line_1_34' title="bbox 586 3266 2336 3349; baseline -0.005 -11"><span class='ocrx_word' id='word_1_219' title='bbox 586 3266 591 3269; x_wconf 31' lang='grc'><strong>⁷</strong></span> <span class='ocrx_word' id='word_1_220' title='bbox 663 3284 799 3348; x_wconf 83' lang='lat' dir='ltr'>est,</span> <span class='ocrx_word' id='word_1_221' title='bbox 832 3278 1135 3334; x_wconf 80' lang='lat' dir='ltr'>infamiam</span> <span class='ocrx_word' id='word_1_222' title='bbox 1168 3277 1406 3349; x_wconf 68' lang='lat' dir='ltr'>ignavia:</span> <span class='ocrx_word' id='word_1_223' title='bbox 1431 3275 1756 3331; x_wconf 89' lang='lat' dir='ltr'>incidemus</span> <span class='ocrx_word' id='word_1_224' title='bbox 1778 3294 1790 3343; x_wconf 90' lang='lat'>;</span> <span class='ocrx_word' id='word_1_225' title='bbox 1815 3276 1982 3347; x_wconf 90' lang='lat' dir='ltr'>quasi</span> <span class='ocrx_word' id='word_1_226' title='bbox 2008 3280 2065 3330; x_wconf 92' lang='lat' dir='ltr'>et</span> <span class='ocrx_word' id='word_1_227' title='bbox 2084 3276 2229 3330; x_wconf 89' lang='lat' dir='ltr'>tanti</span> <span class='ocrx_word' id='word_1_228' title='bbox 2256 3291 2336 3329; x_wconf 82' lang='lat' dir='ltr'>re-</span> 
     </span>
    </p>
   </div>
   <div class='ocr_carea' id='block_1_35' title="bbox 2455 710 4095 785">
    <p class='ocr_par' dir='ltr' id='par_1_35' title="bbox 2455 710 4095 785">
     <span class='ocr_line' id='line_1_35' title="bbox 2455 710 4095 785; baseline 0.002 -22"><span class='ocrx_word' id='word_1_229' title='bbox 2455 727 2606 782; x_wconf 90' lang='lat' dir='ltr'>gem,</span> <span class='ocrx_word' id='word_1_230' title='bbox 2643 710 2801 765; x_wconf 91' lang='lat' dir='ltr'>nullo</span> <span class='ocrx_word' id='word_1_231' title='bbox 2835 712 2985 767; x_wconf 90' lang='lat' dir='ltr'>malo</span> <span class='ocrx_word' id='word_1_232' title='bbox 3018 712 3249 785; x_wconf 89' lang='lat' dir='ltr'>ingenio</span> <span class='ocrx_word' id='word_1_233' title='bbox 3300 713 3448 768; x_wconf 91' lang='lat' dir='ltr'>hanc</span> <span class='ocrx_word' id='word_1_234' title='bbox 3496 710 3949 766; x_wconf 86' lang='lat' dir='ltr'>benevolentiam</span> <span class='ocrx_word' id='word_1_235' title='bbox 3978 716 4095 767; x_wconf 90' lang='lat' dir='ltr'>ate</span> 
     </span>
    </p>
   </div>
   <div class='ocr_carea' id='block_1_36' title="bbox 2456 799 4093 874">
    <p class='ocr_par' dir='ltr' id='par_1_36' title="bbox 2456 799 4093 874">
     <span class='ocr_line' id='line_1_36' title="bbox 2456 799 4093 874; baseline 0.001 -22"><span class='ocrx_word' id='word_1_236' title='bbox 2456 800 2901 872; x_wconf 91' lang='lat' dir='ltr'>revocabo,quin</span> <span class='ocrx_word' id='word_1_237' title='bbox 2921 800 3115 873; x_wconf 89' lang='lat' dir='ltr'>potius</span> <span class='ocrx_word' id='word_1_238' title='bbox 3131 805 3188 856; x_wconf 91' lang='lat' dir='ltr'>te</span> <span class='ocrx_word' id='word_1_239' title='bbox 3204 800 3415 874; x_wconf 87' lang='lat' dir='ltr'>eligam</span> <span class='ocrx_word' id='word_1_240' title='bbox 3434 803 3594 856; x_wconf 86' lang='lat' dir='ltr'>tanto</span> <span class='ocrx_word' id='word_1_241' title='bbox 3611 799 3836 855; x_wconf 87' lang='lat' dir='ltr'>avidius</span> <span class='ocrx_word' id='word_1_242' title='bbox 3851 799 4093 869; x_wconf 77' lang='lat' dir='ltr'>caeteris,</span> 
     </span>
    </p>
   </div>
   <div class='ocr_carea' id='block_1_37' title="bbox 2456 887 4094 962">
    <p class='ocr_par' dir='ltr' id='par_1_37' title="bbox 2456 887 4094 962">
     <span class='ocr_line' id='line_1_37' title="bbox 2456 887 4094 962; baseline 0.001 -21"><span class='ocrx_word' id='word_1_243' title='bbox 2456 893 2672 958; x_wconf 86' lang='lat' dir='ltr'>quanto</span> <span class='ocrx_word' id='word_1_244' title='bbox 2704 904 2795 944; x_wconf 90' lang='lat' dir='ltr'>me</span> <span class='ocrx_word' id='word_1_245' title='bbox 2828 890 3074 961; x_wconf 87' lang='lat' dir='ltr'>sperabo</span> <span class='ocrx_word' id='word_1_246' title='bbox 3124 890 3228 945; x_wconf 91' lang='lat' dir='ltr'>tibi</span> <span class='ocrx_word' id='word_1_247' title='bbox 3271 889 3584 962; x_wconf 85' lang='lat' dir='ltr'>gratiorem</span> <span class='ocrx_word' id='word_1_248' title='bbox 3636 887 3773 943; x_wconf 89' lang='lat' dir='ltr'>illis.</span> <span class='ocrx_word' id='word_1_249' title='bbox 3804 888 3859 943; x_wconf 88' lang='lat' dir='ltr'>Si</span> <span class='ocrx_word' id='word_1_250' title='bbox 3899 892 4094 943; x_wconf 88' lang='lat' dir='ltr'>autem</span> 
     </span>
    </p>
   </div>
   <div class='ocr_carea' id='block_1_38' title="bbox 2424 975 4099 1050">
    <p class='ocr_par' dir='ltr' id='par_1_38' title="bbox 2424 975 4099 1050">
     <span class='ocr_line' id='line_1_38' title="bbox 2424 975 4099 1050; baseline 0.001 -21"><span class='ocrx_word' id='word_1_251' title='bbox 2424 1039 2428 1042; x_wconf 29' lang='lat'>,</span> <span class='ocrx_word' id='word_1_252' title='bbox 2457 975 2609 1030; x_wconf 91' lang='lat' dir='ltr'>Deus</span> <span class='ocrx_word' id='word_1_253' title='bbox 2643 977 2711 1031; x_wconf 90' lang='lat' dir='ltr'>ad</span> <span class='ocrx_word' id='word_1_254' title='bbox 2770 993 2861 1032; x_wconf 91' lang='lat' dir='ltr'>me</span> <span class='ocrx_word' id='word_1_255' title='bbox 2909 978 3245 1050; x_wconf 80' lang='lat' dir='ltr'>respexerit,</span> <span class='ocrx_word' id='word_1_256' title='bbox 3277 978 3533 1033; x_wconf 88' lang='lat' dir='ltr'>debitam</span> <span class='ocrx_word' id='word_1_257' title='bbox 3578 976 3758 1032; x_wconf 88' lang='lat' dir='ltr'>vicem</span> <span class='ocrx_word' id='word_1_258' title='bbox 3804 976 3949 1032; x_wconf 91' lang='lat' dir='ltr'>mihi</span> <span class='ocrx_word' id='word_1_259' title='bbox 3982 993 4015 1032; x_wconf 89' lang='lat' dir='ltr'>a</span> <span class='ocrx_word' id='word_1_260' title='bbox 4042 980 4099 1031; x_wconf 80' lang='lat' dir='ltr'>te</span> 
     </span>
    </p>
   </div>
   <div class='ocr_carea' id='block_1_39' title="bbox 2454 1064 4099 1136">
    <p class='ocr_par' dir='ltr' id='par_1_39' title="bbox 2454 1064 4099 1136">
     <span class='ocr_line' id='line_1_39' title="bbox 2454 1064 4099 1136; baseline 0.002 -19"><span class='ocrx_word' id='word_1_261' title='bbox 2454 1064 2690 1135; x_wconf 91' lang='lat' dir='ltr'>rependi</span> <span class='ocrx_word' id='word_1_262' title='bbox 2722 1082 2834 1119; x_wconf 90' lang='lat' dir='ltr'>non</span> <span class='ocrx_word' id='word_1_263' title='bbox 2866 1066 3179 1121; x_wconf 82' lang='lat' dir='ltr'>dubitoAd</span> <span class='ocrx_word' id='word_1_264' title='bbox 3211 1066 3331 1121; x_wconf 74' lang='lat' dir='ltr'>haec</span> <span class='ocrx_word' id='word_1_265' title='bbox 3363 1066 3559 1121; x_wconf 90' lang='lat' dir='ltr'>minor</span> <span class='ocrx_word' id='word_1_266' title='bbox 3574 1064 3778 1121; x_wconf 91' lang='lat' dir='ltr'>Chuno</span> <span class='ocrx_word' id='word_1_267' title='bbox 3799 1064 4099 1136; x_wconf 85' lang='lat' dir='ltr'>respondit</span> 
     </span>
    </p>
   </div>
   <div class='ocr_carea' id='block_1_40' title="bbox 2453 1152 4097 1226">
    <p class='ocr_par' dir='ltr' id='par_1_40' title="bbox 2453 1152 4097 1226">
     <span class='ocr_line' id='line_1_40' title="bbox 2453 1152 4097 1226; baseline 0.002 -20"><span class='ocrx_word' id='word_1_268' title='bbox 2453 1155 2635 1207; x_wconf 81' lang='lat' dir='ltr'>totam</span> <span class='ocrx_word' id='word_1_269' title='bbox 2669 1152 2815 1208; x_wconf 89' lang='lat' dir='ltr'>hanc</span> <span class='ocrx_word' id='word_1_270' title='bbox 2847 1154 3196 1209; x_wconf 88' lang='lat' dir='ltr'>sententiam</span> <span class='ocrx_word' id='word_1_271' title='bbox 3239 1154 3349 1209; x_wconf 90' lang='lat' dir='ltr'>sibi</span> <span class='ocrx_word' id='word_1_272' title='bbox 3402 1158 3696 1226; x_wconf 84' lang='lat' dir='ltr'>acceptam</span> <span class='ocrx_word' id='word_1_273' title='bbox 3747 1154 3886 1221; x_wconf 90' lang='lat' dir='ltr'>fore,</span> <span class='ocrx_word' id='word_1_274' title='bbox 3919 1169 4097 1225; x_wconf 87' lang='lat' dir='ltr'>seque</span> 
     </span>
    </p>
   </div>
   <div class='ocr_carea' id='block_1_41' title="bbox 2452 1238 4098 1314">
    <p class='ocr_par' dir='ltr' id='par_1_41' title="bbox 2452 1238 4098 1314">
     <span class='ocr_line' id='line_1_41' title="bbox 2452 1238 4098 1314; baseline 0.002 -21"><span class='ocrx_word' id='word_1_275' title='bbox 2452 1238 2534 1294; x_wconf 92' lang='lat' dir='ltr'>illi</span> <span class='ocrx_word' id='word_1_276' title='bbox 2569 1240 2738 1295; x_wconf 88' lang='lat' dir='ltr'>sicuti</span> <span class='ocrx_word' id='word_1_277' title='bbox 2772 1247 3015 1314; x_wconf 88' lang='lat' dir='ltr'>cognato</span> <span class='ocrx_word' id='word_1_278' title='bbox 3049 1241 3412 1309; x_wconf 88' lang='lat' dir='ltr'>charissimo,</span> <span class='ocrx_word' id='word_1_279' title='bbox 3447 1242 3495 1297; x_wconf 91' lang='lat' dir='ltr'>si</span> <span class='ocrx_word' id='word_1_280' title='bbox 3536 1258 3670 1298; x_wconf 89' lang='lat' dir='ltr'>eum</span> <span class='ocrx_word' id='word_1_281' title='bbox 3723 1258 3814 1297; x_wconf 89' lang='lat' dir='ltr'>res</span> <span class='ocrx_word' id='word_1_282' title='bbox 3861 1258 4098 1297; x_wconf 91' lang='lat' dir='ltr'>summa</span> 
     </span>
    </p>
   </div>
   <div class='ocr_carea' id='block_1_42' title="bbox 2448 1330 4094 1403">
    <p class='ocr_par' dir='ltr' id='par_1_42' title="bbox 2448 1330 4094 1403">
     <span class='ocr_line' id='line_1_42' title="bbox 2448 1330 4094 1403; baseline 0.002 -20"><span class='ocrx_word' id='word_1_283' title='bbox 2448 1334 2936 1395; x_wconf 88' lang='lat' dir='ltr'>vocaret,omnem</span> <span class='ocrx_word' id='word_1_284' title='bbox 2971 1331 3187 1403; x_wconf 87' lang='lat' dir='ltr'>regiam</span> <span class='ocrx_word' id='word_1_285' title='bbox 3220 1330 3557 1386; x_wconf 83' lang='lat' dir='ltr'>fidelitatem</span> <span class='ocrx_word' id='word_1_286' title='bbox 3580 1330 3871 1386; x_wconf 87' lang='lat' dir='ltr'>facturum</span> <span class='ocrx_word' id='word_1_287' title='bbox 3895 1330 4094 1386; x_wconf 90' lang='lat' dir='ltr'>certis-</span> 
     </span>
    </p>
   </div>
   <div class='ocr_carea' id='block_1_43' title="bbox 2451 1416 4089 1491">
    <p class='ocr_par' dir='ltr' id='par_1_43' title="bbox 2451 1416 4089 1491">
     <span class='ocr_line' id='line_1_43' title="bbox 2451 1416 4089 1491; baseline 0.001 -19"><span class='ocrx_word' id='word_1_288' title='bbox 2451 1416 2597 1472; x_wconf 89' lang='lat' dir='ltr'>sime</span> <span class='ocrx_word' id='word_1_289' title='bbox 2630 1418 3075 1489; x_wconf 89' lang='lat' dir='ltr'>promisit.lnter</span> <span class='ocrx_word' id='word_1_290' title='bbox 3104 1418 3222 1473; x_wconf 64' lang='lat' dir='ltr'>haec</span> <span class='ocrx_word' id='word_1_291' title='bbox 3252 1420 3424 1474; x_wconf 87' lang='lat' dir='ltr'>verba</span> <span class='ocrx_word' id='word_1_292' title='bbox 3452 1419 3639 1491; x_wconf 84' lang='lat' dir='ltr'>major</span> <span class='ocrx_word' id='word_1_293' title='bbox 3665 1418 3868 1473; x_wconf 89' lang='lat' dir='ltr'>Chuno</span> <span class='ocrx_word' id='word_1_294' title='bbox 3905 1416 4089 1490; x_wconf 90' lang='lat' dir='ltr'>pluri-</span> 
     </span>
    </p>
   </div>
   <div class='ocr_carea' id='block_1_44' title="bbox 2452 1506 4091 1579">
    <p class='ocr_par' dir='ltr' id='par_1_44' title="bbox 2452 1506 4091 1579">
     <span class='ocr_line' id='line_1_44' title="bbox 2452 1506 4091 1579; baseline 0.001 -19"><span class='ocrx_word' id='word_1_295' title='bbox 2452 1506 2560 1561; x_wconf 91' lang='lat' dir='ltr'>bus</span> <span class='ocrx_word' id='word_1_296' title='bbox 2576 1506 2913 1562; x_wconf 88' lang='lat' dir='ltr'>videntibus</span> <span class='ocrx_word' id='word_1_297' title='bbox 2944 1507 3247 1579; x_wconf 72' lang='lat' dir='ltr'>paululhm</span> <span class='ocrx_word' id='word_1_298' title='bbox 3268 1524 3327 1563; x_wconf 90' lang='lat' dir='ltr'>se</span> <span class='ocrx_word' id='word_1_299' title='bbox 3345 1506 3976 1579; x_wconf 88' lang='lat' dir='ltr'>acclinans,cognatum</span> <span class='ocrx_word' id='word_1_300' title='bbox 4002 1523 4091 1561; x_wconf 90' lang='lat' dir='ltr'>os-</span> 
     </span>
    </p>
   </div>
   <div class='ocr_carea' id='block_1_45' title="bbox 2449 1592 4087 1668">
    <p class='ocr_par' dir='ltr' id='par_1_45' title="bbox 2449 1592 4087 1668">
     <span class='ocr_line' id='line_1_45' title="bbox 2449 1592 4087 1668; baseline 0.001 -20"><span class='ocrx_word' id='word_1_301' title='bbox 2449 1592 2679 1649; x_wconf 90' lang='lat' dir='ltr'>culatus</span> <span class='ocrx_word' id='word_1_302' title='bbox 2709 1599 2828 1661; x_wconf 90' lang='lat' dir='ltr'>est;</span> <span class='ocrx_word' id='word_1_303' title='bbox 2858 1612 2972 1667; x_wconf 93' lang='lat' dir='ltr'>quo</span> <span class='ocrx_word' id='word_1_304' title='bbox 3005 1595 3203 1650; x_wconf 88' lang='lat' dir='ltr'>osculo</span> <span class='ocrx_word' id='word_1_305' title='bbox 3234 1596 3491 1667; x_wconf 90' lang='lat' dir='ltr'>primum</span> <span class='ocrx_word' id='word_1_306' title='bbox 3522 1595 3949 1668; x_wconf 88' lang='lat' dir='ltr'>deprehensum</span> <span class='ocrx_word' id='word_1_307' title='bbox 3980 1598 4087 1662; x_wconf 91' lang='lat' dir='ltr'>est,</span> 
     </span>
    </p>
   </div>
   <div class='ocr_carea' id='block_1_46' title="bbox 2449 1683 4088 1757">
    <p class='ocr_par' dir='ltr' id='par_1_46' title="bbox 2449 1683 4088 1757">
     <span class='ocr_line' id='line_1_46' title="bbox 2449 1683 4088 1757; baseline 0.001 -21"><span class='ocrx_word' id='word_1_308' title='bbox 2449 1686 2763 1754; x_wconf 90' lang='lat' dir='ltr'>utrumque</span> <span class='ocrx_word' id='word_1_309' title='bbox 2794 1683 3026 1739; x_wconf 92' lang='lat' dir='ltr'>illorum</span> <span class='ocrx_word' id='word_1_310' title='bbox 3061 1684 3225 1739; x_wconf 87' lang='lat' dir='ltr'>alteri</span> <span class='ocrx_word' id='word_1_311' title='bbox 3258 1684 3631 1757; x_wconf 90' lang='lat' dir='ltr'>acquievisse.</span> <span class='ocrx_word' id='word_1_312' title='bbox 3663 1684 3807 1738; x_wconf 86' lang='lat' dir='ltr'>Hinc</span> <span class='ocrx_word' id='word_1_313' title='bbox 3854 1688 4088 1755; x_wconf 91' lang='lat' dir='ltr'>sumpto</span> 
     </span>
    </p>
   </div>
   <div class='ocr_carea' id='block_1_47' title="bbox 2439 1770 4090 1846">
    <p class='ocr_par' dir='ltr' id='par_1_47' title="bbox 2439 1770 4090 1846">
     <span class='ocr_line' id='line_1_47' title="bbox 2439 1770 4090 1846; baseline 0.002 -22"><span class='ocrx_word' id='word_1_314' title='bbox 2439 1771 2661 1841; x_wconf 87' lang='lat' dir='ltr'>judicio</span> <span class='ocrx_word' id='word_1_315' title='bbox 2721 1772 3057 1839; x_wconf 69' lang='lat' dir='ltr'>concordize,</span> <span class='ocrx_word' id='word_1_316' title='bbox 3105 1774 3415 1829; x_wconf 89' lang='lat' dir='ltr'>consedere</span> <span class='ocrx_word' id='word_1_317' title='bbox 3473 1773 3803 1846; x_wconf 89' lang='lat' dir='ltr'>principes:</span> <span class='ocrx_word' id='word_1_318' title='bbox 3839 1770 4090 1844; x_wconf 89' lang='lat' dir='ltr'>populus</span> 
     </span>
    </p>
   </div>
   <div class='ocr_carea' id='block_1_48' title="bbox 2447 1860 3310 1931">
    <p class='ocr_par' dir='ltr' id='par_1_48' title="bbox 2447 1860 3310 1931">
     <span class='ocr_line' id='line_1_48' title="bbox 2447 1860 3310 1931; baseline 0.006 -19"><span class='ocrx_word' id='word_1_319' title='bbox 2447 1860 2963 1931; x_wconf 87' lang='lat' dir='ltr'>frequentissimus</span> <span class='ocrx_word' id='word_1_320' title='bbox 2995 1862 3264 1917; x_wconf 86' lang='lat' dir='ltr'>adstabat</span> <span class='ocrx_word' id='word_1_321' title='bbox 3298 1879 3310 1917; x_wconf 93' lang='lat'>:</span> 
     </span>
    </p>
   </div>
   <div class='ocr_carea' id='block_1_49' title="bbox 2589 1949 4087 2021">
    <p class='ocr_par' dir='ltr' id='par_1_49' title="bbox 2589 1949 4087 2021">
     <span class='ocr_line' id='line_1_49' title="bbox 2589 1949 4087 2021; baseline 0 -18"><span class='ocrx_word' id='word_1_322' title='bbox 2589 1949 2749 2004; x_wconf 91' lang='lat' dir='ltr'>&#39;I‘unc</span> <span class='ocrx_word' id='word_1_323' title='bbox 2781 1950 2935 2021; x_wconf 91' lang='lat' dir='ltr'>quod</span> <span class='ocrx_word' id='word_1_324' title='bbox 2968 1950 3217 2021; x_wconf 89' lang='lat' dir='ltr'>quisque</span> <span class='ocrx_word' id='word_1_325' title='bbox 3248 1950 3346 2005; x_wconf 92' lang='lat' dir='ltr'>diu</span> <span class='ocrx_word' id='word_1_326' title='bbox 3369 1950 3622 2005; x_wconf 90' lang='lat' dir='ltr'>velatum</span> <span class='ocrx_word' id='word_1_327' title='bbox 3646 1951 3817 2005; x_wconf 89' lang='lat' dir='ltr'>corde</span> <span class='ocrx_word' id='word_1_328' title='bbox 3838 1950 4087 2021; x_wconf 88' lang='lat' dir='ltr'>tegebat,</span> 
     </span>
    </p>
   </div>
   <div class='ocr_carea' id='block_1_50' title="bbox 2591 2037 4086 2111">
    <p class='ocr_par' dir='ltr' id='par_1_50' title="bbox 2591 2037 4086 2111">
     <span class='ocr_line' id='line_1_50' title="bbox 2591 2037 4086 2111; baseline 0.002 -20"><span class='ocrx_word' id='word_1_329' title='bbox 2591 2038 2758 2093; x_wconf 89' lang='lat' dir='ltr'>Ferre</span> <span class='ocrx_word' id='word_1_330' title='bbox 2786 2039 2977 2109; x_wconf 87' lang='lat' dir='ltr'>palam</span> <span class='ocrx_word' id='word_1_331' title='bbox 3009 2037 3232 2093; x_wconf 89' lang='lat' dir='ltr'>licitum</span> <span class='ocrx_word' id='word_1_332' title='bbox 3265 2040 3554 2111; x_wconf 86' lang='lat' dir='ltr'>gaudebat</span> <span class='ocrx_word' id='word_1_333' title='bbox 3584 2044 3816 2111; x_wconf 90' lang='lat' dir='ltr'>tempus</span> <span class='ocrx_word' id='word_1_334' title='bbox 3864 2037 4086 2094; x_wconf 89' lang='lat' dir='ltr'>adesse.</span> 
     </span>
    </p>
   </div>
   <div class='ocr_carea' id='block_1_51' title="bbox 2516 2125 4091 2199">
    <p class='ocr_par' dir='ltr' id='par_1_51' title="bbox 2516 2125 4091 2199">
     <span class='ocr_line' id='line_1_51' title="bbox 2516 2125 4091 2199; baseline -0.001 -18"><span class='ocrx_word' id='word_1_335' title='bbox 2516 2126 3004 2199; x_wconf 87' lang='lat' dir='ltr'>Archiepiscopus</span> <span class='ocrx_word' id='word_1_336' title='bbox 3018 2128 3535 2199; x_wconf 88' lang='lat' dir='ltr'>Moguntiensis,cu</span> <span class='ocrx_word' id='word_1_337' title='bbox 3538 2128 3639 2198; x_wconf 89' lang='lat' dir='ltr'>jus</span> <span class='ocrx_word' id='word_1_338' title='bbox 3657 2125 3945 2182; x_wconf 89' lang='lat' dir='ltr'>sententia</span> <span class='ocrx_word' id='word_1_339' title='bbox 3960 2130 4091 2181; x_wconf 87' lang='lat' dir='ltr'>ante</span> 
     </span>
    </p>
   </div>
   <div class='ocr_carea' id='block_1_52' title="bbox 2447 2212 4089 2289">
    <p class='ocr_par' dir='ltr' id='par_1_52' title="bbox 2447 2212 4089 2289">
     <span class='ocr_line' id='line_1_52' title="bbox 2447 2212 4089 2289; baseline -0.002 -18"><span class='ocrx_word' id='word_1_340' title='bbox 2447 2215 2589 2271; x_wconf 90' lang='lat' dir='ltr'>alios</span> <span class='ocrx_word' id='word_1_341' title='bbox 2622 2214 2958 2286; x_wconf 86' lang='lat' dir='ltr'>accipienda</span> <span class='ocrx_word' id='word_1_342' title='bbox 2988 2215 3360 2287; x_wconf 87' lang='lat' dir='ltr'>fuit,rogatus</span> <span class='ocrx_word' id='word_1_343' title='bbox 3391 2232 3424 2271; x_wconf 87' lang='lat' dir='ltr'>a</span> <span class='ocrx_word' id='word_1_344' title='bbox 3456 2214 3672 2289; x_wconf 91' lang='lat' dir='ltr'>populo</span> <span class='ocrx_word' id='word_1_345' title='bbox 3704 2214 3843 2286; x_wconf 89' lang='lat' dir='ltr'>quid</span> <span class='ocrx_word' id='word_1_346' title='bbox 3876 2214 3987 2269; x_wconf 91' lang='lat' dir='ltr'>sibi</span> <span class='ocrx_word' id='word_1_347' title='bbox 4008 2212 4089 2268; x_wconf 90' lang='lat' dir='ltr'>vi-</span> 
     </span>
    </p>
   </div>
   <div class='ocr_carea' id='block_1_53' title="bbox 2446 2302 4092 2371">
    <p class='ocr_par' dir='ltr' id='par_1_53' title="bbox 2446 2302 4092 2371">
     <span class='ocr_line' id='line_1_53' title="bbox 2446 2302 4092 2371; baseline -0.001 -12"><span class='ocrx_word' id='word_1_348' title='bbox 2446 2304 2699 2370; x_wconf 88' lang='lat' dir='ltr'>deretur,</span> <span class='ocrx_word' id='word_1_349' title='bbox 2733 2302 3053 2358; x_wconf 90' lang='lat' dir='ltr'>abundanti</span> <span class='ocrx_word' id='word_1_350' title='bbox 3113 2304 3305 2371; x_wconf 90' lang='lat' dir='ltr'>corde,</span> <span class='ocrx_word' id='word_1_351' title='bbox 3352 2302 3523 2359; x_wconf 88' lang='lat' dir='ltr'>hilari</span> <span class='ocrx_word' id='word_1_352' title='bbox 3569 2320 3705 2359; x_wconf 88' lang='lat' dir='ltr'>voce</span> <span class='ocrx_word' id='word_1_353' title='bbox 3752 2302 4010 2359; x_wconf 88' lang='lat' dir='ltr'>laudavit</span> <span class='ocrx_word' id='word_1_354' title='bbox 4036 2306 4092 2357; x_wconf 92' lang='lat' dir='ltr'>et</span> 
     </span>
    </p>
   </div>
   <div class='ocr_carea' id='block_1_54' title="bbox 2445 2391 4087 2465">
    <p class='ocr_par' dir='ltr' id='par_1_54' title="bbox 2445 2391 4087 2465">
     <span class='ocr_line' id='line_1_54' title="bbox 2445 2391 4087 2465; baseline -0.001 -18"><span class='ocrx_word' id='word_1_355' title='bbox 2445 2392 2617 2465; x_wconf 89' lang='lat' dir='ltr'>elegit</span> <span class='ocrx_word' id='word_1_356' title='bbox 2646 2391 2886 2463; x_wconf 86' lang='lat' dir='ltr'>majoris</span> <span class='ocrx_word' id='word_1_357' title='bbox 2917 2391 3102 2447; x_wconf 68' lang='lat' dir='ltr'>artatis</span> <span class='ocrx_word' id='word_1_358' title='bbox 3127 2391 3465 2457; x_wconf 81' lang='lat' dir='ltr'>Chunonem</span> <span class='ocrx_word' id='word_1_359' title='bbox 3493 2409 3665 2448; x_wconf 88' lang='lat' dir='ltr'>suum</span> <span class='ocrx_word' id='word_1_360' title='bbox 3693 2392 3751 2446; x_wconf 91' lang='lat' dir='ltr'>in</span> <span class='ocrx_word' id='word_1_361' title='bbox 3784 2392 4087 2447; x_wconf 89' lang='lat' dir='ltr'>dominum</span> 
     </span>
    </p>
   </div>
   <div class='ocr_carea' id='block_1_55' title="bbox 2444 2480 4084 2553">
    <p class='ocr_par' dir='ltr' id='par_1_55' title="bbox 2444 2480 4084 2553">
     <span class='ocr_line' id='line_1_55' title="bbox 2444 2480 4084 2553; baseline -0.001 -17"><span class='ocrx_word' id='word_1_362' title='bbox 2444 2486 2500 2537; x_wconf 89' lang='lat' dir='ltr'>et</span> <span class='ocrx_word' id='word_1_363' title='bbox 2531 2497 2744 2553; x_wconf 86' lang='lat' dir='ltr'>regem,</span> <span class='ocrx_word' id='word_1_364' title='bbox 2792 2484 2966 2552; x_wconf 90' lang='lat' dir='ltr'>atque</span> <span class='ocrx_word' id='word_1_365' title='bbox 3017 2484 3299 2536; x_wconf 90' lang='lat' dir='ltr'>rectorem</span> <span class='ocrx_word' id='word_1_366' title='bbox 3349 2484 3404 2535; x_wconf 90' lang='lat' dir='ltr'>et</span> <span class='ocrx_word' id='word_1_367' title='bbox 3451 2480 3814 2536; x_wconf 83' lang='lat' dir='ltr'>defensorem</span> <span class='ocrx_word' id='word_1_368' title='bbox 3864 2480 4084 2552; x_wconf 67' lang='lat' dir='ltr'>patriae.</span> 
     </span>
    </p>
   </div>
   <div class='ocr_carea' id='block_1_56' title="bbox 2445 2567 4088 2640">
    <p class='ocr_par' dir='ltr' id='par_1_56' title="bbox 2445 2567 4088 2640">
     <span class='ocr_line' id='line_1_56' title="bbox 2445 2567 4088 2640; baseline -0.002 -16"><span class='ocrx_word' id='word_1_369' title='bbox 2445 2569 2603 2624; x_wconf 87' lang='lat' dir='ltr'>Hanc</span> <span class='ocrx_word' id='word_1_370' title='bbox 2635 2568 2978 2623; x_wconf 84' lang='lat' dir='ltr'>sententiam</span> <span class='ocrx_word' id='word_1_371' title='bbox 3012 2569 3198 2623; x_wconf 63' lang='lat' dir='ltr'>caeteri</span> <span class='ocrx_word' id='word_1_372' title='bbox 3232 2568 3646 2640; x_wconf 85' lang='lat' dir='ltr'>archiepiscopi</span> <span class='ocrx_word' id='word_1_373' title='bbox 3675 2573 3732 2624; x_wconf 94' lang='lat' dir='ltr'>et</span> <span class='ocrx_word' id='word_1_374' title='bbox 3759 2567 3967 2639; x_wconf 88' lang='lat' dir='ltr'>reliqui</span> <span class='ocrx_word' id='word_1_375' title='bbox 3999 2583 4088 2623; x_wconf 89' lang='lat' dir='ltr'>sa-</span> 
     </span>
    </p>
   </div>
   <div class='ocr_carea' id='block_1_57' title="bbox 2446 2656 4085 2728">
    <p class='ocr_par' dir='ltr' id='par_1_57' title="bbox 2446 2656 4085 2728">
     <span class='ocr_line' id='line_1_57' title="bbox 2446 2656 4085 2728; baseline -0.002 -16"><span class='ocrx_word' id='word_1_376' title='bbox 2446 2674 2676 2713; x_wconf 90' lang='lat' dir='ltr'>crorum</span> <span class='ocrx_word' id='word_1_377' title='bbox 2724 2656 2995 2712; x_wconf 90' lang='lat' dir='ltr'>ordinum</span> <span class='ocrx_word' id='word_1_378' title='bbox 3054 2657 3160 2711; x_wconf 82' lang='lat' dir='ltr'>viri</span> <span class='ocrx_word' id='word_1_379' title='bbox 3217 2656 3618 2711; x_wconf 87' lang='lat' dir='ltr'>indubitanter</span> <span class='ocrx_word' id='word_1_380' title='bbox 3673 2656 4085 2728; x_wconf 89' lang='lat' dir='ltr'>sequebantur.</span> 
     </span>
    </p>
   </div>
   <div class='ocr_carea' id='block_1_58' title="bbox 2444 2742 4085 2817">
    <p class='ocr_par' dir='ltr' id='par_1_58' title="bbox 2444 2742 4085 2817">
     <span class='ocr_line' id='line_1_58' title="bbox 2444 2742 4085 2817; baseline -0.001 -18"><span class='ocrx_word' id='word_1_381' title='bbox 2444 2745 2649 2801; x_wconf 90' lang='lat' dir='ltr'>Junior</span> <span class='ocrx_word' id='word_1_382' title='bbox 2669 2745 2871 2800; x_wconf 90' lang='lat' dir='ltr'>Chuno</span> <span class='ocrx_word' id='word_1_383' title='bbox 2897 2744 3203 2816; x_wconf 87' lang='lat' dir='ltr'>paululum</span> <span class='ocrx_word' id='word_1_384' title='bbox 3229 2746 3361 2800; x_wconf 89' lang='lat' dir='ltr'>eum</span> <span class='ocrx_word' id='word_1_385' title='bbox 3388 2744 3759 2817; x_wconf 89' lang='lat' dir='ltr'>Lotharingis</span> <span class='ocrx_word' id='word_1_386' title='bbox 3780 2742 4085 2817; x_wconf 91' lang='lat' dir='ltr'>placitans,</span> 
     </span>
    </p>
   </div>
   <div class='ocr_carea' id='block_1_59' title="bbox 2446 2832 4089 2890">
    <p class='ocr_par' dir='ltr' id='par_1_59' title="bbox 2446 2832 4089 2890">
     <span class='ocr_line' id='line_1_59' title="bbox 2446 2832 4089 2890; baseline 0 -3"><span class='ocrx_word' id='word_1_387' title='bbox 2446 2834 2645 2888; x_wconf 89' lang='lat' dir='ltr'>statim</span> <span class='ocrx_word' id='word_1_388' title='bbox 2678 2850 2940 2889; x_wconf 85' lang='lat' dir='ltr'>reversus</span> <span class='ocrx_word' id='word_1_389' title='bbox 2973 2833 3228 2889; x_wconf 80' lang='lat' dir='ltr'>maximo</span> <span class='ocrx_word' id='word_1_390' title='bbox 3253 2832 3445 2890; x_wconf 88' lang='lat' dir='ltr'>favore</span> <span class='ocrx_word' id='word_1_391' title='bbox 3476 2832 3641 2888; x_wconf 91' lang='lat' dir='ltr'>illum</span> <span class='ocrx_word' id='word_1_392' title='bbox 3682 2833 3753 2887; x_wconf 90' lang='lat' dir='ltr'>ad</span> <span class='ocrx_word' id='word_1_393' title='bbox 3784 2832 4089 2887; x_wconf 90' lang='lat' dir='ltr'>dominum</span> 
     </span>
    </p>
   </div>
   <div class='ocr_carea' id='block_1_60' title="bbox 2444 2920 4090 2995">
    <p class='ocr_par' dir='ltr' id='par_1_60' title="bbox 2444 2920 4090 2995">
     <span class='ocr_line' id='line_1_60' title="bbox 2444 2920 4090 2995; baseline -0.001 -18"><span class='ocrx_word' id='word_1_394' title='bbox 2444 2928 2499 2977; x_wconf 89' lang='lat' dir='ltr'>et</span> <span class='ocrx_word' id='word_1_395' title='bbox 2522 2938 2715 2995; x_wconf 89' lang='lat' dir='ltr'>regem</span> <span class='ocrx_word' id='word_1_396' title='bbox 2747 2922 2950 2994; x_wconf 87' lang='lat' dir='ltr'>elegit;</span> <span class='ocrx_word' id='word_1_397' title='bbox 2978 2939 3147 2995; x_wconf 91' lang='lat' dir='ltr'>quem</span> <span class='ocrx_word' id='word_1_398' title='bbox 3175 2938 3271 2977; x_wconf 77' lang='lat' dir='ltr'>rex</span> <span class='ocrx_word' id='word_1_399' title='bbox 3293 2939 3473 2978; x_wconf 90' lang='lat' dir='ltr'>manu</span> <span class='ocrx_word' id='word_1_400' title='bbox 3495 2921 3937 2994; x_wconf 84' lang='lat' dir='ltr'>apprehendens</span> <span class='ocrx_word' id='word_1_401' title='bbox 3959 2920 4090 2976; x_wconf 87' lang='lat' dir='ltr'>fecit</span> 
     </span>
    </p>
   </div>
   <div class='ocr_carea' id='block_1_61' title="bbox 2444 3008 4087 3083">
    <p class='ocr_par' dir='ltr' id='par_1_61' title="bbox 2444 3008 4087 3083">
     <span class='ocr_line' id='line_1_61' title="bbox 2444 3008 4087 3083; baseline -0.001 -18"><span class='ocrx_word' id='word_1_402' title='bbox 2444 3010 2613 3066; x_wconf 90' lang='lat' dir='ltr'>illum</span> <span class='ocrx_word' id='word_1_403' title='bbox 2641 3016 2951 3067; x_wconf 89' lang='lat' dir='ltr'>consedere</span> <span class='ocrx_word' id='word_1_404' title='bbox 2982 3010 3114 3066; x_wconf 88' lang='lat' dir='ltr'>sibi.</span> <span class='ocrx_word' id='word_1_405' title='bbox 3149 3011 3313 3066; x_wconf 87' lang='lat' dir='ltr'>Tune</span> <span class='ocrx_word' id='word_1_406' title='bbox 3339 3009 3555 3083; x_wconf 90' lang='lat' dir='ltr'>singuli</span> <span class='ocrx_word' id='word_1_407' title='bbox 3604 3010 3676 3066; x_wconf 91' lang='lat' dir='ltr'>de</span> <span class='ocrx_word' id='word_1_408' title='bbox 3725 3008 3974 3082; x_wconf 90' lang='lat' dir='ltr'>singulis</span> <span class='ocrx_word' id='word_1_409' title='bbox 4002 3025 4087 3064; x_wconf 87' lang='lat' dir='ltr'>re-</span> 
     </span>
    </p>
   </div>
   <div class='ocr_carea' id='block_1_62' title="bbox 2444 3097 4084 3171">
    <p class='ocr_par' dir='ltr' id='par_1_62' title="bbox 2444 3097 4084 3171">
     <span class='ocr_line' id='line_1_62' title="bbox 2444 3097 4084 3171; baseline 0 -18"><span class='ocrx_word' id='word_1_410' title='bbox 2444 3099 2574 3170; x_wconf 89' lang='lat' dir='ltr'>gnis</span> <span class='ocrx_word' id='word_1_411' title='bbox 2605 3099 2806 3154; x_wconf 90' lang='lat' dir='ltr'>eadem</span> <span class='ocrx_word' id='word_1_412' title='bbox 2839 3099 3011 3154; x_wconf 87' lang='lat' dir='ltr'>verba</span> <span class='ocrx_word' id='word_1_413' title='bbox 3041 3097 3340 3154; x_wconf 91' lang='lat' dir='ltr'>electionis</span> <span class='ocrx_word' id='word_1_414' title='bbox 3366 3097 3688 3171; x_wconf 69' lang='lat' dir='ltr'>saepissime</span> <span class='ocrx_word' id='word_1_415' title='bbox 3711 3098 4046 3171; x_wconf 88' lang='lat' dir='ltr'>repetebant</span> <span class='ocrx_word' id='word_1_416' title='bbox 4071 3117 4084 3153; x_wconf 91' lang='lat'>:</span> 
     </span>
    </p>
   </div>
   <div class='ocr_carea' id='block_1_63' title="bbox 2445 3186 4087 3260">
    <p class='ocr_par' dir='ltr' id='par_1_63' title="bbox 2445 3186 4087 3260">
     <span class='ocr_line' id='line_1_63' title="bbox 2445 3186 4087 3260; baseline -0.001 -17"><span class='ocrx_word' id='word_1_417' title='bbox 2445 3189 2510 3243; x_wconf 80' lang='lat' dir='ltr'>ﬁt</span> <span class='ocrx_word' id='word_1_418' title='bbox 2539 3186 2757 3243; x_wconf 89' lang='lat' dir='ltr'>clamor</span> <span class='ocrx_word' id='word_1_419' title='bbox 2786 3186 3004 3260; x_wconf 89' lang='lat' dir='ltr'>populi,</span> <span class='ocrx_word' id='word_1_420' title='bbox 3037 3204 3239 3242; x_wconf 89' lang='lat' dir='ltr'>omnes</span> <span class='ocrx_word' id='word_1_421' title='bbox 3269 3187 3628 3243; x_wconf 90' lang='lat' dir='ltr'>unanimiter</span> <span class='ocrx_word' id='word_1_422' title='bbox 3664 3187 3723 3242; x_wconf 91' lang='lat' dir='ltr'>in</span> <span class='ocrx_word' id='word_1_423' title='bbox 3758 3187 3911 3260; x_wconf 87' lang='lat' dir='ltr'>regis</span> <span class='ocrx_word' id='word_1_424' title='bbox 3942 3186 4087 3242; x_wconf 88' lang='lat' dir='ltr'>elec-</span> 
     </span>
    </p>
   </div>
   <div class='ocr_carea' id='block_1_64' title="bbox 2446 3275 4086 3349">
    <p class='ocr_par' dir='ltr' id='par_1_64' title="bbox 2446 3275 4086 3349">
     <span class='ocr_line' id='line_1_64' title="bbox 2446 3275 4086 3349; baseline 0 -18"><span class='ocrx_word' id='word_1_425' title='bbox 2446 3276 2601 3332; x_wconf 88' lang='lat' dir='ltr'>tione</span> <span class='ocrx_word' id='word_1_426' title='bbox 2642 3275 3003 3349; x_wconf 87' lang='lat' dir='ltr'>principibus</span> <span class='ocrx_word' id='word_1_427' title='bbox 3052 3276 3523 3344; x_wconf 87' lang='lat' dir='ltr'>consentiebant;</span> <span class='ocrx_word' id='word_1_428' title='bbox 3556 3292 3758 3331; x_wconf 90' lang='lat' dir='ltr'>omnes</span> <span class='ocrx_word' id='word_1_429' title='bbox 3804 3276 4086 3346; x_wconf 89' lang='lat' dir='ltr'>majorem</span> 
     </span>
    </p>
   </div>
   <div class='ocr_carea' id='block_1_65' title="bbox 662 3339 4084 3445">
    <p class='ocr_par' dir='ltr' id='par_1_65' title="bbox 662 3339 4084 3445">
     <span class='ocr_line' id='line_1_65' title="bbox 662 3339 4084 3445; baseline -0.001 -22"><span class='ocrx_word' id='word_1_430' title='bbox 662 3339 931 3445; x_wconf 81' lang='lat' dir='ltr'>giminis</span> <span class='ocrx_word' id='word_1_431' title='bbox 960 3339 1233 3421; x_wconf 72' lang='lat' dir='ltr'>virtutem</span> <span class='ocrx_word' id='word_1_432' title='bbox 1267 3382 1379 3421; x_wconf 92' lang='lat' dir='ltr'>non</span> <span class='ocrx_word' id='word_1_433' title='bbox 1414 3381 1726 3437; x_wconf 87' lang='lat' dir='ltr'>possumus</span> <span class='ocrx_word' id='word_1_434' title='bbox 1768 3339 2074 3431; x_wconf 72' lang='lat' dir='ltr'>sustinere,</span> <span class='ocrx_word' id='word_1_435' title='bbox 2110 3368 2166 3419; x_wconf 93' lang='lat' dir='ltr'>et</span> <span class='ocrx_word' id='word_1_436' title='bbox 2192 3363 2336 3419; x_wconf 87' lang='lat' dir='ltr'>alter</span> <span class='ocrx_word' id='word_1_437' title='bbox 2366 3339 2408 3405; x_wconf 56' lang='grc' dir='ltr'><strong>(ἶ</strong></span> <span class='ocrx_word' id='word_1_438' title='bbox 2448 3339 2787 3420; x_wconf 71' lang='lat' dir='ltr'>Chunonem</span> <span class='ocrx_word' id='word_1_439' title='bbox 2810 3339 3301 3430; x_wconf 76' lang='lat' dir='ltr'>desiderabant,in</span> <span class='ocrx_word' id='word_1_440' title='bbox 3322 3361 3417 3417; x_wconf 88' lang='lat' dir='ltr'>illo</span> <span class='ocrx_word' id='word_1_441' title='bbox 3441 3339 3825 3435; x_wconf 81' lang='lat' dir='ltr'>persistebant</span> <span class='ocrx_word' id='word_1_442' title='bbox 3850 3379 3863 3416; x_wconf 87' lang='lat'><strong>:</strong></span> <span class='ocrx_word' id='word_1_443' title='bbox 3889 3339 4084 3434; x_wconf 69' lang='lat' dir='ltr'>ipsum</span> 
     </span>
    </p>
   </div>
   <div class='ocr_carea' id='block_1_66' title="bbox 664 3453 2336 3527">
    <p class='ocr_par' dir='ltr' id='par_1_66' title="bbox 664 3453 2336 3527">
     <span class='ocr_line' id='line_1_66' title="bbox 664 3453 2336 3527; baseline -0.006 -11"><span class='ocrx_word' id='word_1_444' title='bbox 664 3456 955 3524; x_wconf 80' lang='lat' dir='ltr'>alterius,</span> <span class='ocrx_word' id='word_1_445' title='bbox 983 3455 1139 3527; x_wconf 89' lang='lat' dir='ltr'>quod</span> <span class='ocrx_word' id='word_1_446' title='bbox 1165 3455 1316 3508; x_wconf 90' lang='lat' dir='ltr'>inter</span> <span class='ocrx_word' id='word_1_447' title='bbox 1343 3453 1810 3525; x_wconf 89' lang='lat' dir='ltr'>consanguineos</span> <span class='ocrx_word' id='word_1_448' title='bbox 1862 3470 2141 3525; x_wconf 90' lang='lat' dir='ltr'>magnum</span> <span class='ocrx_word' id='word_1_449' title='bbox 2174 3454 2336 3507; x_wconf 86' lang='lat' dir='ltr'>nelas</span> 
     </span>
    </p>
   </div>
   <div class='ocr_carea' id='block_1_67' title="bbox 663 3542 2339 3617">
    <p class='ocr_par' dir='ltr' id='par_1_67' title="bbox 663 3542 2339 3617">
     <span class='ocr_line' id='line_1_67' title="bbox 663 3542 2339 3617; baseline -0.005 -13"><span class='ocrx_word' id='word_1_450' title='bbox 663 3563 819 3605; x_wconf 83' lang='lat' dir='ltr'>esse</span> <span class='ocrx_word' id='word_1_451' title='bbox 863 3550 1023 3617; x_wconf 90' lang='lat' dir='ltr'>puto,</span> <span class='ocrx_word' id='word_1_452' title='bbox 1057 3544 1289 3599; x_wconf 90' lang='lat' dir='ltr'>credere</span> <span class='ocrx_word' id='word_1_453' title='bbox 1337 3542 1513 3599; x_wconf 88' lang='lat' dir='ltr'>nollet</span> <span class='ocrx_word' id='word_1_454' title='bbox 1562 3542 1788 3597; x_wconf 91' lang='lat' dir='ltr'>honori.</span> <span class='ocrx_word' id='word_1_455' title='bbox 1823 3542 2113 3597; x_wconf 84' lang='lat' dir='ltr'>Maximus</span> <span class='ocrx_word' id='word_1_456' title='bbox 2162 3543 2339 3613; x_wconf 85' lang='lat' dir='ltr'>igitur</span> 
     </span>
    </p>
   </div>
   <div class='ocr_carea' id='block_1_68' title="bbox 665 3630 2336 3703">
    <p class='ocr_par' dir='ltr' id='par_1_68' title="bbox 665 3630 2336 3703">
     <span class='ocr_line' id='line_1_68' title="bbox 665 3630 2336 3703; baseline -0.005 -9"><span class='ocrx_word' id='word_1_457' title='bbox 665 3639 1140 3699; x_wconf 85' lang='lat' dir='ltr'>honor,summa</span> <span class='ocrx_word' id='word_1_458' title='bbox 1171 3636 1427 3703; x_wconf 85' lang='lat' dir='ltr'>potestas</span> <span class='ocrx_word' id='word_1_459' title='bbox 1457 3631 1610 3686; x_wconf 90' lang='lat' dir='ltr'>circa</span> <span class='ocrx_word' id='word_1_460' title='bbox 1634 3647 1738 3686; x_wconf 89' lang='lat' dir='ltr'>nos</span> <span class='ocrx_word' id='word_1_461' title='bbox 1766 3630 1956 3686; x_wconf 90' lang='lat' dir='ltr'>adhuc</span> <span class='ocrx_word' id='word_1_462' title='bbox 1987 3630 2336 3697; x_wconf 89' lang='lat' dir='ltr'>versabitur,</span> 
     </span>
    </p>
   </div>
   <div class='ocr_carea' id='block_1_69' title="bbox 663 3718 2339 3793">
    <p class='ocr_par' dir='ltr' id='par_1_69' title="bbox 663 3718 2339 3793">
     <span class='ocr_line' id='line_1_69' title="bbox 663 3718 2339 3793; baseline -0.005 -11"><span class='ocrx_word' id='word_1_463' title='bbox 663 3731 737 3783; x_wconf 87' lang='lat' dir='ltr'>et</span> <span class='ocrx_word' id='word_1_464' title='bbox 772 3724 858 3779; x_wconf 84' lang='lat' dir='ltr'>ita</span> <span class='ocrx_word' id='word_1_465' title='bbox 880 3721 950 3777; x_wconf 87' lang='lat' dir='ltr'>ad</span> <span class='ocrx_word' id='word_1_466' title='bbox 983 3737 1090 3775; x_wconf 89' lang='lat' dir='ltr'>nos</span> <span class='ocrx_word' id='word_1_467' title='bbox 1121 3721 1400 3793; x_wconf 90' lang='lat' dir='ltr'>pervenit,</span> <span class='ocrx_word' id='word_1_468' title='bbox 1435 3723 1500 3774; x_wconf 90' lang='lat' dir='ltr'>ut</span> <span class='ocrx_word' id='word_1_469' title='bbox 1529 3719 1575 3774; x_wconf 90' lang='lat' dir='ltr'>si</span> <span class='ocrx_word' id='word_1_470' title='bbox 1611 3718 1879 3785; x_wconf 88' lang='lat' dir='ltr'>velimus,</span> <span class='ocrx_word' id='word_1_471' title='bbox 1902 3718 1960 3773; x_wconf 91' lang='lat' dir='ltr'>in</span> <span class='ocrx_word' id='word_1_472' title='bbox 1995 3718 2171 3773; x_wconf 88' lang='lat' dir='ltr'>altero</span> <span class='ocrx_word' id='word_1_473' title='bbox 2204 3735 2339 3774; x_wconf 91' lang='lat' dir='ltr'>nos-</span> 
     </span>
    </p>
   </div>
   <div class='ocr_carea' id='block_1_70' title="bbox 664 3807 2339 3875">
    <p class='ocr_par' dir='ltr' id='par_1_70' title="bbox 664 3807 2339 3875">
     <span class='ocr_line' id='line_1_70' title="bbox 664 3807 2339 3875; baseline -0.005 -4"><span class='ocrx_word' id='word_1_474' title='bbox 664 3823 849 3872; x_wconf 88' lang='lat' dir='ltr'>trum</span> <span class='ocrx_word' id='word_1_475' title='bbox 879 3808 1509 3875; x_wconf 83' lang='lat' dir='ltr'>remaneret.Quocirca</span> <span class='ocrx_word' id='word_1_476' title='bbox 1540 3807 1683 3863; x_wconf 89' lang='lat' dir='ltr'>mihi</span> <span class='ocrx_word' id='word_1_477' title='bbox 1710 3808 1939 3863; x_wconf 91' lang='lat' dir='ltr'>videtur</span> <span class='ocrx_word' id='word_1_478' title='bbox 1968 3808 2014 3862; x_wconf 89' lang='lat' dir='ltr'>si</span> <span class='ocrx_word' id='word_1_479' title='bbox 2048 3807 2106 3862; x_wconf 94' lang='lat' dir='ltr'>in</span> <span class='ocrx_word' id='word_1_480' title='bbox 2131 3824 2246 3861; x_wconf 91' lang='lat' dir='ltr'>uno</span> <span class='ocrx_word' id='word_1_481' title='bbox 2269 3807 2339 3862; x_wconf 92' lang='lat' dir='ltr'>de</span> 
     </span>
    </p>
   </div>
   <div class='ocr_carea' id='block_1_71' title="bbox 664 3896 2339 3967">
    <p class='ocr_par' dir='ltr' id='par_1_71' title="bbox 664 3896 2339 3967">
     <span class='ocr_line' id='line_1_71' title="bbox 664 3896 2339 3967; baseline -0.006 -7"><span class='ocrx_word' id='word_1_482' title='bbox 664 3900 863 3961; x_wconf 85' lang='lat' dir='ltr'>nobis</span> <span class='ocrx_word' id='word_1_483' title='bbox 885 3899 979 3954; x_wconf 92' lang='lat' dir='ltr'>hic</span> <span class='ocrx_word' id='word_1_484' title='bbox 1000 3898 1187 3953; x_wconf 83' lang='lat' dir='ltr'>honor</span> <span class='ocrx_word' id='word_1_485' title='bbox 1207 3898 1570 3953; x_wconf 89' lang='lat' dir='ltr'>coadunatns</span> <span class='ocrx_word' id='word_1_486' title='bbox 1594 3897 2028 3965; x_wconf 82' lang='lat' dir='ltr'>remanserit,ut</span> <span class='ocrx_word' id='word_1_487' title='bbox 2048 3896 2193 3951; x_wconf 87' lang='lat' dir='ltr'>alter</span> <span class='ocrx_word' id='word_1_488' title='bbox 2216 3897 2339 3967; x_wconf 90' lang='lat' dir='ltr'>eju-</span> 
     </span>
    </p>
   </div>
   <div class='ocr_carea' id='block_1_72' title="bbox 664 3984 2341 4059">
    <p class='ocr_par' dir='ltr' id='par_1_72' title="bbox 664 3984 2341 4059">
     <span class='ocr_line' id='line_1_72' title="bbox 664 3984 2341 4059; baseline -0.005 -11"><span class='ocrx_word' id='word_1_489' title='bbox 664 3994 857 4052; x_wconf 83' lang='lat' dir='ltr'>sdem</span> <span class='ocrx_word' id='word_1_490' title='bbox 886 3987 1128 4044; x_wconf 89' lang='lat' dir='ltr'>honoris</span> <span class='ocrx_word' id='word_1_491' title='bbox 1158 3985 1599 4059; x_wconf 89' lang='lat' dir='ltr'>participatione</span> <span class='ocrx_word' id='word_1_492' title='bbox 1624 3984 1869 4041; x_wconf 87' lang='lat' dir='ltr'>ulterius</span> <span class='ocrx_word' id='word_1_493' title='bbox 1908 3985 2341 4057; x_wconf 85' lang='lat' dir='ltr'>quodammodo</span> 
     </span>
    </p>
   </div>
   <div class='ocr_carea' id='block_1_73' title="bbox 668 4076 2340 4148">
    <p class='ocr_par' dir='ltr' id='par_1_73' title="bbox 668 4076 2340 4148">
     <span class='ocr_line' id='line_1_73' title="bbox 668 4076 2340 4148; baseline -0.007 -9"><span class='ocrx_word' id='word_1_494' title='bbox 668 4097 806 4139; x_wconf 90' lang='lat' dir='ltr'>non</span> <span class='ocrx_word' id='word_1_495' title='bbox 841 4080 1035 4133; x_wconf 83' lang='lat' dir='ltr'>careat</span> <span class='ocrx_word' id='word_1_496' title='bbox 1069 4076 1259 4131; x_wconf 92' lang='lat' dir='ltr'>:sicut</span> <span class='ocrx_word' id='word_1_497' title='bbox 1281 4076 1438 4131; x_wconf 92' lang='lat' dir='ltr'>enim</span> <span class='ocrx_word' id='word_1_498' title='bbox 1472 4076 1528 4130; x_wconf 89' lang='lat' dir='ltr'>in</span> <span class='ocrx_word' id='word_1_499' title='bbox 1564 4091 1806 4148; x_wconf 90' lang='lat' dir='ltr'>regnum</span> <span class='ocrx_word' id='word_1_500' title='bbox 1840 4079 2340 4147; x_wconf 89' lang='lat' dir='ltr'>parentes,quam-</span> 
     </span>
    </p>
   </div>
   <div class='ocr_carea' id='block_1_74' title="bbox 664 4162 2343 4238">
    <p class='ocr_par' dir='ltr' id='par_1_74' title="bbox 664 4162 2343 4238">
     <span class='ocr_line' id='line_1_74' title="bbox 664 4162 2343 4238; baseline -0.007 -11"><span class='ocrx_word' id='word_1_501' title='bbox 664 4172 778 4227; x_wconf 82' lang='lat' dir='ltr'>vis</span> <span class='ocrx_word' id='word_1_502' title='bbox 810 4166 1007 4223; x_wconf 88' lang='lat' dir='ltr'>cuncti</span> <span class='ocrx_word' id='word_1_503' title='bbox 1031 4181 1195 4238; x_wconf 84' lang='lat' dir='ltr'>reges</span> <span class='ocrx_word' id='word_1_504' title='bbox 1216 4181 1332 4220; x_wconf 90' lang='lat' dir='ltr'>non</span> <span class='ocrx_word' id='word_1_505' title='bbox 1358 4164 1494 4232; x_wconf 90' lang='lat' dir='ltr'>sint,</span> <span class='ocrx_word' id='word_1_506' title='bbox 1511 4164 1750 4219; x_wconf 86' lang='lat' dir='ltr'>honoris</span> <span class='ocrx_word' id='word_1_507' title='bbox 1774 4164 2039 4235; x_wconf 70' lang='lat' dir='ltr'>quaedam</span> <span class='ocrx_word' id='word_1_508' title='bbox 2067 4162 2343 4217; x_wconf 90' lang='lat' dir='ltr'>derivatio</span> 
     </span>
    </p>
   </div>
   <div class='ocr_carea' id='block_1_75' title="bbox 664 4250 2343 4324">
    <p class='ocr_par' dir='ltr' id='par_1_75' title="bbox 664 4250 2343 4324">
     <span class='ocr_line' id='line_1_75' title="bbox 664 4250 2343 4324; baseline -0.008 -6"><span class='ocrx_word' id='word_1_509' title='bbox 664 4254 1150 4318; x_wconf 81' lang='lat' dir='ltr'>transfunditur,</span> <span class='ocrx_word' id='word_1_510' title='bbox 1187 4254 1271 4309; x_wconf 90' lang='lat' dir='ltr'>sic</span> <span class='ocrx_word' id='word_1_511' title='bbox 1303 4257 1359 4308; x_wconf 92' lang='lat' dir='ltr'>et</span> <span class='ocrx_word' id='word_1_512' title='bbox 1389 4252 1445 4307; x_wconf 89' lang='lat' dir='ltr'>hi</span> <span class='ocrx_word' id='word_1_513' title='bbox 1475 4252 1574 4324; x_wconf 90' lang='lat' dir='ltr'>qui</span> <span class='ocrx_word' id='word_1_514' title='bbox 1606 4252 1918 4324; x_wconf 88' lang='lat' dir='ltr'>conscripti</span> <span class='ocrx_word' id='word_1_515' title='bbox 1952 4257 2009 4306; x_wconf 92' lang='lat' dir='ltr'>et</span> <span class='ocrx_word' id='word_1_516' title='bbox 2040 4250 2343 4323; x_wconf 68' lang='lat' dir='ltr'>praenomi-</span> 
     </span>
    </p>
   </div>
   <div class='ocr_carea' id='block_1_76' title="bbox 668 4340 2343 4415">
    <p class='ocr_par' dir='ltr' id='par_1_76' title="bbox 668 4340 2343 4415">
     <span class='ocr_line' id='line_1_76' title="bbox 668 4340 2343 4415; baseline -0.008 -8"><span class='ocrx_word' id='word_1_517' title='bbox 668 4346 813 4407; x_wconf 84' lang='lat' dir='ltr'>nati</span> <span class='ocrx_word' id='word_1_518' title='bbox 847 4344 920 4400; x_wconf 86' lang='lat' dir='ltr'>ad</span> <span class='ocrx_word' id='word_1_519' title='bbox 953 4346 1300 4415; x_wconf 89' lang='lat' dir='ltr'>potestatem</span> <span class='ocrx_word' id='word_1_520' title='bbox 1351 4342 1585 4407; x_wconf 83' lang='lat' dir='ltr'>fuerint,</span> <span class='ocrx_word' id='word_1_521' title='bbox 1616 4341 1750 4397; x_wconf 90' lang='lat' dir='ltr'>licet</span> <span class='ocrx_word' id='word_1_522' title='bbox 1794 4341 1863 4397; x_wconf 90' lang='lat' dir='ltr'>ad</span> <span class='ocrx_word' id='word_1_523' title='bbox 1892 4340 2043 4395; x_wconf 91' lang='lat' dir='ltr'>hanc</span> <span class='ocrx_word' id='word_1_524' title='bbox 2074 4357 2187 4395; x_wconf 92' lang='lat' dir='ltr'>non</span> <span class='ocrx_word' id='word_1_525' title='bbox 2215 4356 2343 4411; x_wconf 88' lang='lat' dir='ltr'>per-</span> 
     </span>
    </p>
   </div>
   <div class='ocr_carea' id='block_1_77' title="bbox 668 4428 2345 4503">
    <p class='ocr_par' dir='ltr' id='par_1_77' title="bbox 668 4428 2345 4503">
     <span class='ocr_line' id='line_1_77' title="bbox 668 4428 2345 4503; baseline -0.007 -10"><span class='ocrx_word' id='word_1_526' title='bbox 668 4435 951 4501; x_wconf 83' lang='lat' dir='ltr'>veniant,</span> <span class='ocrx_word' id='word_1_527' title='bbox 980 4436 1177 4487; x_wconf 88' lang='lat' dir='ltr'>tamen</span> <span class='ocrx_word' id='word_1_528' title='bbox 1210 4430 1427 4486; x_wconf 89' lang='lat' dir='ltr'>honore</span> <span class='ocrx_word' id='word_1_529' title='bbox 1462 4431 1713 4503; x_wconf 90' lang='lat' dir='ltr'>quodam</span> <span class='ocrx_word' id='word_1_530' title='bbox 1766 4429 1900 4485; x_wconf 85' lang='lat' dir='ltr'>inde</span> <span class='ocrx_word' id='word_1_531' title='bbox 1948 4433 2083 4484; x_wconf 89' lang='lat' dir='ltr'>nota</span> <span class='ocrx_word' id='word_1_532' title='bbox 2113 4428 2345 4500; x_wconf 89' lang='lat' dir='ltr'>penitus</span> 
     </span>
    </p>
   </div>
   <div class='ocr_carea' id='block_1_78' title="bbox 667 4515 2346 4591">
    <p class='ocr_par' dir='ltr' id='par_1_78' title="bbox 667 4515 2346 4591">
     <span class='ocr_line' id='line_1_78' title="bbox 667 4515 2346 4591; baseline -0.008 -8"><span class='ocrx_word' id='word_1_533' title='bbox 667 4542 808 4584; x_wconf 87' lang='lat' dir='ltr'>non</span> <span class='ocrx_word' id='word_1_534' title='bbox 844 4520 1162 4587; x_wconf 89' lang='lat' dir='ltr'>carebunt;</span> <span class='ocrx_word' id='word_1_535' title='bbox 1194 4536 1310 4575; x_wconf 92' lang='lat' dir='ltr'>non</span> <span class='ocrx_word' id='word_1_536' title='bbox 1342 4520 1412 4575; x_wconf 90' lang='lat' dir='ltr'>ad</span> <span class='ocrx_word' id='word_1_537' title='bbox 1456 4535 1623 4574; x_wconf 89' lang='lat' dir='ltr'>suam</span> <span class='ocrx_word' id='word_1_538' title='bbox 1672 4518 2017 4591; x_wconf 88' lang='lat' dir='ltr'>dignitatem</span> <span class='ocrx_word' id='word_1_539' title='bbox 2068 4515 2346 4571; x_wconf 90' lang='lat' dir='ltr'>immeriti</span> 
     </span>
    </p>
   </div>
   <div class='ocr_carea' id='block_1_79' title="bbox 652 4606 2350 4683">
    <p class='ocr_par' dir='ltr' id='par_1_79' title="bbox 652 4606 2350 4683">
     <span class='ocr_line' id='line_1_79' title="bbox 652 4606 2350 4683; baseline -0.008 -10"><span class='ocrx_word' id='word_1_540' title='bbox 652 4630 809 4673; x_wconf 9' lang='lat' dir='ltr'>anon</span> <span class='ocrx_word' id='word_1_541' title='bbox 837 4609 1524 4683; x_wconf 64' lang='lat' dir='ltr'>exigerenturPreeterea</span> <span class='ocrx_word' id='word_1_542' title='bbox 1555 4608 1604 4663; x_wconf 90' lang='lat' dir='ltr'>si</span> <span class='ocrx_word' id='word_1_543' title='bbox 1629 4623 1831 4679; x_wconf 90' lang='lat' dir='ltr'>regum</span> <span class='ocrx_word' id='word_1_544' title='bbox 1858 4606 2086 4677; x_wconf 83' lang='lat' dir='ltr'>cognati</span> <span class='ocrx_word' id='word_1_545' title='bbox 2115 4608 2350 4677; x_wconf 90' lang='lat' dir='ltr'>propter</span> 
     </span>
    </p>
   </div>
   <div class='ocr_carea' id='block_1_80' title="bbox 2446 3450 4083 3523">
    <p class='ocr_par' dir='ltr' id='par_1_80' title="bbox 2446 3450 4083 3523">
     <span class='ocr_line' id='line_1_80' title="bbox 2446 3450 4083 3523; baseline -0.001 -15"><span class='ocrx_word' id='word_1_546' title='bbox 2446 3454 2671 3509; x_wconf 91' lang='lat' dir='ltr'>cunctis</span> <span class='ocrx_word' id='word_1_547' title='bbox 2710 3453 3149 3509; x_wconf 89' lang='lat' dir='ltr'>dominantibus</span> <span class='ocrx_word' id='word_1_548' title='bbox 3194 3451 3339 3507; x_wconf 89' lang='lat' dir='ltr'>nihil</span> <span class='ocrx_word' id='word_1_549' title='bbox 3386 3450 3708 3507; x_wconf 69' lang='lat' dir='ltr'>haesitando</span> <span class='ocrx_word' id='word_1_550' title='bbox 3757 3466 4083 3523; x_wconf 71' lang='lat' dir='ltr'>praeposue-</span> 
     </span>
    </p>
   </div>
   <div class='ocr_carea' id='block_1_81' title="bbox 2448 3536 4089 3614">
    <p class='ocr_par' dir='ltr' id='par_1_81' title="bbox 2448 3536 4089 3614">
     <span class='ocr_line' id='line_1_81' title="bbox 2448 3536 4089 3614; baseline -0.002 -17"><span class='ocrx_word' id='word_1_551' title='bbox 2448 3543 2997 3613; x_wconf 88' lang='lat' dir='ltr'>runt,eumdemque</span> <span class='ocrx_word' id='word_1_552' title='bbox 3017 3541 3191 3614; x_wconf 88' lang='lat' dir='ltr'>regali</span> <span class='ocrx_word' id='word_1_553' title='bbox 3209 3539 3476 3613; x_wconf 67' lang='lat' dir='ltr'>potentia:</span> <span class='ocrx_word' id='word_1_554' title='bbox 3498 3539 3913 3613; x_wconf 89' lang='lat' dir='ltr'>dignissimum</span> <span class='ocrx_word' id='word_1_555' title='bbox 3928 3536 4089 3610; x_wconf 82' lang='lat' dir='ltr'>judi-</span> 
     </span>
    </p>
   </div>
   <div class='ocr_carea' id='block_1_82' title="bbox 2448 3627 4081 3698">
    <p class='ocr_par' dir='ltr' id='par_1_82' title="bbox 2448 3627 4081 3698">
     <span class='ocr_line' id='line_1_82' title="bbox 2448 3627 4081 3698; baseline -0.002 -11"><span class='ocrx_word' id='word_1_556' title='bbox 2448 3632 2658 3687; x_wconf 90' lang='lat' dir='ltr'>cabant</span> <span class='ocrx_word' id='word_1_557' title='bbox 2682 3648 2693 3686; x_wconf 87' lang='lat'>:</span> <span class='ocrx_word' id='word_1_558' title='bbox 2719 3636 2774 3687; x_wconf 92' lang='lat' dir='ltr'>et</span> <span class='ocrx_word' id='word_1_559' title='bbox 2795 3635 2857 3686; x_wconf 91' lang='lat' dir='ltr'>ut</span> <span class='ocrx_word' id='word_1_560' title='bbox 2878 3630 3039 3686; x_wconf 89' lang='lat' dir='ltr'>nulla</span> <span class='ocrx_word' id='word_1_561' title='bbox 3060 3647 3222 3687; x_wconf 90' lang='lat' dir='ltr'>mora</span> <span class='ocrx_word' id='word_1_562' title='bbox 3243 3628 3691 3686; x_wconf 86' lang='lat' dir='ltr'>consecrationis</span> <span class='ocrx_word' id='word_1_563' title='bbox 3712 3627 3870 3684; x_wconf 91' lang='lat' dir='ltr'>illius</span> <span class='ocrx_word' id='word_1_564' title='bbox 3902 3630 4081 3698; x_wconf 80' lang='lat' dir='ltr'>fieret,</span> 
     </span>
    </p>
   </div>
   <div class='ocr_carea' id='block_1_83' title="bbox 2449 3716 4088 3793">
    <p class='ocr_par' dir='ltr' id='par_1_83' title="bbox 2449 3716 4088 3793">
     <span class='ocr_line' id='line_1_83' title="bbox 2449 3716 4088 3793; baseline -0.002 -17"><span class='ocrx_word' id='word_1_565' title='bbox 2449 3720 3185 3793; x_wconf 84' lang='lat' dir='ltr'>postulabant,supradicta</span> <span class='ocrx_word' id='word_1_566' title='bbox 3209 3718 3547 3791; x_wconf 85' lang='lat' dir='ltr'>imperatrix</span> <span class='ocrx_word' id='word_1_567' title='bbox 3576 3716 3975 3791; x_wconf 87' lang='lat' dir='ltr'>Cbunegunda</span> <span class='ocrx_word' id='word_1_568' title='bbox 3995 3734 4088 3773; x_wconf 87' lang='lat' dir='ltr'>re-</span> 
     </span>
    </p>
   </div>
   <div class='ocr_carea' id='block_1_84' title="bbox 2449 3806 4092 3882">
    <p class='ocr_par' dir='ltr' id='par_1_84' title="bbox 2449 3806 4092 3882">
     <span class='ocr_line' id='line_1_84' title="bbox 2449 3806 4092 3882; baseline 0 -19"><span class='ocrx_word' id='word_1_569' title='bbox 2449 3809 2602 3881; x_wconf 88' lang='lat' dir='ltr'>galia</span> <span class='ocrx_word' id='word_1_570' title='bbox 2632 3809 2885 3882; x_wconf 87' lang='lat' dir='ltr'>insignia</span> <span class='ocrx_word' id='word_1_571' title='bbox 2916 3825 3042 3881; x_wconf 63' lang='lat' dir='ltr'>qua:</span> <span class='ocrx_word' id='word_1_572' title='bbox 3069 3808 3177 3865; x_wconf 90' lang='lat' dir='ltr'>sibi</span> <span class='ocrx_word' id='word_1_573' title='bbox 3209 3808 3525 3879; x_wconf 88' lang='lat' dir='ltr'>imperator</span> <span class='ocrx_word' id='word_1_574' title='bbox 3544 3807 3826 3863; x_wconf 84' lang='lat' dir='ltr'>Henricus</span> <span class='ocrx_word' id='word_1_575' title='bbox 3849 3806 4092 3879; x_wconf 89' lang='lat' dir='ltr'>relique-</span> 
     </span>
    </p>
   </div>
   <div class='ocr_carea' id='block_1_85' title="bbox 2450 3895 4090 3971">
    <p class='ocr_par' dir='ltr' id='par_1_85' title="bbox 2450 3895 4090 3971">
     <span class='ocr_line' id='line_1_85' title="bbox 2450 3895 4090 3971; baseline -0.001 -18"><span class='ocrx_word' id='word_1_576' title='bbox 2450 3902 2541 3953; x_wconf 91' lang='lat' dir='ltr'>rat</span> <span class='ocrx_word' id='word_1_577' title='bbox 2560 3902 2857 3970; x_wconf 87' lang='lat' dir='ltr'>gratanter</span> <span class='ocrx_word' id='word_1_578' title='bbox 2879 3897 2893 3969; x_wconf 75' lang='lat' dir='ltr'>l</span> <span class='ocrx_word' id='word_1_579' title='bbox 2904 3916 3013 3952; x_wconf 92' lang='lat' dir='ltr'>non</span> <span class='ocrx_word' id='word_1_580' title='bbox 3041 3900 3295 3971; x_wconf 74' lang='lat' dir='ltr'>gravate}</span> <span class='ocrx_word' id='word_1_581' title='bbox 3321 3895 3612 3961; x_wconf 90' lang='lat' dir='ltr'>obtulit,et</span> <span class='ocrx_word' id='word_1_582' title='bbox 3633 3895 3705 3951; x_wconf 91' lang='lat' dir='ltr'>ad</span> <span class='ocrx_word' id='word_1_583' title='bbox 3729 3896 4090 3969; x_wconf 89' lang='lat' dir='ltr'>regnandum</span> 
     </span>
    </p>
   </div>
   <div class='ocr_carea' id='block_1_86' title="bbox 2452 3983 4095 4058">
    <p class='ocr_par' dir='ltr' id='par_1_86' title="bbox 2452 3983 4095 4058">
     <span class='ocr_line' id='line_1_86' title="bbox 2452 3983 4095 4058; baseline -0.001 -17"><span class='ocrx_word' id='word_1_584' title='bbox 2452 3990 2741 4058; x_wconf 90' lang='lat' dir='ltr'>quantum</span> <span class='ocrx_word' id='word_1_585' title='bbox 2774 3986 2952 4057; x_wconf 89' lang='lat' dir='ltr'>hujus</span> <span class='ocrx_word' id='word_1_586' title='bbox 2985 4002 3156 4041; x_wconf 82' lang='lat' dir='ltr'>sexus</span> <span class='ocrx_word' id='word_1_587' title='bbox 3188 3984 3548 4040; x_wconf 88' lang='lat' dir='ltr'>auctoritatis</span> <span class='ocrx_word' id='word_1_588' title='bbox 3578 3986 3686 4048; x_wconf 87' lang='lat' dir='ltr'>est,</span> <span class='ocrx_word' id='word_1_589' title='bbox 3710 3983 3875 4039; x_wconf 91' lang='lat' dir='ltr'>illum</span> <span class='ocrx_word' id='word_1_590' title='bbox 3907 4001 4095 4039; x_wconf 88' lang='lat' dir='ltr'>corro-</span> 
     </span>
    </p>
   </div>
   <div class='ocr_carea' id='block_1_87' title="bbox 2453 4065 4094 4145">
    <p class='ocr_par' dir='ltr' id='par_1_87' title="bbox 2453 4065 4094 4145">
     <span class='ocr_line' id='line_1_87' title="bbox 2453 4065 4094 4145; baseline -0.002 -16"><span class='ocrx_word' id='word_1_591' title='bbox 2453 4075 2693 4130; x_wconf 84' lang='lat' dir='ltr'>boravit.</span> <span class='ocrx_word' id='word_1_592' title='bbox 2745 4075 2927 4129; x_wconf 89' lang='lat' dir='ltr'>Credo</span> <span class='ocrx_word' id='word_1_593' title='bbox 2975 4074 3211 4145; x_wconf 89' lang='lat' dir='ltr'>quidem</span> <span class='ocrx_word' id='word_1_594' title='bbox 3268 4072 3403 4127; x_wconf 91' lang='lat' dir='ltr'>huic</span> <span class='ocrx_word' id='word_1_595' title='bbox 3459 4072 3725 4127; x_wconf 89' lang='lat' dir='ltr'>electioni</span> <span class='ocrx_word' id='word_1_596' title='bbox 3771 4065 4094 4127; x_wconf 70' lang='lat' dir='ltr'>caalestium</span> 
     </span>
    </p>
   </div>
   <div class='ocr_carea' id='block_1_88' title="bbox 2450 4159 4096 4232">
    <p class='ocr_par' dir='ltr' id='par_1_88' title="bbox 2450 4159 4096 4232">
     <span class='ocr_line' id='line_1_88' title="bbox 2450 4159 4096 4232; baseline -0.001 -15"><span class='ocrx_word' id='word_1_597' title='bbox 2450 4162 2730 4217; x_wconf 86' lang='lat' dir='ltr'>virtutum</span> <span class='ocrx_word' id='word_1_598' title='bbox 2766 4163 3016 4217; x_wconf 85' lang='lat' dir='ltr'>favorem</span> <span class='ocrx_word' id='word_1_599' title='bbox 3050 4178 3163 4217; x_wconf 93' lang='lat' dir='ltr'>non</span> <span class='ocrx_word' id='word_1_600' title='bbox 3198 4162 3421 4227; x_wconf 88' lang='lat' dir='ltr'>deesse,</span> <span class='ocrx_word' id='word_1_601' title='bbox 3454 4175 3586 4215; x_wconf 90' lang='lat' dir='ltr'>cum</span> <span class='ocrx_word' id='word_1_602' title='bbox 3612 4160 3761 4216; x_wconf 89' lang='lat' dir='ltr'>inter</span> <span class='ocrx_word' id='word_1_603' title='bbox 3780 4159 4096 4232; x_wconf 88' lang='lat' dir='ltr'>singularis</span> 
     </span>
    </p>
   </div>
   <div class='ocr_carea' id='block_1_89' title="bbox 2453 4247 4099 4323">
    <p class='ocr_par' dir='ltr' id='par_1_89' title="bbox 2453 4247 4099 4323">
     <span class='ocr_line' id='line_1_89' title="bbox 2453 4247 4099 4323; baseline -0.001 -18"><span class='ocrx_word' id='word_1_604' title='bbox 2453 4251 2723 4323; x_wconf 66' lang='lat' dir='ltr'>potentiae</span> <span class='ocrx_word' id='word_1_605' title='bbox 2752 4251 2904 4305; x_wconf 90' lang='lat' dir='ltr'>viros</span> <span class='ocrx_word' id='word_1_606' title='bbox 2936 4254 3021 4304; x_wconf 93' lang='lat' dir='ltr'>tot</span> <span class='ocrx_word' id='word_1_607' title='bbox 3052 4250 3254 4315; x_wconf 90' lang='lat' dir='ltr'>duces,</span> <span class='ocrx_word' id='word_1_608' title='bbox 3287 4253 3343 4304; x_wconf 85' lang='lat' dir='ltr'>et</span> <span class='ocrx_word' id='word_1_609' title='bbox 3368 4247 3735 4304; x_wconf 91' lang='lat' dir='ltr'>marchiones</span> <span class='ocrx_word' id='word_1_610' title='bbox 3765 4248 3985 4321; x_wconf 91' lang='lat' dir='ltr'>absque</span> <span class='ocrx_word' id='word_1_611' title='bbox 4017 4249 4099 4303; x_wconf 90' lang='lat' dir='ltr'>in-</span> 
     </span>
    </p>
   </div>
   <div class='ocr_carea' id='block_1_90' title="bbox 2452 4335 4095 4409">
    <p class='ocr_par' dir='ltr' id='par_1_90' title="bbox 2452 4335 4095 4409">
     <span class='ocr_line' id='line_1_90' title="bbox 2452 4335 4095 4409; baseline -0.001 -16"><span class='ocrx_word' id='word_1_612' title='bbox 2452 4340 2625 4408; x_wconf 90' lang='lat' dir='ltr'>vidia,</span> <span class='ocrx_word' id='word_1_613' title='bbox 2655 4340 2781 4396; x_wconf 88' lang='lat' dir='ltr'>sine</span> <span class='ocrx_word' id='word_1_614' title='bbox 2812 4336 3205 4394; x_wconf 88' lang='lat' dir='ltr'>controversia</span> <span class='ocrx_word' id='word_1_615' title='bbox 3230 4337 3281 4392; x_wconf 92' lang='lat' dir='ltr'>is</span> <span class='ocrx_word' id='word_1_616' title='bbox 3310 4336 3643 4409; x_wconf 89' lang='lat' dir='ltr'>eligeretur,</span> <span class='ocrx_word' id='word_1_617' title='bbox 3677 4336 3775 4408; x_wconf 89' lang='lat' dir='ltr'>qui</span> <span class='ocrx_word' id='word_1_618' title='bbox 3823 4335 3957 4391; x_wconf 91' lang='lat' dir='ltr'>licet</span> <span class='ocrx_word' id='word_1_619' title='bbox 3998 4352 4095 4409; x_wconf 91' lang='lat' dir='ltr'>ge-</span> 
     </span>
    </p>
   </div>
   <div class='ocr_carea' id='block_1_91' title="bbox 2453 4424 4100 4499">
    <p class='ocr_par' dir='ltr' id='par_1_91' title="bbox 2453 4424 4100 4499">
     <span class='ocr_line' id='line_1_91' title="bbox 2453 4424 4100 4499; baseline -0.002 -16"><span class='ocrx_word' id='word_1_620' title='bbox 2453 4445 2588 4483; x_wconf 91' lang='lat' dir='ltr'>nere</span> <span class='ocrx_word' id='word_1_621' title='bbox 2620 4433 2678 4483; x_wconf 91' lang='lat' dir='ltr'>et</span> <span class='ocrx_word' id='word_1_622' title='bbox 2703 4428 2912 4483; x_wconf 90' lang='lat' dir='ltr'>virtute</span> <span class='ocrx_word' id='word_1_623' title='bbox 2942 4431 3116 4499; x_wconf 89' lang='lat' dir='ltr'>atque</span> <span class='ocrx_word' id='word_1_624' title='bbox 3148 4426 3205 4479; x_wconf 90' lang='lat' dir='ltr'>in</span> <span class='ocrx_word' id='word_1_625' title='bbox 3229 4425 3480 4497; x_wconf 90' lang='lat' dir='ltr'>propriis</span> <span class='ocrx_word' id='word_1_626' title='bbox 3503 4424 3672 4479; x_wconf 89' lang='lat' dir='ltr'>bonis</span> <span class='ocrx_word' id='word_1_627' title='bbox 3694 4424 3925 4480; x_wconf 90' lang='lat' dir='ltr'>nemine</span> <span class='ocrx_word' id='word_1_628' title='bbox 3945 4427 4100 4480; x_wconf 86' lang='lat' dir='ltr'>esset</span> 
     </span>
    </p>
   </div>
   <div class='ocr_carea' id='block_1_92' title="bbox 2455 4513 4097 4586">
    <p class='ocr_par' dir='ltr' id='par_1_92' title="bbox 2455 4513 4097 4586">
     <span class='ocr_line' id='line_1_92' title="bbox 2455 4513 4097 4586; baseline -0.003 -13"><span class='ocrx_word' id='word_1_629' title='bbox 2455 4517 2711 4579; x_wconf 89' lang='lat' dir='ltr'>inferior,</span> <span class='ocrx_word' id='word_1_630' title='bbox 2764 4521 2957 4572; x_wconf 91' lang='lat' dir='ltr'>tamen</span> <span class='ocrx_word' id='word_1_631' title='bbox 3008 4516 3078 4571; x_wconf 91' lang='lat' dir='ltr'>de</span> <span class='ocrx_word' id='word_1_632' title='bbox 3127 4513 3447 4586; x_wconf 90' lang='lat' dir='ltr'>republica,</span> <span class='ocrx_word' id='word_1_633' title='bbox 3482 4514 3551 4569; x_wconf 91' lang='lat' dir='ltr'>ad</span> <span class='ocrx_word' id='word_1_634' title='bbox 3603 4513 4097 4585; x_wconf 89' lang='lat' dir='ltr'>comparationem</span> 
     </span>
    </p>
   </div>
   <div class='ocr_carea' id='block_1_93' title="bbox 2453 4601 4095 4676">
    <p class='ocr_par' dir='ltr' id='par_1_93' title="bbox 2453 4601 4095 4676">
     <span class='ocr_line' id='line_1_93' title="bbox 2453 4601 4095 4676; baseline -0.002 -14"><span class='ocrx_word' id='word_1_635' title='bbox 2453 4606 2661 4663; x_wconf 90' lang='lat' dir='ltr'>talium</span> <span class='ocrx_word' id='word_1_636' title='bbox 2678 4607 2931 4662; x_wconf 90' lang='lat' dir='ltr'>virorum</span> <span class='ocrx_word' id='word_1_637' title='bbox 2953 4620 3157 4676; x_wconf 89' lang='lat' dir='ltr'>parum</span> <span class='ocrx_word' id='word_1_638' title='bbox 3181 4601 3442 4658; x_wconf 82' lang='lat' dir='ltr'>beneﬁcii</span> <span class='ocrx_word' id='word_1_639' title='bbox 3470 4606 3527 4658; x_wconf 93' lang='lat' dir='ltr'>et</span> <span class='ocrx_word' id='word_1_640' title='bbox 3547 4601 3851 4674; x_wconf 89' lang='lat' dir='ltr'>potestatis</span> <span class='ocrx_word' id='word_1_641' title='bbox 3871 4602 4095 4659; x_wconf 86' lang='lat' dir='ltr'>habuit.</span> 
     </span>
    </p>
   </div>
   <div class='ocr_carea' id='block_1_94' title="bbox 671 4689 4101 4777">
    <p class='ocr_par' dir='ltr' id='par_1_94' title="bbox 671 4689 4101 4777">
     <span class='ocr_line' id='line_1_94' title="bbox 671 4689 4101 4777; baseline -0.005 -16"><span class='ocrx_word' id='word_1_642' title='bbox 671 4718 861 4777; x_wconf 86' lang='lat' dir='ltr'>reges</span> <span class='ocrx_word' id='word_1_643' title='bbox 894 4698 1275 4766; x_wconf 88' lang='lat' dir='ltr'>honorantur,</span> <span class='ocrx_word' id='word_1_644' title='bbox 1310 4713 1560 4769; x_wconf 90' lang='lat' dir='ltr'>cumque</span> <span class='ocrx_word' id='word_1_645' title='bbox 1610 4713 1813 4751; x_wconf 88' lang='lat' dir='ltr'>omnes</span> <span class='ocrx_word' id='word_1_646' title='bbox 1862 4712 1999 4766; x_wconf 89' lang='lat' dir='ltr'>erga</span> <span class='ocrx_word' id='word_1_647' title='bbox 2048 4711 2154 4748; x_wconf 91' lang='lat' dir='ltr'>nos</span> <span class='ocrx_word' id='word_1_648' title='bbox 2201 4692 2347 4748; x_wconf 91' lang='lat' dir='ltr'>tales</span> <span class='ocrx_word' id='word_1_649' title='bbox 2377 4698 2802 4768; x_wconf 81' lang='lat' dir='ltr'>D&#39;Quanquam</span> <span class='ocrx_word' id='word_1_650' title='bbox 2835 4692 3306 4765; x_wconf 90' lang='lat' dir='ltr'>archiepiscopus</span> <span class='ocrx_word' id='word_1_651' title='bbox 3336 4689 3718 4759; x_wconf 81' lang='lat' dir='ltr'>Coloniensis,</span> <span class='ocrx_word' id='word_1_652' title='bbox 3752 4695 3808 4745; x_wconf 90' lang='lat' dir='ltr'>et</span> <span class='ocrx_word' id='word_1_653' title='bbox 3836 4690 3954 4745; x_wconf 86' lang='lat' dir='ltr'>dux</span> <span class='ocrx_word' id='word_1_654' title='bbox 3983 4690 4101 4745; x_wconf 89' lang='lat' dir='ltr'>Fri-</span> 
     </span>
    </p>
   </div>
   <div class='ocr_carea' id='block_1_95' title="bbox 669 4781 2344 4858">
    <p class='ocr_par' dir='ltr' id='par_1_95' title="bbox 669 4781 2344 4858">
     <span class='ocr_line' id='line_1_95' title="bbox 669 4781 2344 4858; baseline -0.008 -9"><span class='ocrx_word' id='word_1_655' title='bbox 669 4807 821 4849; x_wconf 82' lang='lat' dir='ltr'>esse</span> <span class='ocrx_word' id='word_1_656' title='bbox 847 4784 1263 4858; x_wconf 83' lang='lat' dir='ltr'>velint,quales</span> <span class='ocrx_word' id='word_1_657' title='bbox 1293 4785 1534 4840; x_wconf 89' lang='lat' dir='ltr'>invicem</span> <span class='ocrx_word' id='word_1_658' title='bbox 1569 4787 1957 4839; x_wconf 82' lang='lat' dir='ltr'>consentanea</span> <span class='ocrx_word' id='word_1_659' title='bbox 1995 4785 2189 4836; x_wconf 88' lang='lat' dir='ltr'>mente</span> <span class='ocrx_word' id='word_1_660' title='bbox 2225 4781 2344 4835; x_wconf 86' lang='lat' dir='ltr'>fue-</span> 
     </span>
    </p>
   </div>
   <div class='ocr_carea' id='block_1_96' title="bbox 668 4871 2340 4947">
    <p class='ocr_par' dir='ltr' id='par_1_96' title="bbox 668 4871 2340 4947">
     <span class='ocr_line' id='line_1_96' title="bbox 668 4871 2340 4947; baseline -0.01 -8"><span class='ocrx_word' id='word_1_661' title='bbox 668 4884 904 4941; x_wconf 85' lang='lat' dir='ltr'>rimus,</span> <span class='ocrx_word' id='word_1_662' title='bbox 936 4879 994 4932; x_wconf 89' lang='lat' dir='ltr'>et</span> <span class='ocrx_word' id='word_1_663' title='bbox 1024 4892 1090 4931; x_wconf 87' lang='lat' dir='ltr'>eo</span> <span class='ocrx_word' id='word_1_664' title='bbox 1122 4874 1295 4930; x_wconf 91' lang='lat' dir='ltr'>modo</span> <span class='ocrx_word' id='word_1_665' title='bbox 1327 4877 1633 4947; x_wconf 88' lang='lat' dir='ltr'>provectus</span> <span class='ocrx_word' id='word_1_666' title='bbox 1664 4872 1907 4928; x_wconf 92' lang='lat' dir='ltr'>alterius</span> <span class='ocrx_word' id='word_1_667' title='bbox 1929 4888 1997 4927; x_wconf 82' lang='lat' dir='ltr'><strong>ex</strong></span> <span class='ocrx_word' id='word_1_668' title='bbox 2018 4871 2198 4925; x_wconf 89' lang='lat' dir='ltr'>altero</span> <span class='ocrx_word' id='word_1_669' title='bbox 2217 4886 2340 4942; x_wconf 82' lang='lat' dir='ltr'>pen-</span> 
     </span>
    </p>
   </div>
   <div class='ocr_carea' id='block_1_97' title="bbox 669 4958 2347 5037">
    <p class='ocr_par' dir='ltr' id='par_1_97' title="bbox 669 4958 2347 5037">
     <span class='ocr_line' id='line_1_97' title="bbox 669 4958 2347 5037; baseline -0.01 -9"><span class='ocrx_word' id='word_1_670' title='bbox 669 4972 864 5033; x_wconf 87' lang='lat' dir='ltr'>deat;</span> <span class='ocrx_word' id='word_1_671' title='bbox 900 4964 999 5037; x_wconf 88' lang='lat' dir='ltr'>qui</span> <span class='ocrx_word' id='word_1_672' title='bbox 1032 4962 1319 5019; x_wconf 86' lang='lat' dir='ltr'>feliciores</span> <span class='ocrx_word' id='word_1_673' title='bbox 1351 4962 1520 5017; x_wconf 89' lang='lat' dir='ltr'>nobis</span> <span class='ocrx_word' id='word_1_674' title='bbox 1551 4977 1678 5017; x_wconf 89' lang='lat' dir='ltr'>esse</span> <span class='ocrx_word' id='word_1_675' title='bbox 1712 4959 2057 5033; x_wconf 88' lang='lat' dir='ltr'>poterunt,si</span> <span class='ocrx_word' id='word_1_676' title='bbox 2090 4958 2239 5013; x_wconf 88' lang='lat' dir='ltr'>alter</span> <span class='ocrx_word' id='word_1_677' title='bbox 2261 4975 2347 5013; x_wconf 90' lang='lat' dir='ltr'>re-</span> 
     </span>
    </p>
   </div>
   <div class='ocr_carea' id='block_1_98' title="bbox 670 5047 2347 5133">
    <p class='ocr_par' dir='ltr' id='par_1_98' title="bbox 670 5047 2347 5133">
     <span class='ocr_line' id='line_1_98' title="bbox 670 5047 2347 5133; baseline -0.007 -22"><span class='ocrx_word' id='word_1_678' title='bbox 670 5053 945 5133; x_wconf 78' lang='lat' dir='ltr'>gnabit?</span> <span class='ocrx_word' id='word_1_679' title='bbox 976 5052 1121 5107; x_wconf 87' lang='lat' dir='ltr'>alter</span> <span class='ocrx_word' id='word_1_680' title='bbox 1151 5050 1436 5123; x_wconf 89' lang='lat' dir='ltr'>regnanti,</span> <span class='ocrx_word' id='word_1_681' title='bbox 1471 5049 1763 5122; x_wconf 85' lang='lat' dir='ltr'>publicam</span> <span class='ocrx_word' id='word_1_682' title='bbox 1797 5065 1939 5117; x_wconf 87' lang='lat' dir='ltr'>rem,</span> <span class='ocrx_word' id='word_1_683' title='bbox 1973 5064 2075 5121; x_wconf 85' lang='lat' dir='ltr'>per</span> <span class='ocrx_word' id='word_1_684' title='bbox 2105 5047 2347 5101; x_wconf 81' lang='lat' dir='ltr'>benevo-</span> 
     </span>
    </p>
   </div>
   <div class='ocr_carea' id='block_1_99' title="bbox 672 5134 2345 5211">
    <p class='ocr_par' dir='ltr' id='par_1_99' title="bbox 672 5134 2345 5211">
     <span class='ocr_line' id='line_1_99' title="bbox 672 5134 2345 5211; baseline -0.008 -10"><span class='ocrx_word' id='word_1_685' title='bbox 672 5144 940 5203; x_wconf 84' lang='lat' dir='ltr'>lentiam</span> <span class='ocrx_word' id='word_1_686' title='bbox 974 5155 1145 5197; x_wconf 90' lang='lat' dir='ltr'>suam</span> <span class='ocrx_word' id='word_1_687' title='bbox 1178 5139 1345 5211; x_wconf 89' lang='lat' dir='ltr'>quasi</span> <span class='ocrx_word' id='word_1_688' title='bbox 1380 5137 1719 5211; x_wconf 69' lang='lat' dir='ltr'>prmstahit‘?</span> <span class='ocrx_word' id='word_1_689' title='bbox 1744 5139 1930 5203; x_wconf 86' lang='lat' dir='ltr'>Quare</span> <span class='ocrx_word' id='word_1_690' title='bbox 1952 5135 2105 5191; x_wconf 90' lang='lat' dir='ltr'>cauti</span> <span class='ocrx_word' id='word_1_691' title='bbox 2138 5134 2345 5201; x_wconf 89' lang='lat' dir='ltr'>simus;</span> 
     </span>
    </p>
   </div>
   <div class='ocr_carea' id='block_1_100' title="bbox 672 5224 2346 5301">
    <p class='ocr_par' dir='ltr' id='par_1_100' title="bbox 672 5224 2346 5301">
     <span class='ocr_line' id='line_1_100' title="bbox 672 5224 2346 5301; baseline -0.01 -10"><span class='ocrx_word' id='word_1_692' title='bbox 672 5234 957 5292; x_wconf 88' lang='lat' dir='ltr'>alienum</span> <span class='ocrx_word' id='word_1_693' title='bbox 980 5227 1623 5301; x_wconf 88' lang='lat' dir='ltr'>propinquo,incertum</span> <span class='ocrx_word' id='word_1_694' title='bbox 1642 5230 1796 5281; x_wconf 91' lang='lat' dir='ltr'>certo</span> <span class='ocrx_word' id='word_1_695' title='bbox 1815 5242 1928 5281; x_wconf 90' lang='lat' dir='ltr'>non</span> <span class='ocrx_word' id='word_1_696' title='bbox 1949 5224 2346 5297; x_wconf 69' lang='lat' dir='ltr'>praeferamus;</span> 
     </span>
    </p>
   </div>
   <div class='ocr_carea' id='block_1_101' title="bbox 673 5310 2350 5388">
    <p class='ocr_par' dir='ltr' id='par_1_101' title="bbox 673 5310 2350 5388">
     <span class='ocr_line' id='line_1_101' title="bbox 673 5310 2350 5388; baseline -0.009 -8"><span class='ocrx_word' id='word_1_697' title='bbox 673 5341 758 5381; x_wconf 86' lang='lat' dir='ltr'>ne</span> <span class='ocrx_word' id='word_1_698' title='bbox 795 5319 1085 5377; x_wconf 88' lang='lat' dir='ltr'>hodierna</span> <span class='ocrx_word' id='word_1_699' title='bbox 1115 5316 1243 5372; x_wconf 90' lang='lat' dir='ltr'>dies</span> <span class='ocrx_word' id='word_1_700' title='bbox 1272 5316 1388 5371; x_wconf 88' lang='lat' dir='ltr'>huc</span> <span class='ocrx_word' id='word_1_701' title='bbox 1418 5332 1603 5388; x_wconf 89' lang='lat' dir='ltr'>usque</span> <span class='ocrx_word' id='word_1_702' title='bbox 1634 5331 1737 5387; x_wconf 89' lang='lat' dir='ltr'>pro</span> <span class='ocrx_word' id='word_1_703' title='bbox 1787 5312 1888 5369; x_wconf 89' lang='lat' dir='ltr'>tali</span> <span class='ocrx_word' id='word_1_704' title='bbox 1940 5312 2180 5368; x_wconf 90' lang='lat' dir='ltr'>arbitrio</span> <span class='ocrx_word' id='word_1_705' title='bbox 2207 5310 2350 5366; x_wconf 90' lang='lat' dir='ltr'>satis</span> 
     </span>
    </p>
   </div>
   <div class='ocr_carea' id='block_1_102' title="bbox 672 5396 2350 5477">
    <p class='ocr_par' dir='ltr' id='par_1_102' title="bbox 672 5396 2350 5477">
     <span class='ocr_line' id='line_1_102' title="bbox 672 5396 2350 5477; baseline -0.01 -9"><span class='ocrx_word' id='word_1_706' title='bbox 672 5412 826 5467; x_wconf 65' lang='lat' dir='ltr'>laeta</span> <span class='ocrx_word' id='word_1_707' title='bbox 856 5411 916 5462; x_wconf 89' lang='lat' dir='ltr'>et</span> <span class='ocrx_word' id='word_1_708' title='bbox 938 5404 1224 5476; x_wconf 88' lang='lat' dir='ltr'>jucunda,</span> <span class='ocrx_word' id='word_1_709' title='bbox 1257 5403 1412 5477; x_wconf 89' lang='lat' dir='ltr'>longi</span> <span class='ocrx_word' id='word_1_710' title='bbox 1446 5403 1725 5475; x_wconf 75' lang='lat' dir='ltr'>temporis</span> <span class='ocrx_word' id='word_1_711' title='bbox 1756 5399 2138 5456; x_wconf 87' lang='lat' dir='ltr'>infortunium</span> <span class='ocrx_word' id='word_1_712' title='bbox 2184 5396 2350 5452; x_wconf 91' lang='lat' dir='ltr'>nobis</span> 
     </span>
    </p>
   </div>
   <div class='ocr_carea' id='block_1_103' title="bbox 672 5486 2349 5574">
    <p class='ocr_par' dir='ltr' id='par_1_103' title="bbox 672 5486 2349 5574">
     <span class='ocr_line' id='line_1_103' title="bbox 672 5486 2349 5574; baseline -0.01 -20"><span class='ocrx_word' id='word_1_713' title='bbox 672 5497 888 5574; x_wconf 80' lang='lat' dir='ltr'>pariat</span> <span class='ocrx_word' id='word_1_714' title='bbox 917 5511 930 5548; x_wconf 87' lang='lat'><strong>:</strong></span> <span class='ocrx_word' id='word_1_715' title='bbox 960 5492 1044 5549; x_wconf 89' lang='lat' dir='ltr'>sic</span> <span class='ocrx_word' id='word_1_716' title='bbox 1094 5497 1432 5565; x_wconf 89' lang='lat' dir='ltr'>conceptam</span> <span class='ocrx_word' id='word_1_717' title='bbox 1486 5492 1631 5546; x_wconf 91' lang='lat' dir='ltr'>tanti</span> <span class='ocrx_word' id='word_1_718' title='bbox 1684 5488 1881 5563; x_wconf 91' lang='lat' dir='ltr'>populi</span> <span class='ocrx_word' id='word_1_719' title='bbox 1933 5486 2349 5559; x_wconf 87' lang='lat' dir='ltr'>benignitatem</span> 
     </span>
    </p>
   </div>
   <div class='ocr_carea' id='block_1_104' title="bbox 670 5576 2352 5644">
    <p class='ocr_par' dir='ltr' id='par_1_104' title="bbox 670 5576 2352 5644">
     <span class='ocr_line' id='line_1_104' title="bbox 670 5576 2352 5644; baseline -0.011 0"><span class='ocrx_word' id='word_1_720' title='bbox 670 5584 849 5644; x_wconf 86' lang='lat' dir='ltr'>male</span> <span class='ocrx_word' id='word_1_721' title='bbox 882 5582 1037 5637; x_wconf 88' lang='lat' dir='ltr'>inter</span> <span class='ocrx_word' id='word_1_722' title='bbox 1066 5596 1173 5636; x_wconf 87' lang='lat' dir='ltr'>nos</span> <span class='ocrx_word' id='word_1_723' title='bbox 1203 5580 1606 5635; x_wconf 86' lang='lat' dir='ltr'>tractabimus.</span> <span class='ocrx_word' id='word_1_724' title='bbox 1641 5577 1802 5643; x_wconf 88' lang='lat' dir='ltr'>Quod</span> <span class='ocrx_word' id='word_1_725' title='bbox 1856 5593 1927 5631; x_wconf 89' lang='lat' dir='ltr'>ne</span> <span class='ocrx_word' id='word_1_726' title='bbox 1979 5576 2078 5629; x_wconf 83' lang='lat' dir='ltr'>fiat</span> <span class='ocrx_word' id='word_1_727' title='bbox 2125 5591 2193 5629; x_wconf 83' lang='lat' dir='ltr'>ex</span> <span class='ocrx_word' id='word_1_728' title='bbox 2224 5588 2352 5627; x_wconf 89' lang='lat' dir='ltr'>mea</span> 
     </span>
    </p>
   </div>
   <div class='ocr_carea' id='block_1_105' title="bbox 673 5660 2348 5752">
    <p class='ocr_par' dir='ltr' id='par_1_105' title="bbox 673 5660 2348 5752">
     <span class='ocr_line' id='line_1_105' title="bbox 673 5660 2348 5752; baseline -0.011 -20"><span class='ocrx_word' id='word_1_729' title='bbox 673 5677 881 5752; x_wconf 86' lang='lat' dir='ltr'>parte,</span> <span class='ocrx_word' id='word_1_730' title='bbox 917 5669 1185 5726; x_wconf 89' lang='lat' dir='ltr'>omnium</span> <span class='ocrx_word' id='word_1_731' title='bbox 1218 5673 1595 5741; x_wconf 87' lang='lat' dir='ltr'>cognatorum</span> <span class='ocrx_word' id='word_1_732' title='bbox 1642 5682 1903 5723; x_wconf 88' lang='lat' dir='ltr'>meorum</span> <span class='ocrx_word' id='word_1_733' title='bbox 1953 5660 2348 5752; x_wconf 78' lang='lat' dir='ltr'>dilectissime,</span> 
     </span>
    </p>
   </div>
   <div class='ocr_carea' id='block_1_106' title="bbox 672 5745 2349 5840">
    <p class='ocr_par' dir='ltr' id='par_1_106' title="bbox 672 5745 2349 5840">
     <span class='ocr_line' id='line_1_106' title="bbox 672 5745 2349 5840; baseline -0.008 -20"><span class='ocrx_word' id='word_1_734' title='bbox 672 5745 833 5840; x_wconf 71' lang='lat' dir='ltr'>quid</span> <span class='ocrx_word' id='word_1_735' title='bbox 868 5760 943 5815; x_wconf 90' lang='lat' dir='ltr'>de</span> <span class='ocrx_word' id='word_1_736' title='bbox 976 5760 1032 5813; x_wconf 88' lang='lat' dir='ltr'>te</span> <span class='ocrx_word' id='word_1_737' title='bbox 1063 5755 1333 5825; x_wconf 86' lang='lat' dir='ltr'>sentiam,</span> <span class='ocrx_word' id='word_1_738' title='bbox 1367 5756 1558 5813; x_wconf 89' lang='lat' dir='ltr'>dicere</span> <span class='ocrx_word' id='word_1_739' title='bbox 1583 5754 1731 5812; x_wconf 91' lang='lat' dir='ltr'>volo.</span> <span class='ocrx_word' id='word_1_740' title='bbox 1766 5753 1823 5810; x_wconf 89' lang='lat' dir='ltr'>Si</span> <span class='ocrx_word' id='word_1_741' title='bbox 1856 5751 2119 5809; x_wconf 88' lang='lat' dir='ltr'>animum</span> <span class='ocrx_word' id='word_1_742' title='bbox 2151 5745 2349 5825; x_wconf 90' lang='lat' dir='ltr'>populi</span> 
     </span>
    </p>
   </div>
   <div class='ocr_carea' id='block_1_107' title="bbox 1025 5881 1575 5949">
    <p class='ocr_par' dir='ltr' id='par_1_107' title="bbox 1025 5881 1575 5949">
     <span class='ocr_line' id='line_1_107' title="bbox 1025 5881 1575 5949; baseline 0.007 -4"><span class='ocrx_word' id='word_1_743' title='bbox 1025 5882 1291 5946; x_wconf 72' lang='grc' dir='ltr'>ΡΑτιτοι..</span> <span class='ocrx_word' id='word_1_744' title='bbox 1341 5881 1575 5949; x_wconf 81' lang='lat' dir='ltr'>CXLII.</span> 
     </span>
    </p>
   </div>
   <div class='ocr_carea' id='block_1_108' title="bbox 2454 4777 4101 4853">
    <p class='ocr_par' dir='ltr' id='par_1_108' title="bbox 2454 4777 4101 4853">
     <span class='ocr_line' id='line_1_108' title="bbox 2454 4777 4101 4853; baseline -0.002 -15"><span class='ocrx_word' id='word_1_745' title='bbox 2454 4784 2685 4840; x_wconf 87' lang='lat' dir='ltr'>derieus</span> <span class='ocrx_word' id='word_1_746' title='bbox 2735 4800 2866 4839; x_wconf 91' lang='lat' dir='ltr'>cum</span> <span class='ocrx_word' id='word_1_747' title='bbox 2920 4781 3049 4838; x_wconf 90' lang='lat' dir='ltr'>aliis</span> <span class='ocrx_word' id='word_1_748' title='bbox 3097 4780 3449 4853; x_wconf 90' lang='lat' dir='ltr'>quibusdam</span> <span class='ocrx_word' id='word_1_749' title='bbox 3510 4777 3880 4851; x_wconf 89' lang='lat' dir='ltr'>Lutheringis</span> <span class='ocrx_word' id='word_1_750' title='bbox 3923 4794 4101 4834; x_wconf 90' lang='lat' dir='ltr'>causa</span> 
     </span>
    </p>
   </div>
   <div class='ocr_carea' id='block_1_109' title="bbox 2447 4866 4099 4945">
    <p class='ocr_par' dir='ltr' id='par_1_109' title="bbox 2447 4866 4099 4945">
     <span class='ocr_line' id='line_1_109' title="bbox 2447 4866 4099 4945; baseline -0.002 -17"><span class='ocrx_word' id='word_1_751' title='bbox 2447 4873 2704 4945; x_wconf 88' lang='lat' dir='ltr'>junioris</span> <span class='ocrx_word' id='word_1_752' title='bbox 2735 4872 3055 4939; x_wconf 83' lang='lat' dir='ltr'>Chunonis,</span> <span class='ocrx_word' id='word_1_753' title='bbox 3090 4873 3154 4926; x_wconf 92' lang='lat' dir='ltr'>ut</span> <span class='ocrx_word' id='word_1_754' title='bbox 3182 4869 3339 4925; x_wconf 90' lang='lat' dir='ltr'>fama</span> <span class='ocrx_word' id='word_1_755' title='bbox 3384 4867 3512 4933; x_wconf 89' lang='lat' dir='ltr'>fuit,</span> <span class='ocrx_word' id='word_1_756' title='bbox 3538 4867 3656 4923; x_wconf 88' lang='lat' dir='ltr'>imo</span> <span class='ocrx_word' id='word_1_757' title='bbox 3700 4866 3867 4923; x_wconf 89' lang='lat' dir='ltr'>hoste</span> <span class='ocrx_word' id='word_1_758' title='bbox 3918 4867 4099 4940; x_wconf 88' lang='lat' dir='ltr'>pacis,</span> 
     </span>
    </p>
   </div>
   <div class='ocr_carea' id='block_1_110' title="bbox 2458 4956 4103 5033">
    <p class='ocr_par' dir='ltr' id='par_1_110' title="bbox 2458 4956 4103 5033">
     <span class='ocr_line' id='line_1_110' title="bbox 2458 4956 4103 5033; baseline -0.002 -17"><span class='ocrx_word' id='word_1_759' title='bbox 2458 4961 2689 5017; x_wconf 88' lang='lat' dir='ltr'>diabolo</span> <span class='ocrx_word' id='word_1_760' title='bbox 2721 4961 3055 5033; x_wconf 87' lang='lat' dir='ltr'>instigante,</span> <span class='ocrx_word' id='word_1_761' title='bbox 3074 4958 3346 5032; x_wconf 88' lang='lat' dir='ltr'>impaeati</span> <span class='ocrx_word' id='word_1_762' title='bbox 3378 4957 3740 5014; x_wconf 91' lang='lat' dir='ltr'>discederent</span> <span class='ocrx_word' id='word_1_763' title='bbox 3759 4975 3772 5026; x_wconf 94' lang='lat'>;</span> <span class='ocrx_word' id='word_1_764' title='bbox 3791 4956 3891 5029; x_wconf 89' lang='lat' dir='ltr'>qui</span> <span class='ocrx_word' id='word_1_765' title='bbox 3906 4961 4103 5012; x_wconf 88' lang='lat' dir='ltr'>tamen</span> 
     </span>
    </p>
   </div>
   <div class='ocr_carea' id='block_1_111' title="bbox 2456 5048 4105 5121">
    <p class='ocr_par' dir='ltr' id='par_1_111' title="bbox 2456 5048 4105 5121">
     <span class='ocr_line' id='line_1_111' title="bbox 2456 5048 4105 5121; baseline -0.003 -16"><span class='ocrx_word' id='word_1_766' title='bbox 2456 5050 2569 5105; x_wconf 89' lang='lat' dir='ltr'>cito</span> <span class='ocrx_word' id='word_1_767' title='bbox 2601 5050 2839 5114; x_wconf 88' lang='lat' dir='ltr'>reversi,</span> <span class='ocrx_word' id='word_1_768' title='bbox 2874 5050 2942 5104; x_wconf 85' lang='lat' dir='ltr'>ad</span> <span class='ocrx_word' id='word_1_769' title='bbox 3003 5049 3248 5121; x_wconf 87' lang='lat' dir='ltr'>gratiam</span> <span class='ocrx_word' id='word_1_770' title='bbox 3303 5048 3478 5120; x_wconf 87' lang='lat' dir='ltr'>regis,</span> <span class='ocrx_word' id='word_1_771' title='bbox 3512 5050 3747 5119; x_wconf 87' lang='lat' dir='ltr'>prepter</span> <span class='ocrx_word' id='word_1_772' title='bbox 3802 5062 3901 5101; x_wconf 92' lang='lat' dir='ltr'>eos</span> <span class='ocrx_word' id='word_1_773' title='bbox 3957 5061 4105 5117; x_wconf 90' lang='lat' dir='ltr'>quos</span> 
     </span>
    </p>
   </div>
   <div class='ocr_carea' id='block_1_112' title="bbox 2455 5132 4105 5209">
    <p class='ocr_par' dir='ltr' id='par_1_112' title="bbox 2455 5132 4105 5209">
     <span class='ocr_line' id='line_1_112' title="bbox 2455 5132 4105 5209; baseline -0.003 -16"><span class='ocrx_word' id='word_1_774' title='bbox 2455 5138 2793 5193; x_wconf 88' lang='lat' dir='ltr'>communis</span> <span class='ocrx_word' id='word_1_775' title='bbox 2826 5137 3083 5193; x_wconf 91' lang='lat' dir='ltr'>conditio</span> <span class='ocrx_word' id='word_1_776' title='bbox 3115 5135 3321 5192; x_wconf 89' lang='lat' dir='ltr'>mortis</span> <span class='ocrx_word' id='word_1_777' title='bbox 3352 5132 3794 5209; x_wconf 69' lang='lat' dir='ltr'>praeoccupavit,</span> <span class='ocrx_word' id='word_1_778' title='bbox 3819 5132 4105 5207; x_wconf 90' lang='lat' dir='ltr'>quidquid</span> 
     </span>
    </p>
   </div>
   <div class='ocr_carea' id='block_1_113' title="bbox 2458 5219 4108 5298">
    <p class='ocr_par' dir='ltr' id='par_1_113' title="bbox 2458 5219 4108 5298">
     <span class='ocr_line' id='line_1_113' title="bbox 2458 5219 4108 5298; baseline -0.003 -18"><span class='ocrx_word' id='word_1_779' title='bbox 2458 5226 2584 5298; x_wconf 90' lang='lat' dir='ltr'>ipse</span> <span class='ocrx_word' id='word_1_780' title='bbox 2635 5230 3008 5298; x_wconf 76' lang='lat' dir='ltr'>prmceperat,</span> <span class='ocrx_word' id='word_1_781' title='bbox 3042 5229 3343 5297; x_wconf 86' lang='lat' dir='ltr'>gratanter</span> <span class='ocrx_word' id='word_1_782' title='bbox 3393 5224 3666 5296; x_wconf 87' lang='lat' dir='ltr'>accipere,</span> <span class='ocrx_word' id='word_1_783' title='bbox 3716 5227 3773 5278; x_wconf 91' lang='lat' dir='ltr'>et</span> <span class='ocrx_word' id='word_1_784' title='bbox 3818 5219 4108 5294; x_wconf 89' lang='lat' dir='ltr'>archiepi-</span> 
     </span>
    </p>
   </div>
   <div class='ocr_carea' id='block_1_114' title="bbox 2459 5307 4110 5385">
    <p class='ocr_par' dir='ltr' id='par_1_114' title="bbox 2459 5307 4110 5385">
     <span class='ocr_line' id='line_1_114' title="bbox 2459 5307 4110 5385; baseline -0.002 -17"><span class='ocrx_word' id='word_1_785' title='bbox 2459 5330 2671 5385; x_wconf 89' lang='lat' dir='ltr'>scopus</span> <span class='ocrx_word' id='word_1_786' title='bbox 2704 5313 3054 5385; x_wconf 88' lang='lat' dir='ltr'>Peligrinus,</span> <span class='ocrx_word' id='word_1_787' title='bbox 3090 5313 3257 5385; x_wconf 88' lang='lat' dir='ltr'>quasi</span> <span class='ocrx_word' id='word_1_788' title='bbox 3298 5330 3401 5385; x_wconf 89' lang='lat' dir='ltr'>pro</span> <span class='ocrx_word' id='word_1_789' title='bbox 3448 5311 3853 5383; x_wconf 73' lang='lat' dir='ltr'>emendatione</span> <span class='ocrx_word' id='word_1_790' title='bbox 3899 5307 4110 5384; x_wconf 87' lang='lat' dir='ltr'>prioris</span> 
     </span>
    </p>
   </div>
   <div class='ocr_carea' id='block_1_115' title="bbox 2459 5392 4110 5474">
    <p class='ocr_par' dir='ltr' id='par_1_115' title="bbox 2459 5392 4110 5474">
     <span class='ocr_line' id='line_1_115' title="bbox 2459 5392 4110 5474; baseline -0.002 -18"><span class='ocrx_word' id='word_1_791' title='bbox 2459 5400 3026 5474; x_wconf 67' lang='lat' dir='ltr'>culpaa,impetrabat</span> <span class='ocrx_word' id='word_1_792' title='bbox 3056 5419 3089 5457; x_wconf 93' lang='lat' dir='ltr'>a</span> <span class='ocrx_word' id='word_1_793' title='bbox 3118 5418 3247 5474; x_wconf 90' lang='lat' dir='ltr'>rege</span> <span class='ocrx_word' id='word_1_794' title='bbox 3279 5406 3344 5457; x_wconf 91' lang='lat' dir='ltr'>ut</span> <span class='ocrx_word' id='word_1_795' title='bbox 3372 5400 3482 5457; x_wconf 90' lang='lat' dir='ltr'>sibi</span> <span class='ocrx_word' id='word_1_796' title='bbox 3508 5400 3708 5456; x_wconf 86' lang='lat' dir='ltr'>liceret</span> <span class='ocrx_word' id='word_1_797' title='bbox 3756 5400 3815 5455; x_wconf 91' lang='lat' dir='ltr'>in</span> <span class='ocrx_word' id='word_1_798' title='bbox 3855 5392 4110 5455; x_wconf 86' lang='lat' dir='ltr'>Ecclesia</span> 
     </span>
    </p>
   </div>
   <div class='ocr_carea' id='block_1_116' title="bbox 2460 5488 4108 5562">
    <p class='ocr_par' dir='ltr' id='par_1_116' title="bbox 2460 5488 4108 5562">
     <span class='ocr_line' id='line_1_116' title="bbox 2460 5488 4108 5562; baseline -0.004 -19"><span class='ocrx_word' id='word_1_799' title='bbox 2460 5488 2789 5545; x_wconf 89' lang='lat' dir='ltr'>Coloniensi</span> <span class='ocrx_word' id='word_1_800' title='bbox 2826 5491 3087 5562; x_wconf 85' lang='lat' dir='ltr'>reginam</span> <span class='ocrx_word' id='word_1_801' title='bbox 3121 5506 3478 5545; x_wconf 89' lang='lat' dir='ltr'>consecrare.</span> <span class='ocrx_word' id='word_1_802' title='bbox 3515 5493 3591 5544; x_wconf 91' lang='lat' dir='ltr'><strong>De</strong></span> <span class='ocrx_word' id='word_1_803' title='bbox 3622 5506 3737 5561; x_wconf 90' lang='lat' dir='ltr'>qua</span> <span class='ocrx_word' id='word_1_804' title='bbox 3769 5489 3826 5543; x_wconf 90' lang='lat' dir='ltr'>in</span> <span class='ocrx_word' id='word_1_805' title='bbox 3859 5499 4108 5557; x_wconf 85' lang='lat' dir='ltr'>sequen-</span> 
     </span>
    </p>
   </div>
   <div class='ocr_carea' id='block_1_117' title="bbox 2461 5568 4108 5649">
    <p class='ocr_par' dir='ltr' id='par_1_117' title="bbox 2461 5568 4108 5649">
     <span class='ocr_line' id='line_1_117' title="bbox 2461 5568 4108 5649; baseline -0.005 -18"><span class='ocrx_word' id='word_1_806' title='bbox 2461 5577 2620 5631; x_wconf 88' lang='lat' dir='ltr'>tibus</span> <span class='ocrx_word' id='word_1_807' title='bbox 2648 5576 2935 5644; x_wconf 90' lang='lat' dir='ltr'>dicturus,</span> <span class='ocrx_word' id='word_1_808' title='bbox 2968 5594 3124 5632; x_wconf 89' lang='lat' dir='ltr'>nunc</span> <span class='ocrx_word' id='word_1_809' title='bbox 3169 5579 3238 5633; x_wconf 90' lang='lat' dir='ltr'>ad</span> <span class='ocrx_word' id='word_1_810' title='bbox 3292 5594 3485 5649; x_wconf 90' lang='lat' dir='ltr'>regem</span> <span class='ocrx_word' id='word_1_811' title='bbox 3536 5582 3815 5633; x_wconf 84' lang='lat' dir='ltr'>revertar:</span> <span class='ocrx_word' id='word_1_812' title='bbox 3838 5575 3981 5629; x_wconf 90' lang='lat' dir='ltr'>Vere</span> <span class='ocrx_word' id='word_1_813' title='bbox 4009 5568 4108 5623; x_wconf 80' lang='lat' dir='ltr'>Dei</span> 
     </span>
    </p>
   </div>
   <div class='ocr_carea' id='block_1_118' title="bbox 2461 5655 4105 5738">
    <p class='ocr_par' dir='ltr' id='par_1_118' title="bbox 2461 5655 4105 5738">
     <span class='ocr_line' id='line_1_118' title="bbox 2461 5655 4105 5738; baseline -0.002 -19"><span class='ocrx_word' id='word_1_814' title='bbox 2461 5668 2608 5720; x_wconf 91' lang='lat' dir='ltr'>nutu</span> <span class='ocrx_word' id='word_1_815' title='bbox 2640 5663 2861 5721; x_wconf 87' lang='lat' dir='ltr'>electus</span> <span class='ocrx_word' id='word_1_816' title='bbox 2894 5666 2976 5721; x_wconf 92' lang='lat' dir='ltr'>esi</span> <span class='ocrx_word' id='word_1_817' title='bbox 3008 5665 3067 5720; x_wconf 91' lang='lat' dir='ltr'>in</span> <span class='ocrx_word' id='word_1_818' title='bbox 3101 5682 3215 5738; x_wconf 90' lang='lat' dir='ltr'>quo</span> <span class='ocrx_word' id='word_1_819' title='bbox 3249 5664 3372 5737; x_wconf 89' lang='lat' dir='ltr'>ipse</span> <span class='ocrx_word' id='word_1_820' title='bbox 3410 5665 3660 5738; x_wconf 90' lang='lat' dir='ltr'>providit</span> <span class='ocrx_word' id='word_1_821' title='bbox 3707 5655 4105 5719; x_wconf 74' lang='lat' dir='ltr'>testimonium</span> 
     </span>
    </p>
   </div>
   <div class='ocr_carea' id='block_1_119' title="bbox 2463 5740 4105 5830">
    <p class='ocr_par' dir='ltr' id='par_1_119' title="bbox 2463 5740 4105 5830">
     <span class='ocr_line' id='line_1_119' title="bbox 2463 5740 4105 5830; baseline -0.009 -21"><span class='ocrx_word' id='word_1_822' title='bbox 2463 5752 2616 5827; x_wconf 90' lang='lat' dir='ltr'>quod</span> <span class='ocrx_word' id='word_1_823' title='bbox 2652 5757 2853 5827; x_wconf 87' lang='lat' dir='ltr'>postea</span> <span class='ocrx_word' id='word_1_824' title='bbox 2885 5771 2985 5813; x_wconf 88' lang='lat' dir='ltr'>rex</span> <span class='ocrx_word' id='word_1_825' title='bbox 3016 5755 3236 5830; x_wconf 82' lang='lat' dir='ltr'>accepit</span> <span class='ocrx_word' id='word_1_826' title='bbox 3266 5754 3337 5811; x_wconf 86' lang='lat' dir='ltr'>ab</span> <span class='ocrx_word' id='word_1_827' title='bbox 3382 5753 3737 5810; x_wconf 86' lang='lat' dir='ltr'>hominibus.</span> <span class='ocrx_word' id='word_1_828' title='bbox 3771 5752 3907 5808; x_wconf 87' lang='lat' dir='ltr'>Erat</span> <span class='ocrx_word' id='word_1_829' title='bbox 3948 5740 4105 5799; x_wconf 81' lang='lat' dir='ltr'>enim</span> 
     </span>
    </p>
   </div>
   <div class='ocr_carea' id='block_1_120' title="bbox 3708 5873 3796 5955">
    <p class='ocr_par' dir='ltr' id='par_1_120' title="bbox 3708 5873 3796 5955">
     <span class='ocr_line' id='line_1_120' title="bbox 3708 5873 3796 5955; baseline 0 0"><span class='ocrx_word' id='word_1_830' title='bbox 3708 5873 3796 5955; x_wconf 79' lang='lat'>39.</span> 
     </span>
    </p>
   </div>
  </div>
