4868 6476
1431 547 1587 608 ηεξ-ι

2666 545 2973 608 WIPPON
2983 543 3050 606 IS
3092 542 3607 608 PRESBYTERI.

4655 549 4770 612 1228

1433 679 1523 736 vir
1553 694 1778 753 magna;
1808 677 2181 747 humilitatis,
2212 677 2487 752 providus
2527 677 2785 745 consilio,
2818 695 2989 734 verax
3019 678 3074 734 in
3107 679 3159 746 Α
3190 677 3681 749 gloriosissimum
3716 679 3774 734 in
3804 678 3980 735 Israel
4015 679 4148 737 fecit
4180 697 4194 738 :
4225 681 4431 737 beatus
4477 681 4572 754 qui
4616 683 4769 736 sutl‘cit

1437 767 1916 837 dictis,strenuus
1946 767 2004 822 in
2033 767 2535 834 factis,minimum
2566 768 3075 834 avarus,omnium

1433 873 1638 932 regum
1669 857 1730 912 in
1761 856 1954 913 dando
1985 855 2462 923 liberalissimus;
2495 857 2564 911 de
2595 858 2764 927 cujus
2815 856 3076 912 moribus

1435 945 1810 1020 postmodum
1833 944 2064 1019 plenius
2090 944 2457 1002 dixero.lllud
2477 950 2702 1001 tantum
2723 947 2962 1016 [tamen]
2985 945 3077 1000 hic

1439 1035 1748 1092 dicendum
1779 1039 1888 1103 est,
1917 1051 2042 1107 quea
2075 1051 2445 1106 nequaquam
2479 1036 2664 1107 potuit
2695 1052 2993 1090 remanere
3018 1039 3079 1089 ut

1437 1123 1536 1180 ille
1565 1141 1678 1180 non
1709 1124 1870 1179 fieret
1898 1123 2166 1196 princeps
2191 1129 2247 1178 et
2277 1123 2589 1191 maximus,
2624 1141 2755 1178 cum
2789 1124 3078 1178 maxima-

1441 1229 1572 1268 rum
1599 1213 1880 1268 virtutum
1909 1211 2076 1284 vigor
2098 1211 2452 1268 inerat.Cum
2477 1212 2631 1267 enim
2664 1212 2945 1283 scriptum
2980 1211 3075 1277 sit,

1437 1298 1681 1374 gloriam
1713 1299 1982 1373 praecedit
2009 1299 2547 1366 humilitas,merito
2579 1302 2873 1372 princessit
2900 1301 3078 1371 hujus

1439 1389 1641 1444 mundi
1671 1388 1978 1461 gloriosos,
2011 1388 2104 1444 cui
2150 1389 2364 1459 regina.
2399 1389 2680 1444 virtutum
2728 1390 3075 1444 adhzerebat.

1436 1477 1622 1550 Igitur
1665 1495 1778 1532 non
1810 1481 1936 1533 erat
1966 1479 2053 1532 fas
2100 1476 2276 1532 alicui
2328 1478 2384 1532 in
2417 1482 2569 1532 terra
2601 1478 2870 1546 militare,
2904 1495 3076 1550 quem

1439 1567 1594 1622 Deus
1625 1567 1995 1639 omnipotens
2020 1566 2450 1640 przedestinavit
2471 1568 2743 1623 omnibus
2774 1568 3075 1640 imperare.

1863 1673 1934 1711 DE
1973 1672 2429 1712 CONSECRATIONE
2469 1673 2651 1711 REGIS.

1506 1745 1746 1801 Peracta
1773 1744 2052 1801 electione
2082 1761 2274 1817 regem
2300 1746 2462 1817 sequi
2498 1745 2878 1817 Moguntiam,
2905 1751 2968 1800 ut
2999 1746 3075 1800 ibi

1437 1833 1898 1891 sacratissimam
1931 1834 2266 1889 unctionem
2299 1833 2605 1906 acciperet,
2634 1851 2767 1890 cum
2817 1835 3079 1890 claritate

1437 1923 1694 1978 maxima
1725 1939 1928 1979 omnes
1960 1924 2366 1996 properabant.
2399 1923 2563 1978 Ibant
2591 1924 2931 1995 gaudentes,
2965 1923 3080 1979 cle-

1436 2012 1541 2068 rici
1569 2011 1919 2085 psallebant,
1949 2011 2080 2067 laici
2111 2013 2414 2078 canebant,
2450 2013 2678 2084 utrique
2709 2030 2813 2067 suo
2861 2014 3030 2068 modo
3061 2031 3075 2068 :
3111 2049 3157 2114 Β

1437 2105 1632 2157 tantas
1660 2099 1864 2156 laudes
1897 2101 2080 2156 Deum
2127 2099 2415 2172 accepisse
2459 2101 2527 2155 ad
2581 2100 2932 2170 hominibas,
2967 2120 3081 2157 una

1441 2189 1536 2244 die
1565 2189 1628 2244 in
1657 2187 1782 2245 loco
1813 2189 2075 2244 nondum
2105 2189 2550 2260 comperiebam.
2582 2189 2636 2244 Si
2682 2190 2920 2246 Carolus
2954 2210 3080 2247 ma-

1441 2293 1594 2350 gnus
1625 2295 1756 2334 cum
1789 2282 2012 2350 sceptro
2042 2276 2203 2333 vivus
2232 2279 2599 2343 adesset,non
2624 2277 2867 2334 alacrior
2898 2297 3079 2352 popu-

1439 2365 1534 2422 lus
1567 2365 1791 2434 fuisset,
1826 2383 1929 2422 nec
1976 2365 2110 2438 plus
2157 2366 2407 2439 gaudere
2455 2366 2667 2422 valeret
2697 2368 2766 2422 de
2798 2369 2940 2423 tanti
2975 2370 3078 2424 viri

1439 2455 1650 2526 reditu,
1679 2472 1854 2528 quam
1899 2455 1970 2512 de
2019 2455 2191 2511 istius
2241 2455 2394 2528 regis
2438 2457 2626 2528 primo
2675 2473 2929 2512 accessu.
2964 2457 3079 2513 Rex

1435 2545 1698 2618 pervenit
1725 2544 2089 2618 Moguntiam
2124 2561 2137 2598 :
2173 2543 2252 2599 ibi
2288 2544 2504 2601 honore
2549 2545 2742 2600 debito
2792 2551 3079 2618 receptus,

1433 2633 1924 2690 consecrationem
1949 2650 2118 2689 suam
2145 2633 2418 2689 omnibus
2445 2633 2887 2689 desiderabilem
2909 2635 3077 2691 devo-

1435 2725 1532 2779 tus
1581 2721 2042 2796 praestolabatur.
2079 2721 2156 2776 Ad
2190 2737 2362 2792 quem
2404 2721 2863 2777 benedicendum
2897 2723 2952 2777 in
2987 2725 3078 2778 die

1435 2809 1766 2867 Nativitatis
1797 2814 2008 2866 sanctae
2035 2809 2250 2880 Mariae,
2283 2826 2413 2864 eum
2461 2809 2931 2884 archiepiscopus
2962 2814 3076 2868 Mo-

1436 2899 1766 2973 guntiensis
1796 2903 1854 2954 et
1883 2897 2074 2954 omnis
2105 2898 2296 2954 clerus
2328 2898 2666 2954 solemniter
2696 2917 2756 2954 se
2788 2917 3077 2972 praepara-

1437 2991 1586 3056 rent,
1619 2987 1771 3042 inter
1817 3004 1983 3044 sacra
2023 2987 2216 3042 ofﬁcia
2245 2988 2412 3058 regiae
2447 2988 2738 3044 unctionis
2765 2989 3077 3062 archiepis-

1437 3093 1619 3149 cepus
1649 3075 1758 3132 hoc
1789 3076 1859 3132 ad
1904 3092 2095 3149 regem
2147 3094 2291 3132 usus
2337 3081 2426 3132 est
2473 3093 2778 3133 sermone:
2811 3102 2838 3127 ‹‹
2875 3077 3078 3134 Omnis

1437 3169 1696 3239 potestas
1725 3165 2008 3222 ﬂuitantis
2039 3165 2231 3221 seaculi
2283 3166 2351 3221 de
2397 3183 2514 3222 uno
2563 3165 2719 3222 fonte
2765 3167 3078 3240 purissime

1437 3254 1749 3310 derivatur.
1777 3254 1934 3310 Solet
1959 3258 2150 3310 autem
2184 3255 2460 3322 accidere,
2491 3259 2555 3310 ut
2593 3271 2726 3311 cum
2776 3256 2972 3329 plures
3002 3255 3076 3311 ri-

1435 3341 1554 3398 vuli
1582 3343 1652 3398 de
1699 3341 1900 3398 eodem
1949 3341 2237 3415 principio
2287 3343 2622 3414 procedant,
2657 3343 2771 3399 alio
2821 3349 3077 3416 tempore

1436 3431 1556 3488 sint
1581 3431 1823 3500 turbidi,
1856 3429 1971 3487 alio
1998 3430 2197 3499 lucidi,
2232 3431 2386 3485 fonte
2433 3431 2667 3504 capitali
2716 3432 2776 3488 in
2830 3433 3078 3505 puritate

1435 3537 1544 3576 sua
1575 3523 1983 3594 permanente;
2015 3519 2220 3575 eodem
2265 3519 2438 3574 modo
2490 3523 2776 3591 quantum
2823 3520 3080 3577 humana

1436 3610 1691 3666 conditio
1722 3612 2039 3664 creatorem
2071 3612 2127 3662 et
2154 3612 2476 3662 creaturam
2521 3609 2670 3664 inter
2718 3627 2779 3664 se
2819 3611 3080 3666 conferre

1437 3697 1632 3764 audet,
1661 3697 1731 3752 de
1763 3702 1873 3752 Deo
1905 3711 2040 3768 rege
2087 3694 2400 3750 immortali
2450 3700 2506 3750 et
2553 3699 2796 3753 terrenis
2843 3700 3077 3772 regibus

1437 3785 1724 3857 conjicere
1752 3783 2330 3856 volemus.Scriptum
2362 3788 2450 3839 est
2481 3785 2636 3841 enim
2663 3805 2675 3842 :
2701 3787 2902 3842 Omnis
2924 3794 3077 3860 pote-

1437 3876 1560 3929 stas
1591 3890 1626 3928 a
1656 3872 1771 3928 Deo
1801 3877 1908 3928 est.
1941 3869 1995 3928 Is
2017 3872 2384 3944 omnipotens
2415 3889 2512 3929 rex
2543 3875 2951 3946 regum,totius
2977 3877 3078 3933 ho-

1437 3961 1598 4018 noris
1641 3965 1843 4017 auctor
1884 3965 1940 4017 et
1987 3960 2362 4034 principium,
2394 3965 2627 4034 quando
2677 3964 2736 4018 in
2781 3965 3074 4039 principes

1434 4055 1599 4108 terra
1630 4049 1876 4123 alicujus
1907 4050 2209 4124 dignitatis
2239 4051 2484 4123 gratiam
2517 4053 3075 4128 transfundit,quan-

1434 4144 1560 4198 tum
1603 4141 1674 4197 ad
1724 4143 1993 4197 naturam
2044 4139 2310 4212 principii
2363 4157 2510 4213 pura
2557 4146 2614 4197 et
2656 4143 2896 4200 munda.
2929 4148 3070 4201 Cum

1432 4235 1627 4289 autem
1656 4229 1980 4302 perveniret
2011 4228 2081 4284 ad
2113 4244 2210 4284 eos
2242 4229 2346 4301 qui
2372 4229 2520 4286 hanc
2543 4230 2886 4304 dignitatem
2921 4233 3071 4288 indi-

1430 4337 1542 4395 gne
1589 4322 2005 4391 tractaverunt,
2039 4321 2097 4373 et
2142 4335 2269 4374 eam
2318 4333 2452 4374 cum
2503 4319 2796 4392 superbia,
2829 4321 3070 4389 invidia,

1425 4409 1687 4478 libidine,
1721 4407 1982 4474 avaritia,
2014 4405 2123 4474 ira,
2154 4405 2542 4478 impatientia,
2573 4407 2914 4465 crudelitate
2945 4410 3072 4484 pol-

1424 4497 1778 4568 luerint,sibi
1809 4500 1866 4554 et
1891 4495 2168 4554 omnibus
2196 4496 2616 4568 subjeetis,nisi
2648 4498 2978 4569 paenitendo
3009 4517 3070 4556 se

1425 4587 1819 4662 purgaverint,
1853 4584 2247 4660 periculosum
2275 4589 2476 4659 putum
2509 4585 2838 4657 iniquitatis
2868 4589 3068 4662 propi-

1424 4678 1666 4734 nabunt.
1691 4675 1826 4732 Oret
1850 4679 1907 4732 et
1933 4673 2253 4732 intercedat
2282 4675 2354 4732 ad
2386 4674 2696 4730 Dominum
2730 4675 2923 4731 omnis
2970 4677 3070 4733 Ec-

3184 767 3584 833 tentationem,
3617 768 3896 840 quoniam
3929 767 4025 825 hic
4055 770 4269 843 accipit
4294 787 4580 826 coronam.
4601 771 4704 826 Non
4723 770 4773 826 εἰσ

3187 872 3257 909 ne
3286 872 3462 910 causa
3493 862 3546 911 te
3581 861 3728 911 Deus
3761 859 4048 926 exercuit;
4083 859 4339 916 fructum
4389 864 4700 932 sequentem
4730 859 4770 913 in

3185 948 3239 997 te
3279 943 3662 1012 dulciﬁeavit;
3698 945 3964 1018 permisit
4010 947 4399 1004 antecesseris
4445 948 4526 1003 tui
4574 947 4773 1020 impera-

3185 1032 3327 1086 toris
3355 1033 3582 1087 llenrici
3613 1034 3864 1104 gratiam
3917 1035 4179 1107 perdere,
4205 1041 4263 1092 et
4305 1037 4564 1092 eamdem
4607 1037 4773 1092 iterum

3186 1119 3469 1191 recipere;
3507 1126 3569 1175 ut
3598 1122 3750 1177 scias
3782 1123 3953 1178 modo
3995 1124 4086 1180 his
4134 1124 4419 1193 misereri,
4451 1125 4549 1198 qui
4577 1126 4776 1198 perdunt

3186 1209 3430 1279 gratiam
3465 1216 3625 1265 tuam
3663 1227 3675 1266 :
3710 1228 3921 1283 passus
3951 1229 4014 1268 es
4062 1213 4330 1285 injurias,
4364 1220 4431 1271 ut
4477 1231 4621 1270 nunc
4662 1214 4776 1270 scias

3189 1297 3448 1352 misereri
3483 1299 3916 1355 sustinentibus
3934 1300 4214 1372 injurias:
4239 1303 4426 1375 pietas
4445 1303 4627 1359 divina
4640 1301 4778 1358 voluit

3187 1391 3242 1440 te
3271 1404 3396 1442 esse
3429 1387 3555 1443 sine
3585 1388 3985 1460 diseiplina,ut
4015 1395 4148 1462 post
4177 1389 4408 1447 caeleste
4431 1391 4776 1464 magisterium

3188 1475 3582 1530 Christianum
3616 1493 3851 1548 caperes
3881 1478 4306 1550 impcrium.Ad
4327 1496 4616 1537 summam
4634 1478 4781 1551 digni-

3189 1567 3364 1618 tatem
3417 1565 3749 1636 pervenisti,
3783 1565 4036 1622 vicarius
4087 1585 4151 1623 es
4201 1568 4437 1625 Christi.
4487 1568 4654 1624 Nemo
4697 1567 4777 1622 nisi

3191 1646 3347 1707 illius
3381 1653 3638 1708 imitator
3666 1671 3836 1709 verus
3884 1661 3974 1710 est
4007 1657 4373 1726 dominator;
4405 1662 4640 1730 oportet,
4666 1655 4779 1711 utin

3191 1741 3296 1796 hoc
3328 1741 3473 1798 solio
3507 1742 3666 1814 regni
3697 1743 3916 1815 cogites
3945 1745 4015 1800 de
4065 1744 4284 1802 honore
4329 1747 4587 1819 perenni.
4618 1746 4782 1817 Magna

3191 1829 3434 1884 felicitas
3465 1837 3552 1885 est
3579 1832 3634 1886 in
3669 1833 3888 1888 mundo
3921 1850 4184 1906 regnare,
4219 1836 4480 1891 maxima
4524 1839 4716 1901 autem,
4739 1832 4780 1887 in

3189 1918 3349 1974 caelis
3379 1919 3762 1992 triumphare.
3794 1925 3934 1977 Cum
3986 1939 4120 1978 vero
4169 1923 4325 1980 Deus
4351 1939 4386 1980 a
4417 1929 4473 1980 te
4523 1923 4687 1980 multa
4725 1939 4783 1976 re-

3189 2009 3401 2079 quirat,
3437 2007 3541 2063 hoc
3595 2010 3967 2082 potissimum
4013 2011 4330 2081 desiderat,
4360 2017 4430 2069 ut
4473 2012 4641 2069 facias
4667 2011 4784 2084 judi-

3189 2097 3344 2151 cium
3377 2103 3428 2152 et
3449 2097 3741 2166 justitiam
3770 2115 3836 2153 ac
3868 2116 4068 2171 pacem
4103 2101 4463 2174 patriamque
4495 2118 4702 2175 semper
4727 2117 4784 2154 re-

3190 2185 3358 2257 spicit
3387 2186 3456 2239 ad
3491 2192 3542 2240 te
3578 2203 3590 2240 :
3621 2192 3683 2241 ut
3709 2187 3790 2242 sis
3822 2189 4090 2244 defensor
4119 2189 4512 2248 Ecclesiarum
4533 2195 4586 2247 et
4603 2189 4784 2246 clerico-

3189 2280 3575 2338 corum,tutor
3604 2276 3911 2332 viduarum
3944 2283 4002 2333 et
4032 2277 4434 2350 orphanorum
4463 2299 4476 2337 :
4500 2297 4626 2336 cum
4649 2279 4722 2334 his
4742 2282 4782 2332 et

3189 2363 3319 2418 aliis
3352 2364 3519 2418 bonis
3546 2365 3876 2420 ﬁrmabitur
3906 2366 4152 2422 thronus
4185 2373 4324 2424 tuus
4352 2368 4452 2424 hic
4481 2375 4538 2426 et
4559 2369 4611 2424 in
4633 2382 4782 2441 perpe-

3191 2457 3374 2508 tuum.
3411 2453 3479 2506 Et
3510 2469 3682 2519 nunc,
3717 2454 3950 2510 domine
3982 2472 4099 2522 rex,
4132 2457 4326 2513 omnis
4348 2464 4557 2514 sancta
4585 2455 4782 2513 Ecclesia

3190 2541 3490 2596 nobiseum
3527 2547 3691 2613 rogat
3723 2543 3970 2614 gratiam
4003 2548 4164 2600 tuam
4195 2561 4298 2617 pro
4321 2545 4423 2602 his
4447 2547 4547 2620 qui
4567 2548 4780 2602 contrate

3191 2631 3472 2685 hactenus
3503 2630 3896 2702 deliquerunt,
3926 2636 3983 2687 et
4013 2632 4333 2690 offensione
4363 2635 4568 2708 aliqua
4589 2634 4781 2708 gratiam

3188 2724 3345 2774 tuam
3383 2719 3780 2790 perdiderunt.
3817 2721 3895 2775 Ex
3923 2721 4142 2793 quibus
4168 2727 4258 2778 est
4289 2740 4472 2790 unus,
4501 2725 4624 2780 Otto
4650 2719 4783 2777 nomi-

3189 2808 3373 2875 ne,vir
3404 2808 3615 2862 nobilis
3648 2809 3746 2880 qui
3776 2813 3830 2865 te
3861 2810 4209 2880 offendebat,
4241 2829 4345 2884 pro
4379 2812 4488 2869 illo
4515 2818 4571 2870 et
4599 2810 4784 2882 reliquis

3187 2897 3461 2952 omnibus
3487 2896 3855 2953 clementiam
3887 2902 4051 2953 tuam
4079 2905 4418 2968 oramus,ut
4439 2901 4558 2958 illis
4577 2899 4782 2956 dimittas

3188 3002 3290 3057 pro
3320 2985 3603 3041 charitate
3639 2985 3760 3050 Dei,
3795 2985 3894 3058 qui
3926 2991 3980 3043 te
4019 2987 4191 3044 hodie
4238 2988 4297 3044 in
4345 2989 4545 3047 virum
4589 2989 4785 3046 alterum

3189 3075 3516 3140 mutavit,et
3547 3075 3810 3130 numinis
3840 3075 3929 3130 sui
3963 3077 4306 3150 particiqem
4339 3078 4517 3146 fecit;
4550 3083 4786 3152 quatenus

3187 3163 3310 3236 ipse
3338 3162 3442 3218 tibi
3473 3164 3737 3218 eamdem
3773 3164 3951 3220 vicem
3982 3181 4088 3238 pro
4118 3167 4413 3224 universis
4464 3167 4679 3224 delictis
4703 3163 4788 3220 tuis

3187 3252 3457 3323 dignetur
3485 3253 3855 3324 rependere.»
3879 3253 3941 3308 In
3964 3252 4072 3310 hoc
4093 3271 4362 3313 sermone
4383 3274 4492 3314 rex
4521 3255 4788 3313 misericor-

3185 3341 3283 3396 dia
3313 3345 3530 3406 motus,
3564 3341 3848 3412 ingemuit
3891 3346 3949 3397 et
3991 3341 4145 3398 ultra
4192 3361 4372 3416 quam
4426 3347 4585 3402 credi
4631 3342 4787 3418 possit.

3108 3416 3150 3482 C
3189 3430 3463 3485 eﬂluebat
3490 3429 3548 3484 in
3577 3429 4274 3502 laerymis.Deinde,sicut
4301 3435 4564 3508 episcopi
4585 3416 4646 3491 et
4653 3434 4788 3488 duces

3188 3536 3320 3574 cum
3372 3519 3640 3574 universo
3691 3518 3904 3592 populo
3954 3519 4317 3593 ﬂagitabant,
4350 3525 4632 3580 omnibus
4673 3516 4790 3593 quod

3187 3608 3464 3664 adversus
3498 3607 3661 3663 illum
3694 3607 4081 3680 deliquerant,
4113 3609 4359 3668 dimisit.
4378 3611 4503 3669 Hoc
4533 3611 4792 3679 omnispe

3187 3696 3362 3768 pulus
3391 3701 3688 3769 gratanter
3715 3697 4089 3769 suscipiebat.
4117 3698 4333 3757 Omnes
4379 3702 4689 3758 manifesta
4712 3696 4792 3770 pie-

3185 3790 3300 3841 tate
3332 3785 3485 3857 regis
3516 3801 3628 3857 pra:
3661 3786 3873 3858 gaudio
3905 3785 4213 3859 plorabant
4245 3807 4258 3846 :

3255 3875 3496 3930 Ferreus
3527 3880 3679 3929 esset
3709 3875 3906 3942 homo,
3938 3876 4036 3948 qui
4069 3876 4346 3950 plangere
4377 3897 4498 3936 non
4534 3877 4790 3953 potuisset.

3254 3963 3414 4028 Quod
3447 3966 3639 4017 tantas
3669 3961 3875 4036 culpas
3908 3964 4126 4035 ignovit
4155 3969 4320 4022 tanta
4352 3974 4636 4040 potestas.

3181 4052 3248 4106 Et
3279 4067 3618 4123 quanquam
3675 4051 3969 4108 vindicare
4024 4059 4223 4125 posset
4279 4071 4422 4111 suas
4485 4057 4734 4130 injurias,
4756 4050 4788 4106 si

3182 4156 3484 4212 nunquam
3517 4157 3614 4196 rex
3646 4141 3828 4206 ﬂeret,
3851 4146 4044 4198 tamen
4067 4159 4172 4214 pro
4193 4142 4360 4201 nulla
4384 4149 4566 4203 tanta
4589 4151 4790 4218 potesta-

3182 4229 3255 4284 tis
3285 4229 3500 4285 ﬂducia
3528 4229 3600 4285 ad
3633 4228 4036 4286 ulciscendum
4065 4231 4289 4305 aliquid
4309 4234 4792 4296 reservabat.Pera-

3180 4318 3290 4374 ctis
3319 4318 3729 4374 decentissime
3755 4317 3967 4374 divinis
3997 4321 4290 4393 officiis,et
4321 4323 4506 4397 regali
4540 4337 4791 4381 consecra-

3178 4407 3357 4472 tione,
3388 4423 3486 4462 rex
3515 4408 3815 4478 processit,
3849 4412 3904 4462 et
3926 4407 4077 4464 sicut
4104 4409 4176 4465 de
4227 4409 4368 4466 Saul
4411 4428 4554 4486 rege
4599 4410 4789 4485 legitur,

3178 4495 3348 4567 quasi
3379 4495 3450 4551 ab
3484 4494 3729 4552 humero
3755 4513 3990 4553 sursum
4025 4498 4256 4556 cunctis
4285 4499 4466 4556 altior
4495 4502 4694 4568 ibat,et
4714 4494 4794 4552 vel-

3179 4583 3261 4638 uti
3295 4583 3352 4638 in
3383 4583 3698 4656 quamdam
3731 4584 4136 4642 habitudinem
4184 4592 4358 4645 antea
4402 4607 4528 4646 non
4557 4590 4726 4646 visam
4750 4583 4790 4637 in

3178 4670 3276 4727 illo
3306 4672 3777 4740 transformatus,
3809 4688 3945 4730 cum
3975 4690 4138 4731 sacro
4170 4677 4482 4746 comitatu,
4508 4677 4682 4735 alacri
4700 4671 4792 4728 vnl-

1423 4766 1598 4824 clesia
1629 4770 1986 4834 sanctorum,
2023 4769 2090 4821 ut
2114 4764 2391 4841 dignitas,
2424 4780 2551 4836 quae
2582 4762 2754 4820 hodie
2783 4781 2931 4836 pura
2959 4766 3070 4824 Do-
3099 4787 3148 4853 Β
3179 4763 3264 4826 tu.
3295 4759 3543 4816 honesto
3575 4761 3807 4853 incessu
3856 4763 3928 4818 ad
3973 4762 4313 4820 cubiculum
4361 4767 4565 4822 rediit.
4596 4765 4720 4822 Inde
4737 4759 4788 4853 ad

1421 4855 1583 4911 mino
1611 4858 1668 4911 et
1698 4855 1815 4929 regi
1855 4858 2052 4912 nostro
2101 4855 2364 4911 Conrado
2415 4853 2682 4926 praesenti
2713 4869 2746 4908 a
2775 4853 2890 4910 Deo
2922 4872 3065 4927 prae-

1421 4947 1630 5012 statur,
1663 4943 1934 5001 inviolata
1963 4948 2253 5018 quantum
2284 4943 2543 5000 hominis
2577 4946 2666 4998 est
2695 4943 2768 4998 ab
2797 4959 2862 4999 eo
2883 4962 3064 5002 serve-

1420 5037 1534 5089 tur.
1565 5033 1777 5090 Tecum
1808 5037 1865 5090 et
1894 5039 2130 5107 propter
2154 5036 2210 5089 te
2237 5033 2406 5090 nobis
2446 5037 2536 5088 est
2585 5049 2798 5100 sermo,
2829 5033 3064 5090 domine

1419 5139 1551 5191 rex;
1584 5123 1868 5179 Dominus
1888 5123 1986 5194 qui
2019 5126 2076 5178 te
2105 5121 2280 5193 elegit
2307 5125 2372 5178 ut
2397 5138 2556 5178 esses
2607 5137 2705 5177 rex
2753 5138 2930 5194 super
2961 5139 3062 5196 po-

1417 5210 1621 5284 pulum
1653 5227 1851 5278 suum,
1885 5211 2014 5282 ipae
2044 5215 2097 5264 te
2129 5208 2291 5281 prius
2319 5209 2499 5266 voluit
2527 5211 2792 5283 probare,
2817 5214 2873 5267 et
2902 5216 3062 5284 post-

1417 5301 1654 5358 modum
1689 5315 1933 5372 regnare
1959 5315 1973 5354 :
1997 5297 2250 5369 ﬂagellat
2278 5298 2432 5354 enim
2464 5316 2697 5356 omnem
2724 5316 2898 5373 quem
2922 5301 3062 5358 reci-

1415 5389 1536 5464 pit:
1562 5388 1917 5462 dignabatur
1945 5385 2232 5458 corripere
2263 5401 2435 5458 quem
2461 5387 2718 5444 voluerat
2765 5390 3054 5463 recipere;

1415 5476 1636 5552 placuit
1663 5475 1715 5532 ei
1744 5473 2078 5540 humiliare,
2111 5491 2282 5546 quem
2312 5475 2612 5548 proposuit
2659 5477 2929 5534 exaltare.
2962 5479 3057 5536 Sic

1413 5566 1569 5624 Deus
1597 5562 1892 5620 Abraham
1919 5579 2149 5618 servum
2183 5580 2354 5620 suum
2389 5565 2650 5634 tentavit,
2683 5570 2738 5621 et
2767 5570 3054 5623 tentatum

1411 5651 1786 5730 gloriﬁcavit;
1820 5651 1903 5708 sic
1933 5651 2108 5709 David
2159 5652 2446 5710 famulum
2489 5669 2664 5709 suum
2714 5653 2851 5710 Saul
2901 5655 3055 5728 regis

1411 5745 1582 5808 iram,
1614 5740 2092 5815 persecutionem,
2123 5743 2372 5814 injurias
2421 5747 2480 5798 et
2522 5741 2767 5797 latibula
2814 5743 3053 5816 deserti,

1409 5829 1634 5919 fugam,
1659 5829 2080 5913 exsiliumpati
2112 5830 2400 5910 permisit,
2420 5845 2596 5901 quem
2630 5834 2830 5903 postea
2859 5847 3054 5903 regem

3178 4864 3442 4905 mensam
3467 4849 3649 4922 regali
3682 4856 3963 4923 apparatu
3994 4857 4282 4925 receptus,
4313 4870 4448 4910 eam
4481 4857 4641 4915 diem
4662 4850 4791 4924 regis

3175 4937 3384 5010 speciei
3419 4937 3771 5010 primitivam
3805 4940 4236 4998 officiosissime
4265 4945 4659 5018 consumpsit.

3378 5044 3449 5082 DE
3487 5044 3874 5085 DISPOSITIONE
3913 5045 4140 5087 CURIALI
4177 5048 4246 5088 ετ
4276 5049 4348 5088 DE
4385 5049 4627 5091 REGINA.

3243 5115 3323 5172 De
3349 5115 3624 5173 ﬁdelitate
3654 5118 3806 5174 facta
3829 5119 3948 5192 regi
3978 5119 4176 5176 minus
4197 5124 4609 5180 necessarium
4639 5120 4790 5177 dicen

3171 5204 3627 5278 puto,frequenti
3643 5223 3756 5262 usu
3777 5209 4104 5282 teste,quod
4127 5226 4334 5266 omnes
4353 5209 4790 5286 episcOpi,duces

3171 5295 3229 5348 et
3259 5292 3464 5366 reliqui
3500 5294 4034 5368 principes,milites
4063 5297 4258 5371 primi,
4293 5299 4526 5357 milites
4554 5293 4786 5375 gregarii,

3168 5382 3308 5454 quin
3340 5382 3578 5455 ingenui
3611 5385 3889 5452 omnes,si
3922 5385 4172 5458 alicujus
4205 5389 4498 5444 momenti
4529 5381 4790 5455 sint,regi-

3166 5470 3279 5526 bus
3310 5473 3482 5528 fidem
3515 5473 3904 5530 faeiant.lliuc
3935 5478 4132 5531 tamen
4155 5475 4447 5532 sincerius
4467 5482 4530 5534 et
4550 5474 4787 5533 libentius

3157 5560 3415 5630 jurando
3446 5578 3649 5618 omnes
3675 5562 4156 5635 subjiciebantur,
4183 5565 4459 5622 similiter
4487 5566 4551 5623 in
4585 5557 4789 5637 disposi-

3165 5648 3321 5706 tione
3351 5650 3574 5718 curiali,
3599 5667 3773 5724 quem
3803 5668 3904 5708 rex
3933 5653 4217 5725 majorem
4249 5655 4466 5712 domus
4519 5655 4785 5713 statueret.

3167 5756 3314 5812 quos
3343 5739 3832 5797 cubiculariorum
3865 5743 4199 5815 magistros,
4234 5760 4382 5818 quos
4411 5745 4723 5802 infertores
4748 5741 4786 5791 et

3161 5829 3490 5905 pincernas,
3523 5835 3580 5888 et
3611 5829 3864 5912 reliquos
3891 5830 4202 5891 ofticiarios
4231 5832 4561 5910 ordinaret,
4575 5833 4674 5891 diu
4701 5841 4788 5888 non
