4868 6462
695 558 847 624 ΙΞΞΩ

1952 564 2134 627 VITA
2176 563 2514 628 CONBADI
2559 565 2834 630 SALIGI.

3928 568 4086 632 1230

692 697 779 746 est
794 690 1297 762 supersedendum
1314 692 1604 750 cumillud
1626 694 2071 751 breviterdicere
2092 696 2336 768 possim,
2364 698 2422 765 Α
2451 702 2517 753 ut
2546 698 2758 766 dicitis,
2786 699 3183 757 festinandum
3231 702 3339 768 est,
3367 702 3529 756 tanto
3573 698 3801 755 cautius
3829 699 3888 754 in
3919 717 4091 772 opere

690 779 843 851 quod
873 778 1097 836 nullius
1137 782 1523 838 antecesseris
1554 782 1645 839 sui
1686 784 2011 840 ministeria
2056 784 2252 857 aptius
2281 790 2339 841 et
2446 788 2543 843 Dei
2566 805 2806 861 gressus
2830 805 2990 845 meos
3011 788 3279 844 convenit
3299 787 3441 843 mihi
3464 787 3698 844 ﬁrmare
3722 804 3735 843 :
3760 792 3977 859 quanto
3999 805 4092 845 me

688 867 1169 925 honorificentius
1199 870 1432 942 provisa
1481 872 1722 928 memini
1751 872 1837 928 vel
1876 872 2010 945 legi.
2034 874 2117 929 Ad
2159 891 2334 946 quam

686 974 805 1011 rem
825 956 1149 1028 plurimum
1163 957 1347 1014 voluit
1360 959 1663 1032 ingenium
1681 961 2067 1034 Angustensis
2079 962 2333 1035 episcopi

683 1045 973 1100 Brunonis
994 1050 1052 1100 et
1080 1046 1388 1102 Wernheri
1409 1050 1849 1121 Argentinensis
1871 1051 2127 1122 epiSCOpi
2149 1050 2335 1105 consi-

681 1134 846 1190 lium.
873 1135 969 1190 Sic
1003 1136 1181 1191 etiam
1207 1137 1561 1193 Werniharii
1589 1138 2004 1211 militis,quem
2037 1157 2135 1195 rex
2164 1139 2333 1214 longe

682 1226 813 1278 ante
857 1226 1097 1278 cautum
1138 1224 1420 1291 consiliis,
1454 1227 1734 1283 audacem
1783 1227 1972 1293 bellis,
2001 1228 2334 1300 frequenter

679 1327 877 1366 secum
907 1313 1337 1384 experiebatur,
1362 1317 1645 1387 superbos
1676 1332 1879 1373 omnes
1922 1316 2133 1372 dilecta
2179 1317 2331 1390 regis

678 1401 891 1471 conjux
908 1400 1105 1457 Gisela
1138 1402 1448 1474 prudentia
1478 1408 1535 1459 et
1563 1404 1804 1461 consilio
1828 1405 2030 1477 viguit,
2055 1406 2144 1461 cui
2168 1411 2333 1478 pater

675 1493 801 1544 erat
820 1489 1178 1546 llerimanus
1199 1492 1317 1546 dux
1341 1491 1722 1560 Alemanniae;
1749 1498 1933 1549 mater
1954 1495 2081 1565 ejus
2108 1494 2332 1549 Kerbir-

671 1593 763 1648 ga,
786 1577 910 1634 tilia
933 1580 1185 1634 Couradi
1219 1579 1370 1652 regis
1401 1582 1470 1636 de
1505 1581 1842 1655 Burgundia
1872 1582 2001 1650 fuit,
2025 1583 2195 1653 cujus
2226 1600 2326 1655 pa-

670 1672 861 1722 rentes
893 1667 967 1722 de
998 1667 1188 1723 Caroli
1237 1669 1430 1741 Magni
1463 1670 1646 1742 stirpe
1694 1677 2128 1742 processerant;
2172 1672 2328 1727 unde

668 1754 908 1825 quidam
927 1757 1000 1812 de
1019 1755 1238 1813 nostris
1259 1756 1316 1812 in
1339 1756 1734 1831 libello,quem
1752 1758 2123 1831 Tetralogum
2146 1760 2327 1815 nomi-

665 1844 844 1912 navit,
860 1848 918 1900 et
940 1851 1150 1917 postea
1171 1846 1288 1919 regi
1314 1847 1559 1903 Henrico
1582 1848 1770 1915 tertio,
1786 1865 1921 1904 cum
1944 1848 2198 1903 natalem
2222 1848 2327 1905 Do-

667 1932 807 1987 mini
837 1933 898 1988 in
931 1935 1258 2007 Argentius.
1296 1935 1529 1992 civitate
1573 1937 1889 1993 celebraret
1933 1939 2321 2010 praescntavit,

663 2021 814 2078 inter
843 2023 1019 2094 alios,
1042 2025 1195 2080 duos
1226 2042 1428 2081 versus
1459 2026 1642 2081 edidit
1670 2027 1779 2082 hoc
1810 2028 1982 2082 modo
2016 2044 2029 2081 :

783 2130 1171 2196 Quapdopost
1200 2130 1458 2180 decimam
1491 2136 1803 2196 numeratur
1832 2132 1973 2196 linea
1999 2137 2188 2196 quarta

696 2244 703 2249 ,
782 2193 859 2241 De
888 2193 1084 2242 Carolo
1116 2195 1306 2258 Magno
1337 2194 1579 2257 procedit
1608 2194 1780 2244 Gisela
1803 2193 2040 2258 prudens
2072 2211 2083 2244 :

721 2292 868 2345 Cum
903 2293 1093 2346 tantae
1125 2290 1446 2347 nobilitatis
1475 2297 1628 2348 esset
1659 2296 1714 2347 et
1746 2293 1940 2348 forma:
1981 2293 2318 2349 decentissi-

651 2394 777 2447 mze,
794 2378 1071 2435 minimae
1089 2378 1433 2435 extollentiae
1452 2380 1645 2447 fuit,in
1664 2381 1763 2436 Dei
1783 2382 2012 2437 servitio
2026 2383 2063 2436 ti
2074 2386 2319 2450 morata,
2362 2396 2363 2399 ‘

651 2466 709 2521 in
732 2468 1119 2524 orationibus
1140 2472 1198 2523 et
1222 2468 1606 2541 eleemosynis
1628 2470 1888 2537 assidua,
1911 2477 1966 2526 et
1995 2470 2102 2525 hoc
2135 2474 2203 2525 ut
2229 2488 2319 2526 se-

649 2555 865 2612 cretius
888 2556 1116 2629 potuit,
1136 2558 1442 2613 attendens
1460 2557 1602 2614 illud
1620 2559 2050 2631 Evangelicum,
2065 2558 2321 2628 nejusti-

646 2644 791 2700 tiam
824 2661 1003 2702 suam
1040 2645 1260 2701 faceret
1288 2662 1485 2702 coram
1515 2646 1875 2703 hominibus.
1898 2649 2033 2702 Erat
2062 2648 2214 2703 enim
2249 2647 2317 2703 li-

648 2732 865 2789 beralis
897 2732 1154 2807 ingenii,
1186 2733 1437 2790 illustris
1469 2734 1737 2800 solertiae,
1762 2734 1934 2790 avida
1961 2735 2176 2807 gloriae,
2202 2752 2316 2791 non

648 2823 877 2891 laudis;
914 2822 1173 2896 pudoris
1200 2839 1429 2891 amans,
1453 2822 1686 2879 feminei
1710 2823 1926 2880 laboris
1956 2825 2202 2896 patiens.
2230 2825 2316 2879 in-

647 2926 885 2966 cassum
912 2911 1172 2967 minime
1202 2911 1461 2983 profusa,
1486 2912 1545 2967 in
1579 2912 1753 2967 rebus
1784 2911 2045 2968 honestis
2074 2917 2130 2967 et
2162 2912 2317 2967 utili-

2447 877 2639 931 ardum
2662 876 2930 949 dignitati
2953 893 3238 949 cognosco
3271 876 3686 949 propinquare.
3714 875 3845 931 Hec
3866 876 4087 945 dicens,

2446 965 2503 1019 in
2528 967 2725 1021 eadem
2750 966 2997 1021 statione
3018 969 3298 1034 moratus,
3317 965 3418 1020 ubi
3438 965 3698 1037 primum
3720 969 4092 1020 occurrerant

2438 1042 2528 1108 illi
2558 1054 2904 1121 calamitosi,
2927 1055 3200 1127 passibus
3241 1054 3503 1110 immotis
3529 1052 3717 1126 legem
3756 1054 4087 1125 praefecerat

2441 1132 2580 1197 illis.
2614 1142 2759 1198 Hinc
2807 1142 3109 1215 paululum
3162 1143 3502 1215 procedens,
3531 1141 3690 1197 venit
3732 1145 3865 1197 ante
3914 1139 4082 1197 illum

2443 1231 2911 1303 quidam,diccns
2933 1248 2994 1288 se
3014 1230 3320 1304 expulsum
3342 1247 3470 1287 esse
3489 1230 3678 1303 patria
3697 1229 3936 1286 omnino
3958 1229 4084 1285 sine

2440 1319 2632 1391 culpa.
2665 1320 2847 1383 Quem
2879 1335 2977 1374 rex
3006 1335 3108 1390 per
3148 1317 3454 1373 brachium
3482 1315 3946 1389 apprehendens,
3977 1333 4082 1372 su-

2438 1425 2541 1480 per
2569 1425 2771 1463 omnes
2801 1408 3245 1463 circumstantes
3274 1406 3510 1462 attraxit
3543 1421 3729 1478 usque
3759 1405 3831 1460 ad
3862 1403 4077 1461 solium

2439 1513 2634 1564 suum,
2654 1498 2851 1569 ibique
2872 1513 3108 1551 causam
3129 1495 3325 1551 miseri
3344 1495 3572 1551 cuidam
3595 1493 3921 1567 principum
3944 1510 4078 1549 suo-

2436 1603 2565 1640 rum
2585 1585 2893 1657 diligenter
2909 1584 3354 1640 commendavit.
3373 1582 3529 1639 Felix
3544 1582 3774 1638 initium
3794 1580 4074 1654 regnandi

2436 1676 2694 1729 cernitur
2721 1691 2869 1740 esse,
2889 1674 2988 1728 ubi
3022 1672 3153 1745 plus
3194 1672 3505 1729 festinatur
3533 1671 3606 1727 ad
3638 1670 3961 1727 fa'cicndam
3990 1670 4073 1725 le-

2434 1780 2587 1834 gem,
2621 1767 2775 1835 quod
2807 1764 2878 1818 ad
2924 1762 3383 1819 benedicendum
3417 1776 3632 1833 regem.
3666 1759 4076 1815 Abundantius

2434 1857 2558 1907 erat
2582 1852 2639 1906 in
2669 1868 2799 1923 rege
2821 1849 3083 1905 studium
3114 1848 3506 1905 miserationis
3522 1863 3699 1920 quam
3721 1846 4076 1904 desiderium

2434 1938 2938 1995 consecrationis:
2980 1956 3083 2010 per
3132 1938 3403 1994 semitam
3451 1935 3694 2007 justitiaa
3749 1935 4075 2008 incedebat,

2354 2063 2401 2127 Β
2436 2029 2668 2100 quando
2725 2026 2948 2099 regium
2999 2026 3275 2082 honorem
3326 2027 3572 2099 petebat.
3616 2026 3846 2081 Poterat
3887 2023 4075 2123 dicere

2431 2134 2566 2172 cum
2590 2115 2935 2172 Psalmista:
2974 2121 3071 2171 Pes
3098 2132 3250 2170 meus
3277 2116 3425 2170 stetit
3454 2115 3514 2169 in
3543 2115 3634 2170 via
3659 2118 3825 2169 recta.
3850 2112 4075 2170 Firma-

2429 2206 2513 2261 vit
2541 2222 2604 2261 se
2631 2221 2733 2277 per
2761 2203 2958 2276 gratiae
3007 2204 3225 2259 bonum
3274 2203 3619 2276 priusquam
3664 2201 4075 2258 conscenderet

2422 2293 2762 2366 judicialem
2810 2293 3110 2347 thronum.
3145 2292 3410 2348 Timebat
3460 2290 3809 2364 praecipitari
3856 2290 3905 2346 si
3957 2306 4073 2346 non

2427 2386 2580 2438 esset
2609 2398 2795 2453 equus
2826 2382 2885 2435 in
2918 2379 3226 2436 altitudine
3265 2379 3464 2451 regali.
3498 2379 3650 2435 Satis
3699 2382 3824 2435 erat
3868 2377 4073 2434 lauda-

2428 2471 2543 2527 bile
2572 2470 2722 2525 inter
2767 2485 2916 2525 nova
2948 2468 3181 2541 gaudia,
3212 2467 3364 2523 inter
3392 2467 3669 2523 deliciosa
3698 2466 3850 2539 regis
3893 2466 4067 2522 mini-

2429 2559 2624 2628 steria,
2656 2562 2740 2613 tot
2782 2573 3103 2630 pauperum
3162 2555 3445 2612 clamores
3505 2555 3726 2627 audire,
3757 2559 3815 2611 et
3866 2570 4066 2611 eorum

2428 2664 2637 2705 causas
2674 2646 2864 2701 finire.

2498 2735 2695 2793 Noluit
2725 2734 3037 2808 negligere,
3060 2735 3214 2807 quod
3250 2734 3364 2789 cito
3407 2733 3596 2806 potuit
3622 2748 3846 2806 regere;
3870 2732 4070 2790 renuit

2418 2825 2718 2897 justitiam
2770 2823 3034 2888 dilatare,
3092 2823 3370 2894 quoniam
3427 2821 3571 2878 illud
3629 2826 3753 2877 erat
3806 2838 4066 2894 regnare.

2425 2913 2663 2971 Distulit
2685 2929 2850 2968 suam
2884 2911 3347 2967 benedictionem
3381 2914 3614 2984 prepter
3638 2910 3865 2983 regium
3893 2910 4072 2967 hono-

644 2999 755 3055 bus
776 3000 1026 3056 abunde
1049 2998 1236 3072 larga,
1253 3000 1411 3055 dives
1436 2999 1493 3054 in
1513 2999 1763 3072 praediis,
1784 3017 2047 3056 summos
2068 3000 2318 3056 honores
2424 3019 2570 3069 rem,
2604 3001 2888 3073 scriptum
2935 3004 3024 3056 est
3050 2998 3207 3055 enim
3240 3016 3255 3054 :
3283 3022 3311 3050 «
3346 2999 3540 3056 Honor
3584 2999 3739 3071 regis
3777 2997 4069 3070 judicium

646 3086 794 3144 bene
816 3091 1086 3144 tractare
1106 3086 1310 3159 perita.
1337 3088 1465 3143 Haec
1487 3089 1877 3160 quorumdam
1898 3088 2203 3144 hominum
2227 3089 2314 3143 in-

639 3175 795 3232 vidia
817 3194 955 3249 quae
983 3192 1143 3248 sape
1174 3177 1247 3232 ab
1280 3176 1650 3232 inferioribus
1674 3176 1920 3250 fumigat
1950 3178 2021 3232 ad
2052 3177 2317 3249 superio-

639 3282 751 3333 res,
772 3282 882 3338 per
913 3265 1154 3337 aliquot
1183 3265 1308 3320 dies
1339 3281 1373 3321 a
1403 3266 1837 3322 consecratione
1867 3265 2314 3338 impediebatur.

2625 3112 2688 3145 .))

2625 3131 2638 3145 .
2660 3112 2688 3140 ››

2426 3090 2630 3235 dﬂigi;
2663 3179 2891 3234 cunctis
2921 3175 3096 3233 rebus
3130 3175 3212 3232 nil
3242 3176 3327 3232 sic
3357 3178 3634 3249 prodesse
3657 3176 3888 3246 valebit,

2637 3268 2800 3324 Sicut
2819 3265 3107 3346 judicium
3138 3265 3292 3338 regis
3321 3266 3391 3321 ad
3423 3265 3702 3322 ofﬁcium.

639 3352 937 3410 Ceterum
972 3355 1026 3410 si
1064 3353 1208 3409 illud
1239 3354 1438 3409 odium
1456 3355 1617 3424 juste
1642 3372 1714 3409 an
1745 3355 1959 3425 injuste
1990 3354 2312 3426 pertulerit,
2365 3425 2368 3426 ν
2497 3357 2580 3413 Ita
2600 3373 2697 3412 rex
2718 3355 2775 3409 in
2800 3354 3014 3410 talibus
3036 3353 3253 3420 causis,
3275 3369 3377 3425 pro
3399 3353 3612 3425 quibus
3635 3352 3886 3409 maxime
3906 3352 4066 3425 regia

641 3443 839 3500 adhuc
871 3443 935 3498 in
961 3441 1275 3515 questione
1304 3446 1601 3498 moratur:
1626 3447 1820 3497 tamen
1841 3425 2023 3497 virilis
2055 3443 2315 3514 probitas
2345 3425 2387 3492 C
2426 3446 2744 3501 auctoritas
2781 3441 3133 3516 interpellari
3182 3440 3351 3511 solet,
3379 3441 3488 3498 hoc
3517 3445 3605 3498 est
3636 3458 3738 3514 pro
3781 3440 4062 3499 Ecclesia-

2428 3552 2579 3602 rum,
2604 3534 2933 3600 viduarum,
2957 3531 3353 3603 orphanorum
3374 3529 3727 3599 defensione,
3747 3531 3820 3586 ad
3842 3528 4066 3602 reliqua

2428 3623 2714 3696 regimina
2743 3620 2853 3677 sibi
2885 3638 2952 3676 ea
2981 3621 3074 3676 die
3104 3620 3255 3676 viam
3285 3620 3649 3692 praeparavit.

2800 3727 2870 3765 DE
2900 3727 3127 3765 ITINERE
3155 3725 3320 3764 REGIS
3349 3726 3459 3764 PER
3488 3725 3692 3764 REGNA.

2500 3799 2708 3857 Omnia
2737 3799 2889 3871 regis
2937 3798 3164 3865 itinera,
3190 3802 3248 3853 et
3276 3796 3335 3854 in
3367 3798 3583 3870 quibus
3631 3796 3775 3853 locis
3805 3814 4071 3854 summas

2429 3889 2769 3945 festivitates
2789 3886 3012 3943 Natalis
3047 3886 3272 3942 Domini
3303 3890 3359 3941 et
3388 3887 3621 3942 Pascha:
3651 3886 3955 3943 annuatim
3977 3903 4073 3941 ce-

2430 3977 2698 4043 lebraret,
2731 3992 2845 4030 non
2895 3975 3073 4031 nimis
3122 3974 3518 4030 necessarium
3561 3991 3798 4032 narrare
3851 3974 4070 4045 putavi,

2429 4072 2666 4137 excepto
2692 4064 2846 4135 quod
2875 4063 2931 4117 id
2962 4056 3388 4118 dicendum‘est
3412 4061 3597 4117 sicubi
3627 4062 3836 4127 fuerat,
3851 4060 3900 4115 si
3932 4060 4071 4132 quid

2430 4153 2660 4226 insigne
2690 4157 2747 4208 et
2774 4149 2997 4206 clarum
3042 4150 3352 4205 acciderat.
3378 4149 3434 4203 Si
3461 4150 3616 4205 enim
3647 4148 3846 4205 omnia
3874 4148 4074 4204 obser-

2430 4258 2564 4297 vare
2593 4240 2816 4310 vellem,
2844 4243 2977 4294 ante
3017 4254 3109 4293 me
3148 4238 3481 4294 desererent
3499 4236 3650 4293 vires
3688 4252 3857 4309 qaam
3889 4240 4070 4318 gnate-

2430 4330 2565 4385 ries.
2590 4328 2674 4384 Ad
2699 4332 2865 4400 gesta
2894 4325 3057 4381 illius
3086 4324 3416 4382 clarissima
3445 4329 3663 4397 quanto
3683 4325 3845 4381 ocius
3874 4327 4074 4397 potero

2429 4419 2680 4489 veniam,
2705 4417 2763 4471 in
2791 4415 3005 4488 quibus
3031 4418 3259 4470 tantum
3282 4413 3479 4487 gloria
3508 4413 3743 4481 eminet,
3769 4416 3835 4469 ut
3858 4414 3930 4469 de
3960 4412 4071 4469 mi-

2433 4508 2671 4565 noribus
2702 4505 2871 4563 silere
2900 4503 3122 4560 nemini
3152 4502 3251 4560 fiat
3272 4503 3590 4576 ingratum.
3616 4501 3869 4559 Collecto
3893 4501 4075 4577 regali

638 3531 699 3587 in
733 3531 968 3588 femina
1000 3530 1162 3597 vicit,
1186 3535 1244 3586 et
1273 3547 1341 3586 ex
1383 3547 1671 3586 consensu
1704 3536 1760 3586 et
1790 3531 2067 3604 petitione
2097 3532 2317 3603 princi-

638 3637 785 3692 pum
820 3624 1203 3684 consecrata,
1234 3619 1562 3675 necessaria
1590 3635 1784 3675 comes
1816 3635 2009 3691 regem
2042 3620 2320 3691 sequeba-

638 3713 757 3765 tur.
793 3709 935 3764 Haac
984 3709 1063 3764 de
1114 3708 1315 3780 regina
1368 3707 1598 3763 interim
1660 3708 1931 3774 breviavi,
1964 3708 2319 3765 intermissis

637 3797 956 3869 regalibus
989 3796 1199 3869 gestis,
1230 3813 1385 3851 nunc
1419 3796 1488 3850 ad
1522 3797 1723 3852 eadem
1752 3801 2023 3853 revertar.

931 3900 1012 3941 DE
1046 3900 1247 3940 PRIMIS
1277 3900 1469 3940 GESTIS
1497 3901 1827 3940 CIIUONRADI
1861 3902 2043 3941 REGIS.

706 3975 794 4029 Ad
830 3978 1017 4047 gesta
1048 3971 1249 4044 inclyti
1298 3972 1453 4045 regis
1484 3973 1816 4028 Chuonradi
1850 3974 1997 4046 stylo
2043 3974 2319 4041 revoluto,

630 4064 923 4136 quaedam
960 4065 1112 4118 sunt
1131 4061 1394 4128 dicenda,
1418 4078 1543 4133 quae
1573 4061 1633 4116 in
1661 4060 1788 4132 ipsa
1817 4062 1911 4117 die
1941 4063 2323 4118 consecratio-

628 4153 726 4209 nis
749 4170 880 4209 sua;
906 4152 1166 4219 fecerat;
1192 4166 1320 4221 qua:
1341 4148 1475 4205 licet
1506 4166 1682 4221 parva
1702 4149 2027 4217 videantur,
2048 4151 2322 4222 mysterio

636 4246 846 4298 tamen
914 4238 1185 4313 quodam
1245 4237 1554 4311 magnifice
1614 4237 1850 4310 pollent.
1880 4238 1990 4294 Sed
2045 4238 2321 4310 quoniam

626 4330 896 4386 historia
930 4326 1183 4402 publica
1213 4326 1510 4393 scribitur,
1531 4343 1659 4398 quas
1691 4326 1955 4382 animum
1990 4325 2221 4384 lectoris
2249 4327 2321 4383 ad

629 4419 979 4477 novitatem
1005 4432 1232 4484 rerum,
1251 4432 1426 4489 quam
1453 4416 1524 4472 ad
1558 4416 1777 4489 ﬁguras
1798 4416 2105 4472 verborum
2137 4420 2321 4472 atten-

624 4510 867 4566 tionem
902 4506 1080 4571 facit,
1115 4504 1306 4579 magis
1344 4504 1576 4561 videtur
1604 4519 1943 4577 congruere,
1968 4504 2157 4577 ipsam
2201 4521 2322 4560 rem

625 4597 944 4671 integram
972 4593 1460 4668 persequi,quam
1478 4593 1741 4666 mysticis
1763 4592 2086 4648 rationibus
2101 4592 2323 4665 aliquid
2432 4596 2732 4662 comitatu,
2757 4610 2855 4649 rex
2875 4593 3219 4648 Chonradus
3245 4593 3502 4665 primum
3528 4607 3631 4664 per
3656 4592 3953 4665 regionem
3982 4590 4076 4646 Ri-

624 4687 994 4758 pmmiscue
1047 4682 1452 4740 commentari.
1485 4686 1549 4737 In
1582 4682 1711 4753 ipsa
1755 4682 2122 4753 processione
2171 4682 2325 4755 regis
2432 4686 2795 4749 buariorum,
2819 4698 3003 4755 usque
3029 4682 3100 4736 ad
3133 4680 3323 4736 locum
3355 4679 3454 4753 qui
3484 4679 3699 4736 dicitur
3720 4677 4075 4751 Aquisgrani

624 4781 753 4831 tres
782 4776 1100 4830 venerunt
1120 4775 1253 4827 ante
1279 4769 1616 4839 illum,cum
1641 4768 1891 4842 singulis
1912 4770 2323 4841 querimoniis;
2357 4791 2402 4855 D
2435 4775 2719 4848 palatium
2753 4770 3031 4844 pervenit,
3057 4769 3157 4825 ubi
3187 4768 3458 4841 publicus
3488 4768 3735 4824 thronus
3765 4765 3978 4840 regalis
4004 4765 4077 4822 ab

621 4882 792 4921 unus
828 4865 973 4918 erat
1007 4859 1256 4917 colonus
1275 4858 1541 4916 Ecclesia:
1574 4857 2019 4932 Moguntiensis,
2043 4857 2188 4914 alter
2216 4877 2322 4931 pu-
2434 4863 2691 4935 antiquis
2715 4861 2971 4933 regibus,
2986 4863 3041 4914 et
3063 4857 3310 4913 aCarolo
3331 4855 3877 4930 praecipuelocatus,
3896 4855 4076 4911 totius

616 4952 815 5026 pilius
843 4950 993 5017 fuit,
1012 4952 1075 5003 et
1093 4950 1359 5021 quaedam
1380 4947 1574 5003 vidua.
1596 4947 1745 5003 Dum
1772 4963 1869 5003 rex
1896 4963 2094 5002 eorum
2118 4963 2326 5005 causas
2433 4953 2594 5025 regni
2627 4948 3001 5007 archisolium
3028 4946 3296 5002 habetur.
3322 4948 3444 5013 Quo
3475 4945 3683 5002 sedens
3712 4942 4075 5000 excellentis-

617 5041 844 5097 audire
879 5034 1195 5109 coepisset,
1225 5036 1466 5107 quidam
1497 5035 1568 5089 de
1600 5033 1965 5106 principibus
2010 5033 2132 5089 suis
2163 5053 2326 5091 aver-
2434 5042 2581 5096 sime
2612 5036 3031 5110 rempublicam
3060 5034 3367 5103 ordinavit,
3391 5032 3587 5105 ibique
3605 5032 3837 5105 publice
3866 5030 4078 5105 placito

615 5128 841 5184 tebaut
862 5139 1022 5182 eum
1047 5124 1332 5193 dicentes,
1351 5140 1424 5180 ne
1448 5122 1900 5179 consecrationis
1923 5138 2045 5177 sum
2066 5121 2324 5194 aliquam
2433 5133 2490 5185 et
2518 5125 2772 5201 generali
2806 5123 3049 5181 concilio
3093 5121 3310 5189 habito,
3345 5121 3540 5177 divina
3568 5125 3625 5177 et
3657 5120 3919 5177 humana
3940 5121 4081 5193 jura

613 5232 875 5274 moram
922 5212 1178 5280 faceret,
1208 5216 1267 5269 et
1311 5216 1545 5269 matura
1592 5210 1787 5266 divina
1830 5209 2021 5266 officia
2066 5211 2322 5281 audiret;
2434 5217 2653 5273 utiliter
2682 5213 3106 5270 distribuebat:
3140 5212 3294 5266 fama
3324 5211 3451 5283 ejus
3478 5210 3631 5267 vires
3661 5209 3732 5265 de
3762 5208 4079 5266 virtutibus

616 5303 984 5377 respiciens
1043 5301 1116 5357 ad
1166 5300 1492 5373 episcopos,
1516 5304 1583 5355 ut
1611 5298 1864 5356 vicarius
1906 5298 2118 5355 Christi
2163 5300 2326 5356 Chri-
2434 5304 2689 5378 sumpsit
2720 5320 2733 5359 :
2768 5302 2943 5358 hodie
2986 5317 3163 5372 quam
3191 5299 3316 5356 heri
3346 5316 3449 5371 pro
3481 5305 3676 5355 tenore
3723 5298 3883 5372 pacis
3926 5313 4077 5369 pra:-

616 5390 1039 5451 stianissime
1070 5388 1578 5462 respondebat:Si
1604 5403 1801 5443 meum
1824 5390 1914 5442 est
1940 5387 2209 5460 regimini
2240 5388 2326 5444 in-
2438 5392 2707 5461 stantior,
2769 5407 2872 5463 pro
2935 5389 3343 5445 benevolentia
3417 5387 3606 5460 gratia
3673 5386 3922 5453 charior,
3975 5400 4078 5457 pro

618 5484 854 5540 sistere
888 5482 957 5535 et
993 5477 1059 5531 id
1085 5476 1191 5533 viri
1222 5476 1547 5533 constantis
1579 5479 1667 5532 est
1696 5491 2067 5547 nequaquam
2101 5476 2330 5535 dilferre
2438 5481 2617 5555 regali
2647 5480 2929 5536 comitatu
2974 5477 3311 5533 honoratior
3364 5477 3601 5533 habitus
3648 5480 3738 5532 est
3781 5473 4077 5532 omnibus.

617 5570 795 5647 quod
831 5572 990 5641 apte
1048 5565 1172 5621 fieri
1215 5564 1396 5633 valet;
1431 5564 1643 5621 rectius
1691 5564 1835 5619 mihi
1865 5562 2093 5618 videtur
2142 5565 2331 5623 facere
2438 5575 2784 5641 Quanquam
2815 5566 2969 5623 enim
3014 5564 3240 5620 litteras
3278 5564 3590 5637 ignoraret,
3622 5569 3815 5621 tamen
3847 5574 4079 5617 omnem

616 5660 795 5735 quod
846 5657 1083 5721 debeo,
1108 5668 1286 5724 quam
1335 5652 1477 5724 quid
1527 5651 1859 5707 faciendum
1902 5650 1981 5706 sit
2026 5651 2228 5707 audire
2257 5655 2330 5708 ab
2438 5659 2683 5723 clerum,
2716 5671 2850 5713 cum
2882 5652 3211 5709 amabiliter
3247 5656 3304 5708 et
3347 5652 3665 5709 liberaliter
3709 5648 4079 5735 palam,_tu_m

612 5729 767 5809 alio.
807 5741 1086 5803 Memini
1114 5756 1216 5795 vos
1246 5755 1396 5812 saepe
1445 5741 1660 5795 dixisse
1691 5755 1805 5795 non
1836 5738 2130 5795 auditcres
2161 5739 2325 5813 legis,
2439 5743 2799 5803 convenienti
2832 5740 3142 5813 disciplina
3171 5745 3388 5796 secreto
3439 5740 3752 5810 prudenter
3797 5729 4071 5813 instituit.

612 5840 730 5902 sed
755 5827 1393 5901 factoresjustiiicari.
1418 5828 1478 5885 Si
1498 5832 1693 5885 autem
1715 5827 1788 5887 ad
1806 5828 2324 5907 consecrationem,
2438 5835 2691 5901 Militum
2721 5847 2854 5891 vero
2884 5829 3112 5911 animos
3146 5828 3205 5890 in
3234 5828 3342 5888 hoc
3362 5826 3614 5886 multum
3647 5819 3892 5889 attraxit,
3916 5812 4071 5893 quod
