4868 6472
1341 546 1489 608 1231

2567 539 2952 602 WIPPONIS
2993 535 3515 600 PRESBYTER].

4598 536 4749 601 1932

1341 679 1587 750 antiqua
1614 675 1899 734 beneﬁcia
1919 679 2226 748 parentum
2258 674 2475 730 nemini
2505 679 2866 745 posterorum
2891 687 2988 726 au-
3017 670 3071 738 Α
3104 670 3328 725 nullum
3363 687 3552 740 regem
3586 671 3956 739 haberemus,
3981 671 4136 744 regis
4167 672 4353 727 nostri
4383 671 4636 728 domum
4665 673 4750 728 de-

1342 768 1480 824 ferri
1513 765 1819 821 sustinuit.
1843 766 2126 821 Preterea
2173 765 2229 820 in
2281 763 2536 818 donariis
2566 761 2986 834 frequentibus,

1346 855 1564 928 quibus
1593 871 1694 910 eos
1725 853 1895 910 fortia
1919 855 2129 910 audere
2159 853 2346 924 coegit
2377 851 2467 908 sui
2501 850 2749 905 similem
2785 851 2840 903 in
2869 854 2989 903 toto

1347 944 1570 1000 mundo
1601 958 1715 998 non
1749 958 1917 1013 posse
1949 939 2182 1012 reperiri
2214 939 2662 993 mstimaverunt.
2692 937 2988 1008 Suspicio-

1348 1047 1482 1088 sum
1513 1035 1602 1086 est
1630 1029 1836 1096 relatu,
1871 1046 2045 1102 quam
2080 1029 2388 1084 muniﬁcus
2421 1029 2546 1092 fuit,
2568 1044 2742 1098 quam
2770 1028 2988 1096 jucun-

1347 1122 1480 1187 dus,
1501 1135 1677 1192 quam
1699 1119 2019 1174 constantis
2051 1117 2252 1181 animi,
2279 1122 2566 1188 quantum
2591 1113 2986 1187 imperterriti,

1347 1209 1517 1265 bonis
1545 1207 1816 1264 omnibus
1846 1205 2122 1274 blandus,
2146 1206 2317 1262 malis
2349 1223 2607 1271 severus,
2629 1205 2686 1259 in
2712 1205 2862 1258 cives
2886 1205 2987 1258 be-

1346 1297 1580 1370 nignus,
1607 1296 1666 1351 in
1697 1295 1893 1351 hostes
1925 1295 2191 1361 acerbus,
2215 1295 2273 1350 in
2303 1296 2476 1350 rebus
2503 1295 2743 1365 agendis
2765 1295 2987 1357 efﬁcax,

1347 1403 1522 1458 quam
1545 1385 1798 1440 maxime
1820 1385 1951 1440 usui
1975 1385 2119 1440 feret
2145 1400 2321 1454 regno
2343 1382 2724 1454 infatigabilis
2747 1387 2867 1436 erat
2893 1398 2905 1434 :
2930 1381 2989 1434 in

1342 1475 1500 1530 brevi
1529 1478 1759 1530 tantum
1786 1474 2098 1546 proﬁciens
2126 1477 2188 1526 ut
2213 1489 2380 1527 nemo
2404 1472 2719 1533 dubitaret.
2745 1475 2872 1542 post
2893 1470 2992 1524 Ca-

1344 1563 1449 1619 roli
1481 1561 1678 1634 Magni
1707 1567 1990 1634 tempora,
2015 1562 2269 1634 aliquem
2303 1560 2480 1632 regali
2508 1561 2642 1615 sede
2665 1559 2988 1631 digniorem

1344 1669 1460 1708 non
1479 1651 1722 1718 vixisse;
1755 1652 1910 1706 unde
1940 1655 2126 1706 exstat
2157 1651 2525 1722 proverbium
2549 1667 2559 1704 :
2585 1648 2737 1704 Sella
2760 1649 2989 1703 Chuon-

1345 1740 1471 1796 radi
1501 1739 1680 1796 habet
1708 1740 2038 1795 ascensoria
2061 1739 2267 1795 Caroli.
2296 1739 2374 1793 De
2399 1738 2505 1792 hoc
2540 1737 2837 1810 proverbio
2865 1735 2990 1806 qui-

3099 762 3382 815 struxisse
3415 779 3525 815 non
3568 761 3702 832 jure
3754 761 4185 818 accusabimur.
4209 762 4250 816 E
4283 762 4582 816 contrario
4616 779 4709 816 rex
4738 779 4750 816 :

3097 848 3246 912 Scio,
3280 849 3493 920 inquit,
3527 852 3680 922 quod
3715 851 3956 906 domum
3987 850 4146 922 regis
4170 849 4348 906 vestri
4381 868 4501 907 non
4529 851 4752 908 destru-

3098 937 3284 1003 xistis,
3333 955 3465 992 cum
3525 957 3590 994 eo
3650 944 3910 1012 tempore
3966 938 4194 995 nullum
4262 939 4600 1007 haberetis;
4660 942 4753 997 sed

3099 1025 3338 1080 domum
3372 1027 3626 1098 regalem
3681 1029 3926 1084 scidisse
3975 1045 4093 1084 non
4137 1027 4343 1084 valetis
4393 1029 4670 1086 inﬁciari.
4701 1031 4754 1086 Si

3099 1132 3194 1168 rex
3227 1115 3414 1186 periit,
3449 1133 3692 1186 regnum
3741 1117 4045 1187 remansit,
4079 1117 4234 1172 sicut
4280 1117 4447 1172 navis
4497 1125 4755 1174 remanet

3098 1203 3265 1270 cujus
3296 1203 3651 1273 gubernator
3677 1203 3860 1271 cadit;
3893 1205 4045 1260 aedes
4076 1203 4322 1277 publicae
4349 1205 4609 1274 fuerant,
4644 1224 4752 1263 non

3101 1291 3328 1362 privatae
3353 1292 3508 1361 juris
3551 1298 3735 1358 erant,
3770 1292 3945 1348 alieni
3996 1309 4112 1348 non
4160 1296 4360 1349 vestri.
4411 1293 4752 1352 Alienarum

3099 1384 3292 1433 autem
3343 1397 3534 1435 rerum
3588 1381 3880 1437 invasores
3938 1382 4058 1453 regi
4111 1386 4252 1438 sunt
4309 1383 4575 1439 obnoxii.
4610 1385 4753 1456 Ergo

3099 1485 3198 1521 vos
3256 1468 3454 1522 alienae
3507 1470 3584 1524 rei
3640 1470 3937 1526 invasorcs
3985 1471 4204 1537 fuistis,
4250 1470 4434 1544 igitur
4481 1473 4608 1545 regi
4657 1474 4751 1529 ob-

3103 1556 3254 1611 noxii
3298 1558 3458 1613 estis.
3494 1557 3906 1629 llujuscemodi
3956 1559 4149 1615 verbis
4201 1559 4475 1632 pluribus
4525 1559 4756 1617 instan-

3101 1653 3187 1699 ter
3241 1647 3483 1717 objectis
3543 1647 3716 1720 legati
3771 1650 3988 1702 frustra
4055 1652 4338 1704 tentatum
4399 1665 4614 1722 pacem
4673 1669 4756 1707 re-

3101 1735 3431 1805 linquentes
3481 1737 3768 1791 abierunt.
3815 1736 4040 1808 Reliqui
4093 1753 4225 1793 vero
4275 1736 4466 1793 Italici
4517 1739 4756 1812 amplis-

3101 1824 3267 1878 simis
3299 1825 3467 1878 donis
3499 1843 3530 1878 a
3557 1842 3686 1896 rege
3731 1825 3997 1880 honorati
4046 1825 4104 1880 in
4138 1842 4278 1898 pace
4325 1826 4568 1884 dimissi
4603 1835 4757 1884 sunt.

3103 1913 3216 1967 Rex
3249 1930 3378 1968 vero
3412 1914 3552 1967 bene
3597 1915 3863 1969 ordinato
3913 1931 4089 1986 regno
4133 1915 4356 1970 Suevia:
4388 1916 4465 1971 ad
4497 1922 4760 1973 castrum

3023 2040 3068 2103 Β
3097 2001 3406 2103 Turcicum
3443 2004 3691 2072 perrexit
3723 2004 3917 2074 ibique
3948 2003 4236 2075 quosdam
4270 2003 4532 2070 Italicos,
4557 2006 4664 2078 qui
4695 2007 4762 2062 ad

3100 2090 3497 2145 Constantiam
3533 2109 3646 2146 non
3678 2097 3973 2160 venerant,
3997 2093 4068 2147 ad
4100 2091 4435 2148 dominium
4470 2111 4657 2152 suum
4689 2113 4766 2151 re-

3101 2179 3268 2250 cepit.
3296 2179 3432 2233 lnde
3455 2186 3586 2250 post
3618 2197 3831 2252 paucos
3859 2181 3984 2235 dies
4011 2181 4080 2236 ad
4115 2181 4428 2237 Basilicam
4463 2183 4762 2240 civitatem

3105 2269 3377 2339 pervenit.

3256 2381 3408 2427 QUOD
3441 2383 3549 2420 REX
3579 2382 3962 2421 CIIUONRADL’S
3993 2383 4243 2423 BASILELE
4271 2384 4617 2427 ειηεεορωι

3748 2455 4101 2494 CONSTITUIT.

3175 2533 3396 2588 Ilasilca
3419 2535 3620 2588 civitas
3643 2535 3754 2588 sita
3777 2540 3865 2588 est
3891 2535 3946 2588 in
3965 2535 4220 2606 quodam
4245 2537 4466 2593 triviali
4489 2541 4770 2606 conﬁnio,

3103 2622 3156 2675 id
3199 2629 3304 2688 est,
3341 2623 3710 2693 Burgundize,
3759 2623 4115 2678 Alemannis:
4173 2629 4229 2680 ct
4291 2626 4565 2683 Francia
4600 2646 4616 2684 :
4651 2630 4772 2702 ipsa

3100 2729 3231 2766 vero
3262 2712 3462 2766 civitas
3495 2712 3566 2766 ad
3609 2712 4005 2782 Burgundiam
4041 2713 4310 2785 pertinet.
4347 2715 4520 2772 Hanc
4569 2718 4772 2774 civita-

3102 2805 3216 2852 tem
3252 2797 3469 2852 invenit
3501 2815 3596 2852 rex
3635 2803 3937 2854 vacuatam
3969 2801 4265 2873 episcopo,
4291 2804 4474 2874 cujus
4509 2808 4775 2877 provisor

3099 2887 3380 2941 Adalbero
3408 2893 3540 2941 ante
3581 2891 3696 2942 tres
3745 2904 3976 2943 menses
4009 2906 4186 2961 quam
4237 2907 4336 2947 rex
4365 2894 4633 2963 veniret,
4667 2896 4774 2950 mi-

3100 2975 3284 3046 gravit
3309 2975 3697 3031 aszeculoni
3726 2977 4058 3034 Simoniaca
4096 2977 4304 3034 haeresi
4339 2981 4555 3038 subito
4599 3001 4775 3057 appa-

3101 3064 3236 3130 ruit,
3269 3069 3325 3120 et
3370 3064 3483 3119 cito
3539 3063 3774 3120 evanuit
3807 3081 3819 3120 :
3857 3082 3993 3121 nam
4021 3066 4163 3123 dum
4215 3084 4316 3124 rex
4373 3074 4436 3125 et
4492 3072 4716 3145 regina
4748 3091 4780 3128 a

3100 3153 3352 3224 quodam
3402 3152 3610 3209 clerico
3660 3153 3838 3209 nobili
3876 3154 4018 3220 viro,
4049 3156 4285 3213 nomine
4327 3157 4647 3228 Udalrico,
4681 3163 4778 3235 qui

1416 3249 1584 3302 Anno
1612 3245 1801 3318 primo
1831 3243 1991 3316 regni
2019 3244 2110 3299 sui
2143 3244 2526 3300 Chuonradus
2550 3261 2646 3300 rex
2675 3245 2828 3300 diem
2853 3261 2990 3300 san-
3100 3242 3178 3296 ibi
3203 3248 3340 3297 tunc
3357 3243 3666 3315 episcopus
3685 3244 4420 3315 elfectusest,immensam
4445 3253 4778 3321 pecuniam

1347 3341 1504 3392 ctum
1527 3335 1894 3391 Pentecostes
1921 3333 1980 3388 in
2003 3332 2344 3389 Constantia
2376 3334 2605 3389 civitate
2643 3333 2988 3401 celebravit;
3038 3405 3063 3408 ι
3100 3348 3202 3402 pro
3232 3331 3567 3403 episcopatu
3600 3331 3982 3403 suscipcrent.
4011 3333 4216 3390 Postea
4261 3350 4363 3390 rex
4415 3337 4784 3408 paenitentia

1345 3425 1425 3480 ibi
1457 3422 1932 3495 archiepiscopus
1981 3421 2434 3478 Mediolanensis
2475 3421 2812 3478 Ileribertus
2861 3441 2993 3478 cum
3023 3405 3068 3474 C
3104 3425 3318 3485 motus,
3342 3425 3471 3474 voto
3517 3437 3576 3475 se
3609 3419 3883 3490 obligavit
3930 3438 4033 3493 pro
4062 3421 4262 3495 aliquo
4291 3405 4668 3499 episcopatu
4698 3430 4781 3484 vel

1348 3512 1569 3570 caeteris
1595 3509 1979 3583 optimatibus
2005 3509 2217 3566 Italicis
2241 3508 2358 3580 regi
2389 3511 2754 3578 occurrebat;
2782 3517 2837 3566 et
2866 3513 2995 3567 cﬁ'e-
3103 3509 3336 3565 abbatia
3369 3507 3586 3563 nullam
3620 3508 3927 3578 pecuniam
3959 3509 4217 3582 amplius
4238 3512 4536 3585 accipere,
4575 3516 4644 3573 in
4671 3535 4786 3591 quo

1351 3605 1481 3658 ctus
1501 3603 1588 3656 est
1608 3598 2060 3668 suis,ﬁdemque
2084 3597 2194 3652 sibi
2218 3598 2351 3653 fecit
2373 3614 2475 3668 per
2495 3605 2991 3656 sacramentorum
3101 3604 3232 3655 veta
3261 3615 3406 3670 pene
3434 3597 3576 3653 bene
3608 3597 3956 3669 permansit;
3992 3599 4094 3654 sed
4145 3598 4306 3655 ﬁlius
4346 3603 4485 3672 ejus
4539 3610 4786 3673 tertius,

1352 3691 1410 3744 et
1429 3687 1700 3744 obsidum
1723 3685 1960 3758 pignus,
1985 3689 2051 3740 ut
2078 3686 2310 3756 quando
2332 3685 2548 3741 veniret
2577 3704 2710 3742 cum
2741 3689 2991 3746 exercitu
3103 3685 3543 3758 Heinricus,qui
3585 3690 3784 3758 postea
3815 3703 3912 3742 rex
3941 3692 3998 3743 et
4019 3690 4322 3760 Augustus
4370 3693 4643 3752 effectus
4675 3703 4783 3761 est,

1349 3777 1423 3833 ad
1449 3773 1882 3846 subjiciendum
1905 3771 2290 3846 Italiam,ipse
2311 3791 2444 3829 eum
2469 3775 2836 3847 reciperet,et
2857 3795 2988 3834 cum
3099 3778 3317 3849 Optime
3347 3780 3402 3830 et
3446 3774 3570 3830 sine
3599 3775 3874 3847 scrupulo
3924 3777 4177 3848 patrium
4208 3784 4415 3834 votum
4472 3784 4782 3856 expiavit;

1347 3863 1625 3922 omnibus
1655 3861 1778 3918 suis
1811 3862 1882 3918 ad
1914 3861 2217 3917 dominum
2239 3868 2293 3918 et
2319 3880 2510 3936 regem
2537 3864 2764 3936 publice
2795 3865 2991 3924 lauda—
3099 3865 3236 3938 quia
3269 3865 3323 3919 in
3359 3864 3517 3918 omni
3566 3864 3683 3919 vita
3729 3881 3838 3919 sua
3886 3882 3988 3936 pro
4037 3865 4314 3922 omnibus
4361 3868 4784 3941 dignitatibus

1343 3958 1450 4020 ret,
1484 3951 1802 4024 statimque
1851 3955 2169 4006 coronaret.
2203 3952 2482 4008 Similiter
2528 3953 2733 4026 reliqui
2769 3955 2986 4028 Longo-
3098 3952 3506 4011 ecclesiasticis
3529 3952 3704 4008 unius
3724 3952 3875 4008 oboli
3903 3954 4155 4026 pretium
4179 3971 4296 4012 non
4323 3957 4560 4014 dicitur
4581 3963 4782 4018 adhuc

1336 4042 1505 4100 hardi
1537 4041 1790 4098 fecerant
1835 4044 2069 4113 prepter
2116 4040 2476 4109 Ticinenses,
2505 4043 2603 4114 qui
2635 4047 2691 4097 et
2737 4043 2851 4100 alio
2885 4062 2987 4100 no-
3097 4043 3410 4114 accepisse.
3447 4041 3565 4096 Rex
3611 4057 3745 4096 vero
3791 4041 4178 4099 Chuonradus
4225 4043 4532 4118 colloquio
4592 4051 4784 4122 regali

1334 4131 1493 4188 mine
1522 4129 1838 4203 Papienscs
1888 4133 2192 4196 vocantur,
2224 4145 2475 4201 quorum
2525 4129 2698 4202 legati
2735 4133 2989 4198 aderant,
3096 4133 3292 4190 habite
3324 4130 3580 4196 Basileae,
3605 4135 3663 4186 et
3691 4131 3960 4187 terminis
3990 4133 4340 4205 Burgundize
4367 4134 4536 4192 ultra
4571 4139 4788 4196 volun-

1330 4236 1466 4276 cum
1497 4219 1843 4275 muneribus
1884 4221 1940 4274 et
1971 4217 2196 4285 amicis,
2221 4217 2526 4274 molientes
2560 4224 2624 4274 ut
2655 4235 2847 4292 regem
2882 4239 2984 4294 pro
3095 4227 3269 4278 tatem
3291 4219 3582 4290 Rudolphi
3603 4219 3865 4290 ejusdem
3886 4220 4234 4293 Burgundize
4258 4221 4415 4294 regis
4438 4224 4788 4299 diligenter

1329 4309 1647 4366 offensione
1668 4307 1882 4364 civium
1905 4304 2578 4378 placarent,quanquam
2601 4307 2657 4362 id
2681 4309 2929 4382 adispici
2951 4328 2985 4366 a
3094 4309 3531 4384 prmoccupatis,
3556 4325 3659 4379 per
3711 4307 3976 4364 Rhenum
4029 4326 4216 4382 usque
4259 4313 4607 4372 Saxoniam
4640 4334 4784 4390 per-

1328 4413 1466 4471 rege
1489 4397 1662 4469 juxta
1679 4400 1882 4452 votum
1906 4411 2079 4451 suum
2103 4393 2264 4451 nullo
2289 4395 2462 4451 modo
2482 4394 2754 4452 valerent.
2779 4396 2840 4452 In
2868 4414 2984 4470 qua
3090 4399 3265 4454 venit.
3293 4400 3478 4463 Quare
3499 4400 3693 4450 autem
3718 4395 4008 4468 Rudolphi
4039 4397 4194 4470 regis
4215 4400 4618 4460 meminerim
4654 4407 4785 4463 bre-

1328 4488 1526 4542 autem
1557 4500 1619 4540 re
1665 4482 2034 4547 offenderint,
2084 4483 2334 4538 breviter
2384 4482 2700 4540 absolvam.
2740 4485 2877 4542 Erat
2921 4486 2980 4542 in
3091 4483 3936 4556 viterdicam.lsteRudolphus
3955 4485 4670 4559 rexBurgundizecumin
4689 4511 4786 4550 se-

1325 4573 1557 4630 civitate
1580 4571 1849 4645 Papiensi
1885 4570 2169 4644 palatium
2201 4589 2234 4628 a
2255 4571 2612 4628 Theoderico
2644 4589 2774 4646 rege
2796 4591 2980 4646 quon-
3089 4580 3320 4632 nectute
3342 4591 3450 4631 sua
3466 4589 3707 4646 regnum
3733 4572 3990 4630 molliter
4003 4577 4302 4642 tractaret,
4319 4580 4674 4640 maximam
4700 4585 4789 4640 in-

1325 4663 1462 4719 dam
1485 4663 1638 4718 miro
1658 4677 1830 4734 opere
1856 4659 2177 4729 conditum,
2201 4677 2264 4715 ac
2296 4665 2498 4734 postea
2527 4661 2600 4717 ab
2631 4662 2980 4734 imperatore
3087 4665 3302 4719 vidiam
3324 4663 3479 4734 apud
3511 4663 3801 4734 principes
3832 4661 3992 4735 regni
4015 4663 4106 4718 sui
4133 4680 4519 4738 comparans,
4550 4687 4787 4728 secun-

1323 4751 1535 4808 Ottone
1554 4750 1725 4806 tertio
1747 4749 1927 4807 nimis
1951 4749 2320 4806 adornatum.
2337 4750 2577 4821 Cognito
2603 4755 2797 4806 autem
2817 4752 2977 4808 obitu
3011 4773 3055 4836 D
3087 4753 3226 4808 dum
3251 4751 3581 4807 Heinricum
3611 4749 4044 4822 imperatorem,
4067 4750 4256 4808 ﬁlium
4287 4757 4520 4818 sororis
4547 4775 4690 4817 sue
4723 4763 4784 4816 in

1323 4838 1696 4911 imperatoris
1726 4837 1978 4894 Heinrici
2019 4837 2405 4896 antecesseris
2433 4838 2765 4896 Chuonradi
2799 4841 2974 4913 regis,
3088 4857 3333 4914 regnum
3366 4839 3648 4906 invitavit,
3682 4855 3935 4911 eumque
3963 4844 4098 4910 post
4123 4840 4303 4897 vitam
4335 4859 4521 4900 suam
4567 4865 4784 4922 regem

1321 4929 1389 4982 ut
1417 4943 1546 4982 mos
1577 4931 1666 4982 est
1694 4926 2001 4984 hominum
2035 4943 2270 5000 semper
2298 4927 2356 4983 in
2381 4927 2549 4984 novis
2571 4929 2747 4984 rebus
2773 4928 2980 4986 intem-
3090 4928 3440 5002 Burgundiaa
3465 4927 3808 4999 designavit.
3833 4931 3889 4982 et
3910 4927 4206 5002 principes
4229 4932 4644 5004 regnijurare
4668 4938 4787 4994 sibi

1321 5019 1592 5088 peranter
1622 5033 1684 5073 se
1713 5015 1945 5086 habere,
1973 5017 2171 5073 statim
2201 5015 2511 5089 Papienscs
2542 5016 2872 5074 inconsulto
2905 5019 2975 5075 ad
3089 5019 3239 5074 fecit.
3285 5018 3368 5072 Ad
3427 5033 3605 5089 quam
3663 5033 3784 5072 rem
3839 5019 4371 5075 commendandam
4431 5021 4788 5097 imperator

1319 5103 1614 5161 imbellem
1646 5104 1841 5162 aulam
1874 5109 2132 5160 ruentes.
3085 5106 3390 5162 Heinricus
3444 5104 3734 5160 inﬁnitam
3769 5105 4076 5176 pecuniam
4109 5124 4261 5180 serpe
4309 5112 4372 5165 et
4421 5113 4788 5184 saepissime

1385 5193 1644 5250 Ausibus
1675 5193 1898 5250 illicitis
1927 5194 2224 5264 fregerunt
2256 5194 2470 5250 mmnia
2500 5194 2674 5267 regis.
3082 5193 3468 5268 consumpsit,
3495 5194 3595 5250 sed
3630 5193 3904 5250 defuncto
3925 5194 4278 5267 imperatore
4297 5196 4625 5272 Heinrico,
4665 5204 4788 5260 Ru-

1317 5283 1623 5354 totumque
1656 5280 1941 5354 palatium
1974 5296 2162 5351 usque
2184 5281 2256 5334 ad
2278 5280 2462 5337 imum
2486 5283 2857 5340 fundamenti
2884 5285 2968 5342 la-
3079 5285 3334 5358 dolphus
3354 5301 3453 5340 rex
3475 5284 3770 5356 promissa
3792 5299 3900 5339 sua
3929 5283 4096 5340 irrita
4125 5285 4251 5341 ﬁeri
4283 5286 4495 5346 voluit.
4519 5290 4787 5348 Chaon-

1315 5370 1510 5442 pidem
1540 5370 1844 5439 eruebant,
1864 5383 1935 5422 ne
1967 5367 2283 5439 quisquam
2315 5385 2515 5441 regum
2547 5370 2793 5429 ulterius
2815 5373 2968 5431 infra
3077 5375 3255 5430 radus
3284 5378 3481 5430 autem
3531 5389 3628 5428 rex
3673 5371 3858 5444 magis
3885 5387 4099 5445 augere
4130 5389 4310 5445 quam
4357 5376 4664 5437 minuere
4697 5397 4790 5437 re-

1313 5458 1604 5514 civitatem
1628 5455 1790 5512 illam
1813 5454 2095 5527 palatium
2116 5472 2326 5526 ponere
2343 5457 2708 5516 decrevisset.
2730 5460 2806 5516 Ex
2827 5479 2965 5534 qua.
3074 5480 3150 5537 gn
3166 5480 3263 5518 um
3301 5462 3584 5525 intentus,
3611 5460 3998 5517 antecesseris
4029 5461 4121 5516 sui
4147 5461 4384 5520 labores
4413 5474 4672 5526 metere
4693 5486 4791 5525 vo-

1313 5546 1559 5602 audacia
1578 5544 1680 5600 diu
1702 5559 1916 5614 magna
1939 5543 2329 5600 controversia
2361 5545 2512 5602 inter
2541 5564 2734 5620 regem
2766 5554 2823 5606 et
2855 5551 2958 5606 Pa-
3071 5551 3220 5618 lens,
3243 5550 3531 5607 Basileam
3571 5549 3685 5605 sibi
3718 5549 4072 5622 subjugavit,
4105 5555 4173 5606 ut
4218 5553 4764 5615 animadverteret

1310 5634 1547 5707 pienses
1567 5631 1768 5689 habita
1787 5637 1894 5688 est.
1919 5632 2199 5689 Dicebant
2216 5633 2526 5706 Papienscs
2548 5651 2560 5689 :
2585 5617 2764 5700 Quem
2786 5639 2962 5696 olfen-
3070 5656 3144 5694 an
3174 5617 3272 5694 rex
3295 5636 3480 5694 Rudol
3491 5636 3644 5710 phus
3668 5617 3959 5710 promissa
3983 5617 4332 5696 attenderet.
4359 5644 4531 5708 Quos
4553 5617 4792 5718 postea

1313 5721 2294 5812 dimus?imperatorinostroﬁdem
2313 5728 2372 5779 et
2387 5723 2866 5812 honoremusque
2883 5730 2954 5784 ad
3067 5727 3263 5783 Gisela
3307 5727 3528 5800 regina,
3563 5725 3684 5782 ﬁlia
3729 5726 3947 5784 sororis
3996 5727 4188 5802 ipsius
4219 5729 4380 5805 regis
4415 5731 4788 5812 Rudolphi'

1314 5806 1633 5905 lerminum
1652 5809 1780 5867 vita:
1811 5827 1928 5868 sua:
1958 5810 2345 5880 servavimus;
2375 5827 2492 5883 quo
2515 5811 2954 5882 defuncte,cum
3064 5816 3208 5876 bene
3239 5815 3580 5890 paciﬁcavit.

1345 1831 1484 1884 dam
1510 1829 1581 1884 de
1606 1827 1819 1883 nostris
1847 1827 1907 1882 in
1934 1826 2126 1883 libello
2149 1844 2322 1899 quem
2345 1825 2727 1881 Gallinariam
2749 1825 2988 1887 vocavit,

1345 1923 1541 1990 satyra
1571 1921 1778 1988 quarta
1807 1915 2050 1988 protulit
2081 1916 2236 1971 hunc
2267 1932 2498 1970 versum
2533 1932 2545 1969 :

1469 2022 1820 2072 Chuonradus
1847 2021 2018 2070 Caroli
2046 2023 2239 2083 premit
2269 2021 2570 2068 ascensoria
2601 2021 2738 2082 regis

1469 2085 1684 2134 Talibus
1712 2084 1925 2132 indiciis
1956 2097 2152 2132 nomen
2183 2098 2274 2132 seu
2306 2083 2474 2146 gloria
2501 2083 2656 2145 regis.

1421 2181 1694 2238 Gentium
1743 2179 2005 2252 regiones
2059 2179 2436 2247 transcendit,
2481 2179 2738 2234 marinos
2783 2182 2990 2234 fluctus

1348 2270 1755 2336 transnatavit,
1789 2269 2008 2342 passim
2050 2268 2461 2340 divulgabatur
2506 2269 2687 2323 virtus
2746 2286 2872 2340 qua:
2932 2269 2989 2323 in

1346 2361 1628 2416 exhausto
1659 2358 1850 2430 vigore
1906 2373 2136 2430 semper
2189 2358 2517 2412 emanabat.
2554 2357 2836 2413 Reversus
2897 2375 2991 2412 rex

1345 2451 1415 2506 de
1445 2447 1738 2505 Ribuariis
1769 2448 1841 2502 ad
1872 2445 2181 2502 Saxeniam
2230 2445 2406 2516 venit,
2431 2446 2508 2500 ibi
2551 2446 2736 2518 legem
2785 2447 2989 2501 crude-

1344 2537 1634 2596 lissimam
1663 2538 1982 2604 Saxonum,
2013 2535 2336 2592 secundum
2380 2535 2732 2590 voluntatem
2765 2552 2990 2606 eorum,

1345 2625 1638 2684 constanti
1684 2624 2028 2681 auctoritate
2077 2623 2381 2678 reboravit.
2418 2623 2634 2678 Deinde
2667 2640 2701 2678 a
2731 2623 2993 2678 barbaris

1346 2716 1447 2788 qui
1470 2713 1782 2773 Saxoniam
1821 2711 2120 2784 attingunt
2150 2713 2372 2766 tributa
2413 2712 2670 2784 exigens,
2694 2730 2863 2767 omne
2895 2713 2990 2767 de-

1347 2804 1536 2860 bitum
1558 2801 1754 2858 fiscale
1784 2801 2020 2872 recepit.
2046 2801 2184 2855 Inde
2215 2800 2538 2870 Bajoariam
2567 2806 2624 2856 et
2653 2800 2989 2856 orientalem

1349 2890 1654 2948 Franciam
1697 2887 2114 2962 pertransiens,
2145 2889 2214 2943 ad
2259 2887 2659 2943 Alemanniam
2712 2892 2988 2962 pervenit.

1347 2981 1471 3046 Quo
1501 2977 1774 3045 transitu,
1798 2994 1976 3050 regna
2004 2977 2162 3049 pacis
2194 2977 2404 3034 fcedere
2451 2983 2508 3034 ct
2559 2980 2716 3050 regia
2746 2979 2990 3034 tuitione

1349 3067 1688 3126 ﬁrmissime
1719 3067 2006 3138 cingebat.

1596 3171 1872 3220 euaursn
1901 3171 2008 3210 sex
2041 3172 2159 3211 cum
2192 3171 2370 3210 mus
2401 3157 2738 3211 ριΑέιτΑνιτ.
