4868 6466
722 566 874 628 1233

1056 718 1128 759 DE
1168 718 1436 760 BOLISLAO
1477 719 1623 760 θυαε
1662 719 2021 760 SCLAVORUM.

790 793 1003 849 Eodem
1032 809 1206 859 anno,
1241 809 1414 865 quem
1463 809 1643 865 supra
1688 793 2041 861 notavimus,
2076 792 2361 849 Bolislaus

719 882 1077 955 Sclavigena,
1111 882 1229 937 dux
1258 880 1606 937 Belonorum
1653 881 1909 954 insignia
1937 881 2152 954 regalia
2182 886 2238 936 et
2268 898 2361 937 re-

716 973 878 1046 gium
910 987 1125 1026 nomen
1145 970 1205 1025 in
1227 970 1503 1040 injuriam
1537 970 1690 1043 regis
1721 969 2049 1025 Cbuonradi
2072 968 2181 1027 sibi
2205 975 2362 1042 apta-

712 1062 795 1116 vit
827 1079 840 1117 :
871 1060 1044 1131 cujus
1077 1058 1463 1114 temeritatem
1495 1058 1607 1113 cito
1637 1076 1794 1113 mors
1822 1058 2156 1113 exinanivit.
2180 1057 2360 1114 Filius

715 1154 908 1207 autem
940 1147 1145 1204 Misico
1178 1146 1447 1204 similiter
1467 1145 1699 1202 rebellis
1731 1148 1967 1202 fratrem
2000 1163 2173 1202 suum
2202 1148 2357 1202 Otto-

715 1254 866 1300 ncm,
901 1236 1184 1309 quoniam
1216 1235 1368 1308 regis
1400 1235 1665 1308 partibus
1698 1235 1944 1301 favebat,
1979 1235 2037 1289 in
2071 1234 2357 1289 Ruhniam

711 1324 1071 1399 provinciam
1119 1323 1362 1397 pepulit.
1397 1323 1655 1390 Qualiter
1704 1340 1835 1379 vero
1885 1323 2150 1393 ejusdem
2198 1323 2358 1380 Misi-

712 1416 874 1473 conis
932 1413 1367 1487 protervitatem
1410 1416 1466 1468 et
1513 1412 1820 1484 cujusdam
1880 1410 2132 1467 Udalrici
2191 1412 2357 1468 ducis

711 1504 1002 1561 Bchemize
1034 1502 1340 1575 perfidiam
1372 1518 1469 1557 rex
1511 1500 1893 1556 Cbuonradus
1952 1504 2151 1571 postea
2199 1517 2354 1556 com-

712 1597 990 1667 pesceret,
1022 1592 1084 1646 in
1116 1591 1240 1647 loco
1272 1607 1377 1646 suo
1408 1590 1621 1646 dicam.

753 1700 825 1739 DE
861 1699 1169 1738 INIMICITIA
1209 1697 1378 1735 INTER
1418 1696 1607 1735 REGEM
1646 1696 1712 1734 ET
1750 1695 2054 1733 ERVESTUM
2095 1696 2308 1734 DUCEM.

776 1771 995 1828 Eodem
1028 1775 1313 1841 tempore,
1344 1768 1509 1823 hoste
1555 1767 1714 1840 pacis
1764 1766 1993 1822 diabolo
2049 1768 2355 1834 suadente,

701 1862 985 1917 Ernestus
1010 1859 1131 1914 dux
1160 1855 1534 1923 Alemanniae,
1569 1855 1770 1912 Chuno
1802 1856 1920 1910 dux
1954 1854 2354 1921 Francize,Fri-

703 1950 934 2006 dericus
980 1950 1103 2003 dux
1150 1945 1657 2018 Lotharingorum,
1691 1961 1823 1999 cum
1883 1943 2012 1999 aliis
2063 1942 2354 2016 plerisque

699 2044 902 2094 contra
932 2054 1134 2110 regem
1160 2030 1575 2092 Chuonradum
1609 2038 2050 2102 consenserunt,
2083 2038 2140 2087 et
2169 2032 2355 2088 multa

697 2127 1036 2193 molientes,
1072 2125 1288 2181 multas
1310 2123 1663 2179 munitiones
1695 2122 1993 2177 incassum
2020 2138 2350 2193 praeparan-

693 2222 799 2284 tes,
833 2216 985 2272 nihil
1017 2214 1142 2271 nisi
1172 2213 1561 2269 calamitatem
1594 2211 1848 2266 futuram
1879 2210 2131 2265 assecuti
2165 2213 2304 2265 sunt
2336 2228 2348 2265 :

694 2307 848 2372 Quos
896 2321 1115 2362 omnes
1173 2319 1270 2358 rex
1323 2301 1708 2357 Chuonradus
1768 2300 2210 2372 parvipendens,
2244 2299 2353 2353 iter

694 2412 867 2452 suum
900 2394 959 2450 in
993 2391 1228 2449 Italiam
1261 2407 1395 2446 cum
1421 2389 1604 2462 copiis
1635 2388 1964 2444 destinavit.
1986 2388 2096 2443 Sed
2117 2388 2232 2443 dux
2254 2388 2349 2441 Er-

694 2488 897 2541 nestus
946 2480 1261 2538 humiliter
1308 2479 1416 2535 iter
1465 2479 1593 2548 ejus
1641 2480 1983 2549 prosecutus
2028 2493 2211 2548 usque
2238 2478 2347 2530 Au-

694 2577 928 2646 gustam
957 2571 1027 2626 Vi
1042 2567 1354 2635 ndelicam,
1389 2567 1713 2622 interventu
1755 2564 1958 2621 matris
1989 2582 2105 2620 sum
2139 2563 2346 2636 reginae

693 2666 748 2717 et
774 2661 970 2716 fratris
1003 2658 1102 2714 sui
1153 2656 1404 2713 Heinrici
1456 2655 1646 2711 adhuc
1701 2653 1924 2726 parvuli
1982 2653 2347 2724 aliorumque

694 2750 1062 2823 principum,
1096 2746 1350 2801 multum
1382 2747 1661 2800 renuente
1701 2759 1856 2814 rege,
1886 2742 1978 2796 vix
2010 2741 2065 2795 in
2098 2740 2347 2813 gratiam

692 2841 818 2911 ejus
850 2840 1131 2911 receptus
1162 2838 1268 2890 est.

708 2939 715 2945 ’
826 2944 980 2991 QUOD
1024 2941 1133 2980 REX
1171 2939 1292 2978 CUM
1334 2937 1605 2976 EXERCITU
1648 2937 1703 2973 IN
1743 2936 1970 2974 ITALIAM
2011 2934 2220 2972 REDIIT.

761 3020 930 3074 Anno
963 3010 1392 3070 incarnationis
1421 3007 1633 3063 Christi
1658 3008 1813 3073 1026,
1837 3006 2219 3061 Chuonradus
2250 3021 2349 3060 rex

692 3103 939 3161 consilio
968 3106 1028 3157 et
1064 3098 1338 3172 petitione
1370 3095 1701 3169 principum
1750 3094 1910 3165 regni
1958 3093 2142 3148 tilium
2172 3108 2345 3147 suum

683 3193 1027 3251 Heinricum
1066 3204 1312 3262 puerum
1342 3202 1536 3258 regem
1571 3189 1701 3257 post
1718 3201 1778 3238 se
1806 3180 2348 3255 designavit,illum-

683 3299 795 3355 que
825 3278 1095 3337 Brunoni
1145 3274 1532 3348 Auguslensis
1559 3272 1823 3328 Ecclesiae
1862 3270 2129 3343 episcopo
2162 3270 2218 3324 in
2251 3274 2345 3325 tu-

684 3372 863 3428 telam
895 3364 1376 3431 commendavit;
1410 3366 1467 3418 et
1496 3378 1676 3433 supra
1706 3361 1877 3416 dictis
1920 3359 2189 3415 hostibus
2222 3359 2345 3413 suis

1983 569 2172 632 VI'I‘A
2213 568 2550 634 CONRADI
2591 569 2863 635 SALICI.

3912 600 3925 649 .'
3955 576 4111 646 I234

2389 709 2443 774 Α
2474 705 2612 762 illuc
2643 707 3009 780 confugerat,
3035 706 3169 782 igne
3200 713 3257 766 et
3284 708 3481 785 gladio
3507 712 3714 787 periit;
3745 715 3868 788 agri
3900 717 4105 774 vastati

2471 799 2629 861 sunt,
2661 795 2839 851 vineae
2870 798 3323 869 truncabantur;
3357 801 3576 858 exitum
3608 806 3664 858 et
3692 803 3995 861 introitum
4013 823 4109 863 rex

2472 884 2835 954 prohibebat,
2866 885 3162 957 navigium
3210 889 3472 958 abstulit,
3502 891 3883 949 mercimonia
3905 896 4106 963 vetuit,

2436 1047 2440 1052 ¹
2469 975 2526 1027 et
2556 972 2635 1027 ita
2666 990 2769 1045 per
2798 973 3097 1030 biennium
3147 992 3349 1033 omnes
3378 978 3719 1036 Ticinenses
3749 982 3975 1048 afﬂixit,
4008 983 4109 1039 do-

2470 1077 2575 1116 nec
2603 1061 2960 1134 omnia,qusa
2993 1065 3458 1137 praecepit,omni
3490 1067 3769 1124 dilatione
3790 1072 4112 1144 postposita

2469 1150 2916 1223 compleverant.

2663 1257 2732 1294 DE
2773 1256 3065 1297 SEDITIONE
3102 1259 3232 1305 QU/E
3269 1262 3545 1302 RAVENN£
3583 1264 3754 1303 FACTA
3791 1264 3911 1305 EST.

2539 1328 2753 1383 Eodem
2784 1332 3042 1401 tempore
3081 1348 3178 1386 rex
3222 1332 3604 1391 Chuonradus
3652 1339 3985 1395 Ravennam
4018 1339 4107 1395 in-

2465 1416 2658 1483 travit,
2692 1419 2748 1471 et
2776 1434 2909 1472 cum
2941 1436 3153 1491 magna
3198 1425 3483 1492 potestate
3524 1423 3604 1478 ibi
3644 1425 3921 1498 regnavit.
3954 1427 4104 1490 Qua-

2466 1502 2600 1559 dam
2623 1504 2716 1560 die
2738 1505 2933 1560 miseri
2954 1507 3310 1564 Ravennates
3328 1509 3487 1566 litem
3510 1527 3643 1567 cum
3675 1514 3925 1570 exercitu
3950 1515 4103 1588 regis

2464 1593 2926 1662 commovebant,
2961 1599 3016 1649 et
3046 1595 3104 1649 in
3147 1596 3520 1654 multitudine
3550 1617 3657 1655 sua
3685 1603 3910 1672 confisi,
3943 1620 4102 1660 exer-

2465 1679 2646 1734 citum
2664 1680 2734 1735 de
2750 1680 2978 1737 civitate
3009 1683 3288 1755 expellere
3318 1686 3508 1741 conati
3530 1692 3687 1754 sunt,
3710 1693 3766 1745 et
3784 1707 3887 1762 per
3905 1693 4102 1762 cujus-

2465 1768 2599 1823 dam
2635 1773 2809 1839 portae
2841 1771 3143 1843 angustias
3174 1789 3272 1828 eos
3304 1774 3403 1845 qui
3436 1775 3576 1831 foris
3620 1781 3786 1832 erant
3832 1780 4102 1850 prohibe-

2463 1854 2605 1911 bant
2628 1857 3001 1914 interioribus
3018 1877 3373 1917 succurrere.
3390 1863 3586 1920 Excito
3607 1865 3866 1922 tumultu
3883 1866 4101 1924 bellum

2463 1944 2723 2017 undique
2768 1947 2938 2019 cmpit
2982 1948 3399 2021 ingravescere.
3432 1953 3679 2016 Quidam
3731 1955 3789 2009 in
3831 1955 4103 2014 domibus

2463 2031 2721 2104 hospites
2751 2051 2889 2091 suas
2917 2038 3178 2109 aggressi
3210 2043 3384 2107 sunt;
3417 2039 3516 2095 alii
3549 2041 3608 2096 in
3641 2042 3847 2114 plateis
3878 2062 4104 2118 pugna-

2464 2120 2624 2186 bant,
2649 2120 2745 2176 alii
2779 2128 2976 2194 portas
3007 2125 3372 2193 obsidebant,
3396 2127 3592 2199 plures
3620 2130 3689 2186 de
3706 2131 3913 2202 muris,
3932 2133 4104 2189 multi

2462 2209 2532 2264 de
2566 2209 2826 2267 turribus
2878 2211 3011 2268 altis
3069 2213 3345 2286 ignavum
3393 2216 3657 2288 praelium
3706 2235 3838 2275 cum
3870 2221 4023 2278 saxis
4047 2228 4105 2278 et

2463 2296 2711 2353 sudibus
2732 2300 3171 2355 commiserunt.
3206 2303 3246 2357 E
3279 2307 3479 2360 contra
3507 2305 3807 2363 Teutonici
3837 2310 4018 2366 armis
4046 2315 4103 2366 et

2459 2383 2692 2456 ingenio
2725 2384 3095 2453 reluctantes,
3123 2388 3289 2446 factis
3311 2391 3645 2464 agminibus
3675 2399 3807 2451 ante
3837 2402 3894 2452 et
3923 2401 4096 2466 retro,

2461 2473 2819 2530 Ravennates
2870 2476 3348 2547 circumdabant;
3382 2484 3440 2535 et
3470 2482 3841 2539 saevientibus
3884 2484 4097 2557 gladiis

2456 2561 2608 2616 viam
2640 2562 2711 2617 ad
2745 2561 2989 2618 invicem
3028 2565 3321 2628 facientes,
3357 2585 3455 2624 eos
3493 2569 3591 2640 qui
3625 2570 3855 2627 fuerant
3896 2574 4093 2642 medii,

2459 2654 2722 2705 mortuos
2753 2655 2855 2706 aut
2899 2653 3210 2720 sauciatos,
3241 2655 3327 2709 vel
3382 2656 3666 2728 fugientes
3714 2658 4093 2732 reliquerunt.

2458 2738 2703 2805 Quidam
2762 2756 2957 2796 comes
3015 2743 3249 2798 nomine
3306 2746 3484 2818 Eppo,
3513 2747 3770 2819 optimus
3820 2749 3986 2806 miles
4027 2752 4097 2807 de

2458 2827 2742 2897 Bajoaria,
2777 2846 2909 2884 cum
2967 2831 3198 2886 Panone
3250 2831 3541 2889 civitatem
3590 2835 3807 2905 exiens,
3840 2854 3939 2893 eos
3997 2841 4097 2911 qui

2458 2920 2692 2987 pontem
2725 2919 3138 2988 superstabant
3167 2921 3519 2995 subjugavit,
3546 2928 3603 2978 et
3629 2922 3865 2995 plurimi
3897 2944 4099 2983 eorum

2457 3019 2559 3073 per
2586 3003 2752 3059 illum
2786 3005 2974 3060 solum
3010 3006 3079 3061 de
3112 3012 3283 3078 ponte
3336 3010 3699 3082 praecipitati,
3731 3012 3790 3068 in
3823 3031 3978 3086 aqua
4007 3034 4101 3073 ne-

2456 3092 2566 3145 cati
2592 3096 2748 3147 sunt.
2785 3094 2901 3148 Rex
2930 3111 3061 3149 vero
3092 3095 3496 3166 Chuonradus,
3522 3099 3674 3155 sicut
3694 3105 3818 3157 erat
3847 3102 3906 3157 in
3933 3104 4100 3160 cubi-

2455 3179 2605 3247 culo,
2640 3180 2791 3235 hanc
2843 3182 3189 3238 seditionem
3242 3184 3596 3258 intelligens,
3630 3205 3797 3245 arma
3838 3191 4096 3265 corripit,

2454 3283 2671 3339 equum
2703 3268 2904 3340 poscit,
2939 3275 2995 3324 et
3025 3287 3295 3343 egressus
3325 3272 3539 3330 atrium
3569 3275 3656 3330 uti
3700 3277 3846 3333 vidit
3869 3279 4097 3335 Raven-

2454 3361 2619 3412 nates
2636 3356 2786 3412 bello
2808 3351 2988 3414 victos
3009 3360 3079 3413 ad
3103 3359 3389 3416 Ecclesiae
3408 3363 3739 3436 confugere,
3755 3369 3813 3421 et
3834 3367 4096 3439 undique

683 3459 935 3517 insidias
956 3474 1067 3531 per
1087 3453 1296 3519 ﬁlium,
1313 3428 1372 3507 et
1385 3428 1618 3507 caeteros
1643 3449 1840 3504 ﬁdeles
1860 3465 1999 3504 suos
2027 3447 2337 3521 diligenter
2370 3428 2412 3495 C
2448 3443 2694 3500 latibula
2709 3462 2984 3531 quaerere,
3008 3447 3283 3503 misertus
3305 3466 3502 3505 eorum
3509 3494 3528 3522 ,
3555 3452 3833 3524 quoniam
3853 3469 3922 3509 ex
3938 3459 4085 3512 utra.

680 3563 1012 3621 opponens,
1045 3543 1173 3615 ipse
1202 3557 1331 3596 cum
1362 3538 1612 3595 exercitu
1636 3537 1870 3608 copioso
1890 3536 2114 3591 Italiam
2141 3540 2334 3607 petere

681 3635 892 3708 ccepit;
925 3635 989 3690 in
1021 3648 1142 3704 qua
1171 3627 1549 3701 expeditione,
1583 3643 1763 3699 supra
1818 3626 2009 3681 dictus
2056 3626 2335 3680 Ernestus

680 3725 799 3781 dux
827 3719 1219 3789 Alemannize,
1251 3715 1679 3789 aliquantulum
1726 3713 1844 3785 regi
1876 3713 2138 3768 militans
2166 3713 2333 3767 Cam-

679 3813 1077 3885 pidonensem
1106 3803 1575 3870 abbatiam,licet
1604 3806 1805 3857 contra
1834 3803 1920 3857 fas
1952 3804 2007 3855 et
2028 3802 2130 3871 jus
2159 3803 2335 3867 esset,

680 3901 932 3958 liberam
966 3914 1093 3955 rem
1124 3895 1239 3951 nisi
1270 3892 1586 3949 liberaliter
1629 3890 1860 3958 servire,
1896 3890 1954 3944 in
1990 3888 2333 3945 beneficium

680 3989 907 4062 accepit
936 4005 971 4044 a
1003 4001 1158 4059 rege,
1188 3987 1245 4039 et
1273 3983 1345 4038 ad
1382 3981 1687 4037 tutandam
1736 3978 1984 4051 patriam
2022 3976 2337 4033 honorifice

680 4079 978 4135 remissus
1010 4078 1119 4132 est.

1005 4179 1158 4227 QUOD
1198 4178 1307 4218 REX
1346 4174 1645 4216 PAPIENSES
1683 4172 2026 4213 AFFLIXERI’I‘.

752 4256 879 4311 Rex
909 4254 1220 4325 ingressus
1252 4247 1473 4305 Italiam
1506 4264 1609 4319 per
1625 4244 1915 4300 Veronam
1942 4242 2095 4298 inter
2123 4241 2337 4297 Medio-

680 4343 890 4400 lanum
924 4345 986 4398 et
1017 4338 1280 4411 Papiam,
1313 4333 1606 4392 Vercellas
1636 4333 1811 4399 venit,
1846 4330 2043 4401 ibique
2069 4333 2337 4384 sanctum

679 4432 913 4489 Pascha
944 4426 1280 4486 celebravit.
1315 4426 1377 4480 In
1407 4422 1552 4496 ipsis
1586 4421 1793 4476 diebus
1825 4417 2198 4491 paschalibus
2229 4417 2338 4472 Leo

678 4521 959 4592 ejusdem
979 4515 1231 4574 civitatis
1248 4513 1513 4577 antistes,
1530 4510 1618 4565 vir
1635 4507 1883 4564 multum
1904 4505 2157 4578 sapiens,
2172 4521 2339 4592 mun-

677 4590 827 4666 dum
879 4622 1025 4663 cum
1074 4619 1217 4676 pace
1267 4598 1521 4672 reliquit,
1553 4596 1646 4653 cui
1686 4592 2033 4651 Hardericus
2064 4590 2338 4649 Mediola-

676 4697 888 4754 nensis
931 4692 1255 4751 canonicus
1305 4687 1608 4746 successit.
1647 4686 1764 4740 Rex
1810 4699 1944 4739 vero
1984 4682 2111 4754 jam
2155 4685 2337 4737 totam

678 4800 833 4858 pene
859 4780 1102 4839 Italiam
1133 4779 1369 4852 planam
1418 4792 1537 4832 suae
1581 4771 1784 4829 ditioni
1818 4769 2154 4858 subjugavit
2185 4769 2336 4858 :7Pa-
2369 4791 2416 4857 Ι)

674 4856 957 4943 piensem
977 4867 1207 4935 urbem,
1222 4864 1497 4937 quoniam
1521 4860 1686 4917 valde
1707 4858 1991 4932 pepulosa
2012 4856 2339 4926 fuit,subito

676 4973 897 5031 capere
928 4971 1052 5011 non
1084 4953 1477 5026 potuit;ipsos
1508 4948 1818 5022 Papienses
1851 4947 1911 5001 in
1941 4945 2189 5019 gratiam
2207 4945 2342 5001 reci-

675 5061 818 5120 pere
878 5042 1099 5111 noluit,
1129 5041 1268 5114 quia
1320 5037 1602 5114 palatium
1650 5036 1806 5109 quod
1853 5034 2256 5090 destruxerant
2284 5033 2343 5088 in

672 5133 807 5190 loco
830 5132 941 5188 ubi
976 5131 1155 5203 prius
1175 5130 1363 5185 fuerat
1392 5126 1740 5184 reaadificare
1770 5123 1962 5179 adhuc
2002 5122 2341 5190 renuebant,

672 5222 783 5280 sed
814 5219 1168 5277 defensores
1208 5232 1410 5275 eorum
1453 5213 1829 5270 Adelbertum
1862 5210 2258 5266 marchionem
2289 5213 2347 5265 et

671 5308 1180 5373 Wilhelmum,et
1194 5310 1432 5363 caeteros
1460 5303 1754 5376 principes
1771 5299 2054 5355 iniisdem
2080 5298 2347 5354 terminis

669 5394 1047 5455 mirabiliter
1066 5393 1393 5468 opprimere
1407 5391 1580 5463 capit
1595 5393 1881 5461 'Vcastrum
1894 5404 2096 5443 eorum
2109 5387 2344 5442 nomine

670 5486 907 5543 Urbam
943 5483 1253 5551 desolavit,
1288 5487 1343 5539 et
1372 5481 1544 5554 plura
1593 5479 1710 5534 alia
1764 5475 2003 5534 castella
2051 5480 2107 5530 et
2151 5476 2343 5530 muni-

668 5574 876 5632 tiones
909 5572 1292 5628 ﬁrmissimas
1324 5567 1648 5642 dissipavit.
1667 5568 1746 5622 Ea
1766 5568 2108 5636 tempestate
2128 5565 2345 5636 grande

670 5660 915 5719 malum
952 5659 1177 5715 factum
1206 5666 1294 5715 est
1331 5659 1390 5714 in
1442 5656 1627 5723 Italia,
1661 5658 1897 5727 propter
1946 5653 2347 5708 contentiones

673 5746 1079 5823 Papiensium
1113 5763 1127 5801 :
1164 5747 1358 5803 multae
1410 5762 1611 5801 eorum
1669 5741 1954 5804 Ecclesiae,
1988 5740 2046 5795 in
2099 5741 2343 5797 circuitu

673 5854 822 5899 eum
874 5833 1035 5908 ipsis
1085 5834 1339 5891 castellis
1387 5836 1636 5891 incensae
1666 5834 1824 5898 sunt,
1854 5834 1909 5884 et
1939 5827 2210 5902 populus,
2246 5828 2347 5901 qui

2443 3549 2555 3605 que
2603 3528 2783 3605 parte
2813 3535 2905 3590 sui
2961 3541 3147 3599 erant,
3183 3537 3495 3593 exercitum
3555 3540 3625 3595 de
3681 3542 4090 3613 persecutione

2443 3620 2655 3676 civium
2690 3623 2992 3691 revocavit,
3026 3629 3083 3679 et
3130 3624 3255 3696 ipse
3301 3626 3361 3680 in
3413 3626 3695 3699 palatium
3746 3646 3807 3686 se
3853 3632 4086 3703 recepit.

2443 3710 2609 3765 Mane
2639 3714 2832 3766 autem
2865 3711 3014 3768 facto
3050 3712 3409 3770 Ravennates
3440 3716 3539 3788 qui
3568 3724 3985 3787 remanserant,
4018 3720 4078 3776 in

2444 3798 2629 3854 cilicio
2660 3804 2718 3854 et
2747 3801 2921 3856 nudis
2966 3801 3212 3872 pedibus
3264 3807 3439 3875 atque
3491 3806 3702 3862 exortis
3753 3806 3983 3880 gladiis,
4014 3812 4080 3865 ut

2443 3886 2534 3942 lex
2558 3889 3067 3961 eorumpraecipit,
3098 3890 3266 3947 victis
3295 3892 3541 3962 civibus,
3572 3898 3706 3951 ante
3752 3912 3947 3969 regem
3984 3913 4079 3952 ve-

2446 3977 2692 4043 nientes,
2725 3976 2877 4032 sicut
2906 3978 3029 4049 ipse
3060 3980 3348 4050 praecepit,
3383 3982 3658 4037 omnibus
3689 3984 3878 4039 modis
3908 3984 4080 4040 satis-

2447 4064 2752 4121 faciebant.
2777 4065 2857 4120 Ibi
2880 4082 2974 4120 rex
2994 4065 3378 4123 Cbuonradus
3398 4060 3714 4125 maximam
3746 4071 4084 4131 muniﬁcen-

2445 4153 2586 4208 tiam
2631 4152 2691 4207 in
2736 4152 3051 4224 quemdam
3105 4154 3430 4210 sauciatum
3489 4157 3873 4213 Teutonicum
3924 4175 4085 4215 more

2447 4241 2615 4297 solito
2665 4241 2937 4307 ostendit,
2972 4242 3063 4296 cui
3115 4259 3215 4314 pes
3262 4258 3396 4298 cum
3444 4260 3658 4318 magna
3704 4248 3865 4317 parte
3907 4262 4086 4319 supra

2446 4328 2631 4385 talum
2648 4327 2707 4383 in
2733 4345 2930 4401 pugna
2952 4330 3185 4401 penitus
3208 4330 3673 4401 abscindebatur,
3699 4334 3867 4405 cujus
3887 4350 4086 4392 ocreas

2447 4419 2518 4474 de
2549 4416 2702 4473 corio
2751 4417 2932 4473 factas
2982 4434 3079 4473 rex
3127 4419 3318 4474 afferri
3380 4419 3721 4492 praecipiens
3773 4424 4086 4494 utramque

2448 4505 2708 4562 nummis
2730 4504 2912 4577 jussit
2938 4505 3187 4577 impleri,
3222 4513 3277 4562 et
3307 4523 3484 4579 supra
3512 4508 3821 4580 grabatum
3843 4511 4089 4567 sauciati

2448 4593 2650 4651 militis
2670 4594 2838 4666 juxta
2868 4592 3034 4650 illum
3065 4594 3224 4666 poni.

2553 4700 2661 4739 REX
2702 4699 2957 4738 PROPTER
2994 4699 3255 4738 CALOREM
3295 4701 3354 4740 ΙΝ
3394 4699 3663 4742 ΜΟΝΤΑΝΔ
3702 4701 3977 4743 ΒΕΟΕΒΒῙΤ.

2517 4773 2595 4827 Eo
2626 4776 2883 4843 tempore
2914 4770 3207 4826 maximus
3255 4770 3412 4828 calor
3455 4772 3681 4829 Italiam
3710 4775 3976 4842 vexabat,
4007 4774 4091 4831 ita

2450 4865 2513 4916 ut
2532 4860 2807 4917 animalia
2829 4857 3013 4914 multa
3033 4862 3090 4914 et
3111 4858 3416 4916 hominum
3440 4860 3756 4919 multitudo
3777 4862 3914 4919 inde
3944 4862 4092 4935 peri-

2452 4949 2812 5005 clitarentur.
2849 4948 2966 5002 Rex
3000 4962 3135 5003 vero
3174 4947 3557 5004 Chuonradus
3605 4949 3825 5006 nemini
3854 4950 4090 5017 cedens,

2452 5037 2565 5093 nisi
2598 5036 2705 5093 soli
2747 5041 2859 5091 Deo
2900 5038 2959 5090 et
3005 5033 3295 5091 caloribus
3344 5035 3560 5103 aestuis,
3593 5035 3748 5092 ultra
3796 5036 3951 5093 Atim
3982 5037 4094 5093 ﬂu-

2453 5124 2612 5181 vium
2668 5128 2904 5196 propter
2959 5139 3140 5195 opaca
3190 5122 3316 5179 loca
3364 5129 3422 5179 et
3464 5124 3614 5181 aeris
3662 5124 4004 5198 temperiem
4032 5125 4093 5181 in

2455 5216 2734 5269 montana
2761 5210 3019 5277 secessit,
3045 5209 3241 5283 ibique
3263 5212 3335 5267 ab
3357 5203 3789 5285 archiepiscopo
3818 5212 4097 5269 Mediola-

2456 5300 2623 5357 nensi
2656 5317 2759 5373 per
2783 5300 2930 5355 duos
2959 5315 3191 5354 menses
3215 5303 3271 5354 et
3307 5300 3563 5372 amplius
3594 5300 3849 5374 regalem
3877 5301 4096 5357 victum

2454 5393 2798 5461 sumptuose
2824 5387 3050 5443 habuit.
3083 5386 3227 5442 Hinc
3251 5387 3537 5444 decedens
3565 5393 3825 5462 tempore
3867 5393 4096 5445 autom-

2454 5478 2594 5544 nali,
2648 5476 2872 5531 Italiam
2926 5476 3163 5546 planam
3222 5475 3434 5532 iterum
3492 5494 3830 5551 peragrans,
3880 5474 4097 5531 habitis

2454 5564 2807 5629 consiliis,et
2826 5562 3118 5635 regalibus
3146 5562 3450 5635 colloquiis
3482 5566 3538 5621 in
3571 5562 3910 5638 opportunis
3929 5560 4094 5625 locis,

2454 5659 2629 5726 atque
2675 5650 2918 5707 rebelles
2948 5651 3007 5705 in
3037 5649 3270 5705 vincula
3316 5652 3574 5717 mittens,
3607 5666 3848 5723 regnum
3895 5646 4094 5718 pacifi-

2456 5742 2621 5806 cavit,
2640 5744 2696 5794 et
2727 5738 2810 5794 sic
2842 5743 2987 5810 pert:
3001 5740 3237 5793 ansiens
3269 5755 3455 5809 usque
3486 5741 3556 5796 ad
3589 5735 3900 5794 confinium
3921 5729 4091 5787 Italiae

2457 5835 2514 5887 et
2542 5827 2892 5900 Burgundiaa
2918 5825 3196 5899 pervenit.
