4868 6476
1473 537 1632 607 1285

1477 693 1631 742 QUOD
1662 693 1849 735 LEGATI
1880 694 2167 734 RUDOLPHI
2207 695 2361 734 REGIS
2390 695 2461 732 AD
2491 695 2880 734 CHUONRADL'M
2923 696 3110 734 Ill-26L.“

1968 768 2026 806 ΙΝ
2060 768 2144 806 ῙΤΑ
2153 767 2285 806 LIAM
2317 767 2634 805 VENERUNT.

1553 856 1865 913 Inchoante
1922 873 2074 913 anno
2141 855 2457 911 nativitatis
2527 856 2740 912 Christi
2798 859 2953 923 1027,
3018 875 3115 912 rex

1475 947 1861 1004 Chuonradus
1890 944 1948 1001 in
1982 947 2078 1017 lpo
2110 947 2266 1017 regia
2295 946 2522 1001 civitate
2574 947 2832 1002 Natalem
2881 945 3110 1002 Domini

1475 1034 1783 1093 celebravit
1815 1052 1827 1090 :
1859 1032 1996 1090 illuc
2037 1033 2324 1106 Rudolphi
2373 1034 2526 1104 regis
2561 1035 2908 1107 Burgundia:
2937 1034 3108 1105 legati

1471 1127 1754 1181 venerunt
1781 1123 2182 1195 promittentes
2220 1123 2384 1179 illum
2419 1125 2662 1179 Romam
2696 1130 3006 1180 venturum
3039 1125 3108 1179 ad

1472 1213 1809 1269 electionem
1841 1216 1896 1267 et
1931 1212 2424 1267 consecrationem
2477 1214 2909 1284 imperatoriam
2963 1212 3113 1283 regis

1473 1300 1834 1358 Chuonradi:
1869 1301 2023 1372 quod
2055 1318 2151 1356 rex
2183 1307 2478 1373 gratanter
2508 1303 2819 1373 accepit,et
2851 1302 3113 1356 remissis

1471 1389 1675 1464 legatis
1705 1406 1839 1445 cum
1877 1390 2240 1455 muneribus,
2275 1390 2397 1462 ipse
2447 1391 2667 1445 Padum
2719 1391 3011 1445 transiens
3041 1390 3111 1444 ad

1473 1479 1714 1534 Romam
1734 1479 1969 1533 tendere
1986 1479 2178 1550 erepit.
2198 1478 2450 1534 Veniens
2468 1481 2538 1534 ad
2561 1480 2775 1534 Lucam
2797 1480 3109 1545 civitatem,

1473 1569 1691 1624 invenit
1735 1585 1864 1624 eam
1919 1568 2028 1623 sibi
2083 1569 2385 1623 adversam
2439 1586 2571 1624 cum
2606 1569 2932 1640 Reginhero
2960 1585 3111 1622 mar-

1472 1658 1701 1714 chione.
1730 1657 1814 1712 lbi
1846 1674 1943 1711 rex
1966 1656 2267 1728 paululum
2294 1663 2553 1712 moratus
2586 1663 2714 1728 post
2744 1674 2958 1730 paucos
2989 1656 3112 1711 dies

1475 1746 1768 1803 civitatem
1797 1749 1854 1800 et
1885 1745 2276 1800 marchionem
2307 1747 2362 1800 in
2404 1747 2757 1801 deditionem
2791 1751 3110 1816 acceperat,

1475 1851 1826 1907 omnemque
1852 1835 2125 1890 Tusciam
2153 1835 2260 1889 sibi
2287 1833 2534 1888 breviter
2555 1833 3111 1906 subjugavit,sicque

1471 1923 1888 1996 triumphando
1920 1923 2240 1978 Romanam
2275 1922 2463 1978 visitat
2497 1940 2709 1978 arcem.

1573 2057 1724 2105 QUOD
1763 2056 1874 2095 REX
1911 2055 2295 2094 CHUONRADUS
2344 2055 2518 2094 ROM/E
2557 2057 2881 2094 IMPERATOR
2922 2056 3016 2094 ηδτ

2147 2127 2440 2165 BFFECTL'S.

1549 2229 1734 2302 Igitur
1763 2244 1859 2283 rex
1889 2226 2272 2283 Chuonradus
2307 2227 2547 2280 Romam
2582 2225 2881 2295 ingressus
2913 2226 3112 2278 eodem

1476 2334 1650 2385 anno,
1685 2320 1749 2372 ut
1779 2333 1977 2388 supra,
2005 2315 2062 2370 id
2095 2319 2202 2380 est,
2224 2314 2577 2370 aNativitate
2609 2314 2922 2370 Salvator-is
2959 2316 3112 2378 1037,

1473 2405 1789 2462 indictione
1819 2405 2066 2469 decima,
2098 2421 2131 2460 a
2158 2421 2311 2476 papa
2345 2403 2568 2459 Joanne
2600 2409 2656 2458 et
2687 2403 2972 2457 universis
3006 2403 3112 2456 lto-

1473 2495 1664 2552 manis
1696 2494 1852 2566 regio
1880 2493 2096 2550 honore
2128 2492 2369 2546 mirifice
2393 2496 2656 2562 receptus
2684 2496 2773 2547 est
2805 2508 2817 2544 :
2847 2496 2902 2545 et
2934 2491 2990 2544 in
3025 2489 3115 2544 die

1473 2589 1675 2642 sancto
1707 2582 1962 2648 Paschae,
1995 2581 2098 2653 qui
2129 2598 2194 2636 eo
2226 2598 2379 2636 anno
2410 2598 2485 2634 vn
2520 2580 2642 2635 Kal.
2675 2579 2891 2651 Aprilis
2925 2579 3113 2633 termi-

1475 2673 1745 2738 nabatur,
1779 2688 1814 2726 a
1838 2669 2116 2726 Romanis
2141 2669 2211 2724 ad
2245 2669 2653 2739 imperatorem
2685 2667 3114 2739 elcctus,impe-

1475 2760 1678 2818 rialem
1708 2758 2170 2816 benedictionem
2201 2775 2402 2829 apapa
2433 2757 2710 2828 suscepit,

1545 2850 1740 2906 Casar
1767 2850 1824 2903 et
1854 2849 2150 2919 Augustus
2176 2849 2432 2901 Romano
2463 2847 2698 2900 nomine
2723 2845 2932 2900 dictus.

1474 2955 1623 3024 Quin
1654 2955 1829 3010 etiam
1861 2951 2060 3026 regina
2085 2952 2276 3008 Gisela
2313 2952 2696 3024 imperatricis
2726 2953 3110 3007 consecratio-

1473 3061 1606 3102 nem
1637 3047 1696 3100 et
1726 3059 1934 3099 nomen
1967 3041 2182 3097 ibidem
2215 3041 2452 3112 accepit.
2480 3042 2579 3096 liis
2610 3041 2807 3113 itaque
2843 3041 3108 3112 peractis,

1472 3134 1532 3190 in
1563 3134 1811 3190 duorum
1846 3147 2047 3203 regum
2097 3129 2400 3202 praesentia
2450 3130 2735 3202 ltudolphi
2787 3130 2936 3198 regis
2971 3131 3108 3184 Bur-

1471 3221 1724 3296 gundite,
1751 3225 1809 3277 et
1833 3221 2112 3276 Cnutonis
2138 3219 2288 3291 regis
2319 3220 2659 3290 Anglorum,
2695 3219 2890 3274 divino
2920 3219 3111 3274 ofticio

1469 3311 1654 3379 ﬁnito,
1680 3311 1995 3382 imperator
2015 3310 2266 3364 duorum
2299 3325 2500 3381 regum
2536 3309 2763 3363 medius
2787 3309 2856 3362 ad
2881 3309 3113 3362 cubicu-

1471 3399 1590 3456 lum
1633 3415 1808 3457 suum
1857 3397 2171 3454 honorifice
2229 3398 2442 3452 ductus
2491 3402 2594 3452 est.
2631 3397 2693 3452 In
2727 3396 2870 3468 ipsis
2901 3397 3110 3454 diebus

1468 3487 1842 3562 paschalibus
1889 3485 2042 3541 inter
2089 3486 2382 3540 Romanos
2414 3489 2471 3539 et
2500 3485 2848 3540 Teutonicos
2881 3503 2983 3557 pro
3013 3486 3108 3539 vili

1470 3593 1650 3633 causa
1676 3580 1803 3631 orta
1822 3577 1910 3630 est
1929 3573 2138 3629 seditio
2161 3573 2845 3644 magna.Contendcbant
2869 3573 2984 3628 duo
3008 3591 3108 3644 pro

1475 3663 1630 3720 corio
1644 3661 1812 3718 bovis
1837 3677 1850 3716 :
1876 3677 2126 3732 cumque
2147 3677 2209 3716 se
2233 3659 2473 3714 invicem
2510 3659 2722 3732 pugnis
2751 3661 2966 3716 caedere
2996 3679 3105 3717 cce—

1473 3751 1721 3825 pissent,
1749 3753 1911 3804 totus
1933 3748 2220 3804 exercitus
2250 3747 2614 3820 imperatoris
2635 3753 2960 3804 commotus
2981 3755 3070 3806 est
3095 3768 3107 3806 :

1474 3843 1534 3896 et
1563 3836 1770 3894 armati
1802 3837 2026 3909 equites
2057 3841 2114 3891 et
2144 3835 2383 3908 pedites,
2415 3853 2480 3892 ex
2512 3841 2756 3908 utraque
2777 3845 2936 3908 parte
2967 3855 3108 3893 con-

1469 3930 1770 3993 venerunt,
1794 3924 1872 3981 ibi
1897 3924 2234 3981 interfectus
2265 3929 2352 3979 est
2379 3941 2445 3978 ex
2466 3929 2666 3979 nostra
2689 3928 2848 3996 parte
2871 3926 3104 3997 quidam

1459 4013 1695 4088 juvenis
1725 4012 1960 4070 nomine
1991 4011 2422 4084 Berrengarius,
2452 4011 2608 4066 ﬁlius
2635 4012 3107 4069 Lutoldicomitis

1464 4105 1536 4161 de
1563 4102 1926 4168 Alemannis,
1948 4099 2202 4156 multum
2237 4099 2446 4156 nobilis
2476 4106 2534 4156 et
2563 4099 2876 4156 bellicosus
2907 4103 3104 4158 nimis.

1463 4190 1709 4249 Romani
1729 4191 1831 4246 diu
1853 4189 2192 4246 resistentes
2213 4188 2286 4244 ad
2309 4194 2630 4244 extremum
2654 4189 2782 4244 victi
2809 4190 3105 4262 fugerunt,

1461 4285 1518 4338 et.
1545 4277 2002 4337 innumerabiles
2031 4295 2098 4334 ex
2129 4277 2246 4333 illis
2276 4277 2591 4350 perierunt.
2627 4279 2944 4349 Imperator
2973 4297 3104 4335 vero

1461 4369 1802 4443 przedictum
1819 4369 2117 4440 juvenem,
2142 4366 2418 4438 quoniam
2442 4367 2553 4422 sibi
2587 4365 2838 4422 dilectus
2859 4372 2915 4422 et
2937 4367 3102 4423 fami-

1459 4457 1622 4514 liaris
1637 4457 2018 4528 fuerat,juxta
2041 4455 2337 4515 tumulum
2359 4455 2603 4510 Cmsaris
2625 4455 2850 4510 Ottonis
2874 4455 3103 4528 sepeliri

1460 4545 1752 4620 praecepit.
1783 4544 2016 4600 Postera
2041 4543 2132 4598 die
2164 4543 2429 4609 Romani,
2450 4542 2548 4614 qui
2583 4544 2926 4600 seditionem
2951 4561 3103 4600 com-

1460 4637 1776 4701 moverant,
1809 4637 1943 4690 ante
1970 4633 2377 4704 imperatorem
2409 4632 2727 4701 venientes,
2756 4631 2990 4688 nndatis
3013 4651 3102 4705 pe-

1459 4722 1832 4792 dibus,liberi
1853 4739 1988 4778 cum
2011 4721 2186 4777 nudis
2215 4719 2451 4793 gladiis,
2469 4720 2615 4774 servi
2635 4736 2768 4776 cum
2793 4721 3100 4793 torquibus

1453 4809 1724 4867 vimineis
1753 4810 1908 4866 circa
1934 4803 2356 4880 collum,quasi
2389 4809 2459 4863 ad
2493 4809 2938 4881 suspensionem
2961 4827 3101 4882 pra:-

1455 4899 1664 4974 parati,
1695 4903 1760 4955 ut
1783 4899 2100 4971 imperator
2119 4897 2324 4971 jussit,
2357 4896 2814 4953 satisfaciebant.

1717 5021 1870 5070 QUOD
1912 5018 2234 5061 IMPERATOR
2270 5021 2331 5059 IN
2368 5020 2612 5060 APULIAI
2651 5021 2836 5058 VENIT.

1521 5113 1692 5168 Facta
1721 5111 1901 5184 igitur
1930 5110 2256 5184 paceinter
2312 5109 2605 5166 Romanos
2656 5114 2713 5165 et
2749 5110 3097 5167 Teutonicos

1451 5200 1773 5272 imperator
1801 5199 1862 5254 in
1893 5197 2166 5270 Apuliam
2197 5198 2498 5268 processit,
2529 5202 2584 5253 et
2623 5198 3092 5258 Beneventanum

1447 5294 1507 5344 et
1536 5290 1819 5360 Capuam,
1853 5303 1918 5342 ac
1951 5285 2204 5356 reliquas
2230 5284 2486 5342 civitates
2517 5286 2672 5342 illius
2701 5289 2953 5360 regionis
2990 5306 3092 5346 seu

1447 5375 1503 5431 vi
1535 5375 1656 5431 sive
1681 5373 2013 5429 voluntaria
2038 5373 2328 5428 deditione
2349 5373 2458 5430 sibi
2483 5375 2843 5447 subjugavit;
2876 5383 2931 5432 et
2950 5377 3090 5432 Nor-

1449 5462 1705 5528 mannis,
1735 5460 1834 5533 qui
1866 5461 1936 5516 de
1969 5461 2157 5534 patria
2186 5477 2314 5525 sua,
2359 5461 2553 5516 nescio
2603 5479 2718 5533 qua
2747 5467 3091 5522 necessitate

1449 5548 1756 5622 compulsi,
1787 5547 1846 5604 ia
1878 5548 2147 5622 Apuliam
2181 5549 2597 5616 confluxerant,
2625 5551 2703 5605 ibi
2735 5551 2997 5610 habitare
3029 5554 3091 5610 li-

1449 5637 1696 5694 centiam
1729 5637 1923 5706 dedit;
1956 5644 2012 5694 et
2041 5638 2110 5693 ad
2153 5638 2546 5695 defendendos
2597 5639 2878 5696 terminos
2927 5644 3088 5716 regni

1451 5728 1727 5784 adversus
1757 5728 2083 5783 Graecorum
2115 5727 2422 5795 versutias,
2441 5743 2540 5783 eos
2571 5726 2934 5799 principibus
2966 5733 3088 5788 suis

1446 5813 1807 5873 coadunavit.
1839 5815 2075 5872 Cunctis
2106 5816 2282 5870 rebus
2313 5815 2418 5871 rite
2450 5819 2504 5870 et
2549 5831 2825 5887 prospere
2857 5817 2967 5873 sibi
3001 5837 3089 5876 cc-

2697 543 3082 609 WIPPONlS
3124 544 3643 608 PRESBYTERI.

4671 547 4776 611 1836

3144 681 3196 746 Α
3228 680 3522 746 dentibus,
3552 679 3865 752 imperatur
3915 696 4202 745 reversus,
4233 677 4552 753 prasteriens
4579 679 4774 746 Romam,

3227 768 3435 824 iterum
3474 767 3695 824 Italiam
3729 768 4084 841 pertransiit.

3637 875 3706 912 DE
3743 875 3926 913 TYRAN
3936 875 4008 912 ΝΟ
4044 874 4454 914 THASSELGARO.

3297 946 3372 1000 Eo
3405 950 3661 1017 tempore
3685 952 3806 1000 erat
3841 947 3896 1000 in
3931 946 4095 1002 Italia
4125 947 4366 1019 quidam
4389 951 4642 1020 tyrannus
4662 947 4779 1001 Thas~

3224 1034 3434 1104 selgart
3457 1035 3667 1096 dictus,
3684 1035 3780 1106 qui
3805 1036 3914 1088 sub
3938 1039 4197 1107 tempore
4227 1035 4472 1091 Heinrici
4495 1035 4778 1108 imperatorii

3225 1124 3408 1177 multa
3441 1124 3693 1178 facinora
3725 1123 4022 1179 commisit
4053 1125 4109 1179 in
4145 1109 4462 1197 regno:sed
4485 1141 4577 1197 per
4594 1125 4780 1179 marinos

3225 1230 3486 1266 recessus
3517 1217 3568 1266 et
3603 1211 3746 1268 alias
3780 1213 4317 1285 munitiones,quos
4349 1213 4541 1268 habuit
4566 1211 4690 1268 ultra
4705 1229 4780 1266 mo-

3223 1302 3361 1355 dum
3379 1307 3556 1365 tutas,
3570 1301 3812 1356 Cmsaris
3828 1302 4078 1357 lleinrici
4104 1302 4554 1374 persecutionem
4573 1306 4779 1356 evaserat.

3225 1391 3355 1444 Erat
3397 1389 3550 1444 enim
3604 1390 3813 1444 nobilis
3845 1408 4075 1463 genere,
4105 1391 4476 1464 despicabilis
4503 1390 4556 1445 in
4583 1407 4779 1463 persona,

3222 1479 3410 1549 turpis
3436 1480 3490 1532 in
3525 1479 4073 1550 moribus,magnus
4106 1481 4394 1551 praedator
4419 1479 4783 1534 ecclesiarumet

3223 1567 3550 1621 viduarum.
3585 1567 3746 1622 llnnc
3781 1568 4098 1640 imperator
4126 1568 4508 1624 Chuonradus
4535 1567 4782 1640 diligentis-

3223 1656 3368 1711 sime
3410 1657 3845 1728 insequebatur,
3874 1661 3931 1711 et
3981 1657 4226 1712 insidias
4276 1657 4388 1713 sibi
4436 1661 4559 1713 ante
4599 1661 4647 1711 et
4681 1661 4782 1710 retro

3223 1745 3498 1800 omnibus
3540 1745 3726 1798 modis
3777 1746 4070 1817 opposuit.
4105 1746 4210 1811 Qui
4243 1746 4387 1800 dum
4418 1762 4452 1800 a
4474 1745 4689 1817 quodam
4714 1760 4782 1797 suo

3221 1840 3412 1888 castro
3463 1835 3657 1905 fugere
3713 1834 3885 1889 vellet
3935 1834 3990 1889 in
4035 1833 4212 1901 aliud,
4243 1852 4282 1888 a
4313 1833 4586 1889 militibus
4612 1832 4784 1888 Cesaris

3221 1928 3425 1994 captus
3439 1929 3544 1977 est.
3561 1923 3718 1988 Quod
3737 1923 3875 1978 dum
3902 1923 4133 1978 audiret
4155 1923 4620 1996 imperator,cum
4637 1938 4784 1992 magna

3224 2012 3553 2066 festinantia
3587 2012 3950 2083 prOperabat,
3977 2012 4057 2066 ita
4089 2016 4152 2067 ut
4183 2013 4298 2068 fere
4331 2018 4558 2068 centum
4587 2009 4786 2066 milliaria

3224 2101 3428 2156 Latina
3453 2101 3601 2155 intra
3623 2100 3776 2155 diem
3801 2105 3855 2154 et
3879 2105 4104 2156 noctem
4128 2101 4541 2174 pertransiret:
4571 2099 4784 2171 cogitabat

3223 2190 3400 2255 enim,
3428 2194 3489 2242 ut
3513 2206 3667 2243 more
3691 2187 3880 2251 solito,
3903 2189 4114 2244 iterum
4138 2189 4687 2246 evaderet.\’eniente
4701 2201 4785 2240 vero

3224 2279 3593 2349 imperatore,
3611 2283 4096 2349 prmsentatusest
4119 2278 4200 2333 illi
4228 2279 4356 2350 ipse
4379 2279 4783 2353 tyrannusouem

3225 2385 3356 2420 cum
3408 2367 3644 2431 videret,
3677 2367 3859 2420 fertur
3913 2366 4129 2422 dixisse
4189 2365 4784 2439 imperatoeronnees

3224 2456 3316 2510 hic
3351 2455 3443 2510 illc
3477 2455 3584 2519 leo,
3615 2453 3712 2525 qui
3753 2454 4048 2510 devoravit
4095 2455 4313 2511 bestias
4349 2455 4673 2512 ltaliaa‘tPer
4695 2468 4784 2506 san-

3224 2551 3376 2600 ctam
3403 2560 3633 2598 crucem
3659 2543 3903 2609 Domini,
3923 2544 4057 2598 talis
4081 2543 4168 2599 leo
4192 2552 4306 2600 nbn
4330 2545 4587 2601 comedet
4605 2539 4784 2613 amplius

3225 2634 3292 2687 de
3313 2649 3458 2704 pane
3483 2648 3608 2686 meo
3635 2647 3646 2684 :
3675 2637 3731 2685 et
3752 2631 3859 2686 hoc
3883 2632 4104 2697 dicens,
4121 2632 4320 2688 statim
4349 2634 4572 2688 cunctis
4592 2626 4784 2703 principi-

3223 2723 3332 2776 bus
3349 2721 3504 2791 regni
3520 2720 4458 2794 adjudicantibus,prmcipitillum
4473 2721 4528 2778 in
4541 2716 4785 2794 patibulum

3222 2811 3522 2882 suspendi.
3557 2812 3678 2873 Quo
3712 2826 4018 2880 suspenso,
4054 2827 4154 2882 per
4184 2827 4426 2867 omnem
4458 2810 4605 2866 illam
4632 2805 4787 2881 provin-

3221 2901 3368 2954 ciam
3403 2917 3510 2971 pax
3543 2905 3597 2954 et
3631 2899 3937 2963 securitas,
3971 2898 4071 2953 diu
4104 2897 4359 2955 latentes
4410 2897 4580 2957 simul
4606 2909 4785 2954 emerse-

3222 2994 3377 3042 runt.

3328 3095 3396 3132 DE
3435 3093 3860 3130 (ZONJURATIONE
3898 3093 4264 3138 QUORUMDAM
4303 3091 4722 3135 TEUTONICORUM.

3295 3167 3512 3219 Interea
3542 3169 3804 3218 morante
3838 3164 3892 3218 in
3920 3163 4083 3219 ltalia
4114 3166 4471 3238 imperatore
4492 3165 4629 3238 apud
4650 3164 4792 3218 Teutr»

3222 3255 3402 3317 uicos,
3441 3270 3649 3323 magna
3681 3251 3918 3316 invidia,
3953 3251 4136 3307 multa
4168 3253 4440 3322 consilia,
4465 3248 4792 3310 multzefactio-

3222 3360 3324 3396 nes
3357 3343 3633 3396 adversus
3663 3341 4069 3412 imperatorem
4106 3341 4410 3400 incassum
4437 3343 4727 3415 eruperant.
4754 3335 4793 3390 Ut

3140 3411 3183 3475 θ
3221 3431 3376 3486 enim
3411 3447 3443 3484 a
3474 3431 3799 3485 minoribus
3833 3429 4106 3502 incipiam
4157 3435 4214 3487 et
4261 3432 4331 3486 ad
4390 3433 4630 3504 majores
4657 3439 4790 3501 perve-

3220 3519 3399 3584 niam,
3432 3519 3670 3590 qnidam
3705 3535 3899 3572 comes
3932 3518 3988 3572 in
4019 3518 4246 3588 Suevia,
4279 3519 4470 3576 κνοω·
4509 3518 4792 3576 nominatus.

3217 3609 3375 3663 dives
3399 3607 3453 3663 in
3480 3607 3943 3680 praailiis,potens
3967 3607 4025 3662 in
4047 3608 4248 3677 armis,
4267 3615 4325 3664 et
4343 3609 4539 3665 Bruno
4559 3607 4793 3681 episcopus

3217 3697 3625 3768 Augustensis,
3654 3695 3899 3751 invicem
3955 3697 4338 3770 confligentes
4400 3698 4585 3755 multa
4619 3693 4741 3752 mala
4761 3688 4793 3742 in

3218 3785 3450 3858 praediis
3471 3790 3524 3840 et
3549 3785 3832 3840 incendiis
3855 3786 4112 3840 fecerunt
4135 3786 4192 3840 in
4214 3803 4414 3860 regno.
4440 3787 4521 3843 Ad
4544 3789 4794 3842 extremum

3219 3873 3526 3946 przedictus
3548 3890 3742 3928 comes
3764 3873 3953 3946 ipsam
3979 3880 4302 3947 Augustam
4337 3876 4678 3948 irrumpens,
4706 3885 4797 3924 rra-

3218 3962 3368 4018 rium
3400 3963 3653 4034 episcopi
3683 3962 4118 4033 despoliavit,et
4144 3968 4324 4019 totam
4360 3965 4643 4020 civitatem
4668 3962 4795 4014 vasta

3216 4052 3295 4104 vit
3321 4069 3332 4116 ;
3368 4050 3522 4122 quod
3557 4056 3776 4121 postea,
3799 4055 4040 4122 cogente
4072 4051 4446 4124 imperatore,
4477 4058 4651 4109 totum
4679 4043 4798 4104 resti-

3216 4140 3350 4208 tuit,
3381 4144 3437 4194 et
3467 4140 3738 4210 episcopo
3797 4139 4146 4196 emendavit.
4180 4141 4387 4197 Chuno
4446 4143 4564 4198 dux
4608 4143 4799 4196 ποι·ωᾶ·

3217 4228 3439 4294 tiensis,
3465 4227 3744 4298 patruelis
3772 4227 4162 4300 imperatoris,
4184 4246 4290 4285 nec
4323 4230 4484 4288 (idus
4509 4219 4798 4303 imperat—ori.

3215 4332 3320 4370 nec
3352 4320 3544 4370 tamen
3579 4315 3832 4370 multum
3862 4316 4070 4372 noxius
4099 4316 4468 4385 illi,interim
4500 4318 4709 4391 quietus
4724 4325 4799 4365 ma-

3214 4404 3408 4459 nebat.
3464 4402 3787 4459 Fridericus
3863 4406 3982 4460 dux
4055 4406 4574 4481 Lotbaringorum,
4621 4401 4800 4462 vitricus

3214 4491 3470 4564 praedicti
3527 4491 3824 4573 Cbunonis
3881 4494 4218 4566 imperatori
4276 4496 4634 4553 inimicando
4670 4493 4798 4546 ωοτίε

3214 4581 3446 4653 propria
3491 4586 3818 4652 przeventus
3847 4586 3956 4637 est.
3991 4583 4269 4639 Ernestus
4318 4585 4440 4641 dux
4490 4576 4800 4642 Alemanni!»

3213 4671 3515 4742 privignus
3546 4670 3915 4741 imperatoris
3937 4671 4295 4740 Chuonradi,
4312 4690 4507 4747 nuper
4525 4675 4594 4730 ab
4611 4688 4668 4728 eo
4686 4670 4801 4723 bene“

3134 4777 3179 4841 ο
3213 4759 3356 4813 liciis
3387 4763 3444 4813 et
3476 4759 3820 4814 muneribus
3868 4759 4248 4828 sublimatus,
4282 4762 4596 4820 discedens
4622 4759 4799 4816 iterumi

3211 4846 3524 4919 instigante
3553 4846 3802 4915 diabolo,
3833 4847 4208 4904 rebellionem
4242 4849 4800 4908 moliebatur:etcon-

3209 4935 3339 4991 silio
3361 4936 3751 5008 quorumdam
3775 4936 4027 4992 militum
4052 4954 4318 5006 suorum,
4335 4930 4801 5010 Alsatiamprovin'

3207 5023 3357 5080 ciam
3389 5024 3653 5092 vastavit,
3678 5030 3736 5079 et
3765 5025 4008 5082 castella
4039 5026 4302 5100 Hugonis
4327 5029 4590 5096 comitis,
4613 5024 4699 5099 qui
4719 5019 4800 5074 erat

3206 5113 3677 5183 consanguineus
3700 5112 4088 5185 imperatoris,
4105 5115 4634 5174 desolavit.Deinde
4645 5118 4799 5180 magno

3203 5202 3456 5258 exercitu
3481 5203 3765 5272 juvenum
3797 5202 4055 5272 collecto,
4089 5205 4500 5277 Burgundiam
4531 5201 4742 5262 invasit:
4766 5196 4798 5246 et

3202 5290 3356 5346 ultra
3387 5296 3646 5346 castrum
3688 5291 4062 5361 Solodurum,
4096 5294 4418 5366 quamdam
4469 5292 4711 5352 insulam
4733 5297 4796 5354 εε-

3202 5397 3336 5453 gere
3358 5383 3415 5434 et
3435 5377 3582 5434 vallo
3607 5380 3839 5436 ﬁrmare
3861 5381 4035 5452 cmpit
4057 5398 4070 5448 ;
4103 5383 4204 5437 sed
4230 5383 4588 5456 Rudolphus
4603 5398 4689 5436 rex
4706 5375 4798 5430 Βιιτ·

3202 5468 3567 5541 gundionum
3590 5467 3808 5523 veritus
3836 5467 4062 5524 hostem
4096 5469 4474 5543 imperatoris
4499 5457 4796 5542 νεώρει-ενδ)

3203 5558 3431 5628 incepto
3465 5555 3632 5610 illum
3665 5555 3981 5628 prohibuit.
4007 5557 4146 5614 Inde
4179 5576 4451 5616 reversus
4484 5574 4658 5631 supra
4679 5547 4797 5609 Turi-

3200 5662 3335 5702 cum
3367 5644 3660 5716 quoddam
3706 5649 3965 5700 castrum
3997 5647 4267 5716 munivit,
4291 5652 4346 5704 et
4375 5648 4716 5722 Augiensem
4739 5650 4795 5689 εθ-

3199 5734 3436 5790 clesiam
3473 5750 3578 5788 nec
3611 5750 3722 5787 non
3758 5733 4051 5790 abbatiam
4081 5736 4140 5791 S.
4174 5735 4322 5792 Galli
4351 5737 4612 5792 nimium
4641 5733 4798 5788 distra-

3199 5823 3412 5891 hendo,
3446 5838 3562 5878 non
3595 5822 3883 5879 mediocre
3931 5823 4215 5880 damnum
4255 5824 4462 5898 patria:
4495 5822 4684 5882 intulit
4712 5813 4796 5872 :sif

3143 2047 3187 2110 Β
