4868 6452
704 588 730 651 l
742 589 852 652 231

1950 588 2133 652 Vl'l‘A
2173 587 2510 654 CONRADI
2552 591 2827 657 SALICI.

3926 596 4081 667 H88

701 721 1030 796 posthabita
1055 720 1182 794 lege
1228 726 1286 778 et
1323 720 1559 795 justitia
1607 736 1792 795 usque
1843 724 1914 779 ad
1967 722 2334 797 imperatoris
2363 724 2417 791 Α
2445 727 2577 782 tuit.
2611 728 2789 784 Paulo
2818 733 2951 802 post
2992 730 3277 789 Adalbero
3323 732 3441 790 dux
3486 732 3930 803 Histrianorum,
3964 737 4082 796 sive

701 811 946 868 reditum
977 810 1197 884 iniquis
1227 811 1529 868 conatibus
1558 811 1880 869 insistebat.

890 925 989 964 UBI
1028 926 1146 965 DUX
1183 926 1474 978 ERNESTUS
1512 927 1577 966 SE
1624 928 1812 967 DENUO
1851 929 2137 968 REDDIDIT.

768 998 909 1054 Pace
956 1014 1060 1069 per
1104 1001 1285 1053 totam
1344 997 1569 1054 Italiam
1629 999 1990 1065 conﬁrmata,
2021 1000 2336 1073 imperator

696 1085 1079 1142 Chuonradus
1108 1101 1383 1157 prospero
1414 1086 1603 1141 reditu
1628 1086 1686 1142 in
1717 1085 2120 1143 Alemanniam
2143 1089 2330 1157 venit;

696 1179 753 1230 et
781 1174 837 1230 in
866 1177 1133 1247 Augusta
1160 1173 1459 1230 Vindelica
1487 1174 1839 1248 colloquium
1883 1178 2166 1233 familiare
2197 1195 2331 1234 cum

696 1263 815 1319 suis
839 1262 1109 1319 ﬁdelibus
1137 1263 1439 1330 tenens,de
1460 1264 1854 1336 proditoribus
1872 1265 2067 1338 patriae
2085 1271 2333 1337 tractare

695 1351 894 1423 coepit;
928 1352 1065 1408 inde
1095 1352 1166 1407 ad
1207 1350 1484 1424 oppldum
1535 1353 1689 1425 quod
1738 1353 1909 1409 Ulma
1954 1359 2192 1411 vocatur
2234 1373 2331 1412 ve-

693 1438 874 1507 niens,
909 1439 1268 1513 colloquium
1300 1440 1527 1513 publice
1559 1442 1892 1497 condictum
1933 1442 2053 1498 illic
2101 1444 2327 1501 habuit.

692 1527 810 1584 Huc
839 1529 957 1585 dux
986 1530 1266 1585 Ernestus
1295 1546 1409 1585 non
1440 1533 1571 1585 voto
1602 1530 1867 1602 supplice
1892 1531 2330 1597 venit,conﬁsus

690 1616 942 1673 militum
976 1617 1370 1685 multitudine,
1405 1635 1553 1690 quos
1588 1620 1838 1690 optimos
1888 1619 2114 1686 habuit,
2148 1625 2213 1675 ut
2243 1621 2329 1676 vel

690 1707 1009 1762 secundum
1043 1706 1277 1762 libitum
1311 1724 1442 1762 cum
1475 1708 1695 1763 Caesare
1721 1723 1783 1763 se
1809 1713 2058 1779 pacarct,
2078 1708 2162 1764 vel
2196 1709 2330 1766 inde

689 1812 789 1868 per
803 1799 1152 1868 potestatem
1173 1795 1417 1864 rediret;
1438 1800 1495 1850 et
1511 1795 1708 1851 habito
1725 1795 2012 1868 colloquio
2031 1814 2162 1852 cum
2182 1798 2327 1864 suis,

688 1883 943 1954 primum
960 1884 1193 1940 monuit
1208 1901 1307 1940 eos
1325 1884 1455 1939 ﬁdei
1473 1884 1973 1940 sacramentaliter
1993 1886 2326 1957 promissae;

687 1971 894 2028 dehinc
925 1972 1273 2029 hortabatur
1293 1989 1391 2028 eos
1414 1989 1484 2028 ne
1507 1971 1670 2028 illum
1694 1974 2121 2041 desererent,ne
2148 1975 2327 2030 hono-

685 2077 805 2118 rem
837 2078 1014 2117 suum
1045 2062 1370 2134 perderent,
1405 2078 1519 2117 non
1558 2062 1760 2117 decere
1807 2078 1906 2117 eos
1954 2062 2326 2119 immemores

685 2149 823 2220 fore,
849 2149 909 2207 in
939 2149 1207 2207 historiis
1240 2154 1493 2222 patrum,
1528 2166 1759 2222 semper
1784 2149 2132 2207 Alemannos
2162 2152 2325 2207 bona:

685 2238 811 2295 ﬁdei
838 2244 894 2295 et
924 2238 1266 2295 stabilitatis
1298 2237 1356 2294 in
1378 2238 1645 2294 dominos
1662 2238 2061 2294 testimonium
2080 2239 2324 2308 habere;

672 2330 734 2381 et
761 2327 870 2383 sibi
904 2328 1005 2383 ﬁdi
1044 2328 1251 2393 forent,
1285 2325 1403 2381 illis
1430 2327 1669 2398 praamia
1698 2326 1946 2399 posteris
1977 2344 2179 2383 eorum
2210 2327 2329 2400 glo-

679 2416 820 2471 riam
853 2420 910 2472 et
938 2417 1227 2472 honorem
1268 2432 1395 2471 esse
1445 2416 1726 2471 futurum.
1762 2415 1924 2471 Talia
1968 2416 2180 2472 dicenti
2211 2418 2325 2472 duo

679 2503 1283 2573 comites,Fridericus
1311 2507 1367 2559 et
1394 2503 1704 2558 Anselmus
1725 2521 1828 2576 pro
1850 2504 2071 2561 caeteris
2092 2522 2327 2577 respon-

681 2594 890 2649 debant
918 2593 1034 2649 hoc
1068 2592 1239 2648 modo
1264 2609 1277 2648 :
1302 2591 1586 2648 Nolumus
1609 2592 1854 2647 inﬁciari
1877 2593 2017 2665 quin
2040 2594 2203 2650 vobis
2229 2595 2324 2650 ﬁr-

681 2682 847 2738 miter
892 2681 1377 2754 promitteremus
1432 2685 1630 2735 contra
1686 2698 1909 2748 omnes,
1938 2687 2143 2754 praeter
2190 2700 2323 2738 eum

680 2771 776 2842 qui
808 2789 914 2828 nos
942 2769 1114 2827 vobis
1143 2769 1305 2824 dedit
1337 2787 1349 2825 :
1378 2768 1426 2824 si
1459 2769 1607 2825 servi
1640 2785 1903 2825 essemus
1946 2771 2098 2843 regis
2129 2774 2184 2826 et
2211 2771 2324 2825 im-

681 2861 960 2931 peratoris
989 2858 1263 2923 nostri,et
1293 2858 1364 2913 ab
1396 2873 1462 2913 eo
1482 2857 1605 2928 juri
1635 2862 1825 2913 vestro
1852 2859 2186 2931 mancipati,
2207 2876 2322 2915 non

681 2948 844 3005 nobis
873 2948 1075 3004 liceret
1099 2963 1133 3002 a
1154 2946 1320 3002 vobis
1351 2946 1799 3018 separari.Nunc
1830 2963 1961 3003 vero
1991 2964 2124 3002 cum
2157 2947 2322 3004 liberi

679 3037 854 3093 simul
884 3042 943 3092 et
991 3035 1284 3092 libertatis
1334 3039 1541 3090 nostra:
1586 3051 1885 3089 summum
1932 3036 2318 3104 defensorem,

676 3125 892 3182 interea
924 3141 1125 3198 regem
1157 3129 1214 3179 et
1243 3124 1650 3195 imperatorem
1685 3130 1949 3178 nostrum
1975 3123 2318 3192 habeamus,

675 3214 771 3268 ubi
801 3213 967 3269 illum
1003 3211 1355 3279 deserimus,
1390 3210 1715 3266 libertatem
1764 3211 2110 3277 amittimus,
2140 3229 2317 3283 quam

675 3319 844 3359 nemo
874 3303 1090 3365 bonus,
1120 3304 1184 3355 ut
1212 3300 1296 3355 ait
1342 3299 1602 3372 quidam,
1637 3299 1747 3354 nisi
1796 3316 1930 3355 cum
1978 3300 2098 3355 vita
2143 3300 2318 3356 simul

675 3390 903 3447 amittit.
934 3390 1103 3457 Quod
1134 3405 1267 3444 cum
1296 3387 1376 3442 ita
1405 3387 1500 3454 sit,
1536 3386 1818 3459 quidquid
1851 3388 2078 3444 honesti
2103 3389 2317 3460 etjusti

2443 816 2913 902 Carintanorum2
2946 835 3079 877 reus
3111 822 3453 893 majestatis,
3492 823 3673 879 victus
3719 824 3790 879 ab
3836 823 4082 898 impera-

2442 908 2584 973 tore,
2613 923 2746 962 cum
2780 906 2917 964 ﬁliis
2946 909 3070 965 suis
3100 909 3398 966 exsulatus
3428 916 3535 977 est,
3560 916 3618 967 et
3649 913 3926 969 ducatum
3958 915 4085 986 ejus

2432 993 2555 1050 .iste
2587 995 2823 1051 Chuono
2854 997 2925 1052 ab
2959 996 3306 1069 imperatore
3354 1000 3614 1073 suscepit
3647 1016 3660 1055 :
3690 1017 3863 1073 quem
3913 1002 4087 1058 duca-

2443 1086 2566 1137 tum
2595 1087 2756 1155 pater
2774 1085 3035 1155 ejusdem
3058 1086 3391 1144 Chuononis
3413 1089 3637 1144 dudum
3661 1088 3939 1146 habuisse
3962 1107 4087 1162 per-

2441 1170 2788 1228 hibetur.lta
2817 1174 2934 1229 dux
2963 1173 3201 1231 Chuono
3233 1176 3386 1232 ﬁdus
3416 1181 3473 1232 et
3503 1177 3649 1234 bene
3681 1177 3944 1235 militans
3973 1178 4084 1235 im-

2442 1259 2690 1331 peratori
2722 1265 2779 1316 et
2808 1260 2927 1317 ﬁlio
2957 1279 3062 1318 suo
3089 1262 3352 1320 Heinrico
3380 1264 3833 1338 regi,quousque
3854 1267 4080 1336 vixerit,

2440 1349 2782 1419 permansit.

2651 1455 2721 1493 DE
2758 1455 3065 1495 LEGATIONE
3100 1457 3350 1497 EPISCOPI
3398 1459 3861 1501 ARGFNTINENSIS.

2510 1525 2724 1582 Eodem
2755 1531 3014 1599 tempore
3046 1528 3447 1586 Werinharius
3475 1532 3801 1604 Argentinaa
3824 1532 4077 1591 civitatis

2439 1612 2765 1687 episcopus,
2787 1617 2859 1671 ab
2886 1617 3230 1689 imperatore
3259 1617 3484 1691 legatus
3515 1620 4075 1695 Constantinopolim

2438 1703 2708 1760 mittitur.
2743 1704 2851 1771 Qui
2882 1706 3021 1760 dum
3068 1723 3246 1762 causa
3292 1708 3573 1764 orationis
3617 1709 4077 1783 Hierosolymam

2439 1808 2675 1864 pergere
2705 1810 2766 1848 se
2799 1794 3060 1867 ﬁngeret,
3096 1799 3158 1849 ut
3194 1796 3545 1867 putavimus,
3571 1798 3794 1868 judicio
3823 1798 4076 1867 Domini,

2439 1896 2610 1950 quem
2645 1879 2841 1938 fallere
2889 1900 3059 1938 nemo
3099 1883 3332 1949 valebit,
3364 1885 3710 1941 mirabiliter
3747 1885 4080 1958 prohibitus

2437 1970 2699 2024 est.Nam
2729 1971 2871 2026 dum
2896 1988 3173 2044 magnum
3198 1974 3537 2029 comitatum
3563 1974 4080 2047 hominum,majo-

2439 2073 2559 2113 rem
2592 2076 2822 2131 quoque
2853 2063 3150 2115 mutorum
3179 2061 4076 2147 animalium,equorum,boum,

2436 2146 2651 2214 ovium,
2702 2164 3032 2219 porcorum,
3082 2148 3416 2221 multasque
3473 2149 3713 2207 delicias
3769 2150 4074 2207 seculares

2436 2236 2588 2292 ultra
2637 2237 2874 2292 modum
2921 2253 3119 2293 secum
3169 2238 3460 2304 educeret,
3492 2238 3832 2311 perveniens
3868 2239 3929 2294 in
3959 2239 4076 2295 Un-

2434 2324 2678 2398 gariam,
2707 2342 2740 2380 a
2768 2341 2900 2398 rege
2927 2325 3218 2397 Stephano
3263 2326 3620 2382 contradicta
3665 2330 3754 2384 est
3799 2327 3911 2384 sibi
3958 2328 4072 2399 via,

2437 2414 2588 2485 quod
2623 2431 2688 2469 eo
2719 2417 2979 2486 tempore
3009 2412 3155 2469 nulli
3209 2418 3505 2470 aratorum
3555 2415 3782 2471 accidit.
3817 2416 3956 2471 Inde
3986 2432 4073 2471 re-

2434 2520 2637 2559 versus
2665 2519 2765 2574 per
2794 2501 3117 2572 Bajoariam
3149 2518 3282 2558 cum
3309 2501 3469 2558 omni
3500 2503 3779 2560 comitatu
3812 2520 3917 2559 suo
3948 2520 4073 2575 per-

2434 2608 2578 2665 gens
2610 2590 2833 2646 ltaliam
2866 2591 3131 2658 intravit;
3164 2595 3220 2646 et
3250 2590 3500 2647 multum
3531 2591 3684 2648 circa
3720 2592 3866 2647 ﬁnes
3894 2591 4070 2648 Vero-

2436 2698 2521 2736 nae
2552 2680 3077 2743 moratus,tandem
3108 2695 3242 2734 cum
3270 2679 3523 2735 maximo
3554 2679 3751 2736 labore
3772 2695 3877 2751 per
3892 2680 4073 2736 Vene-

2434 2769 2578 2825 tiam
2610 2786 2768 2824 mare
2799 2767 3157 2824 Adriaticum
3205 2768 3527 2841 ingressus,
3559 2767 3785 2841 navigio
3834 2767 4072 2824 calami-

2433 2863 2558 2914 toso
2591 2856 3147 2929 Constantinopolim
3179 2856 3437 2929 pervenit
3469 2875 3481 2913 :
3511 2873 3763 2929 cumque
3793 2857 3863 2912 ab
3896 2856 4075 2929 impe-
4162 2846 4165 2849 ’

2432 2951 2620 3002 ratore
2651 2947 2980 3003 Graecorum
3011 2945 3320 3002 honoriﬁce
3341 2949 3651 3017 susceptus
3668 2948 4073 3012 esset,secum-

2431 3052 2543 3107 que
2599 3036 2743 3091 satis
2796 3033 3158 3090 familiariter
3222 3038 3681 3094 conversaretur.
3742 3032 4070 3089 desiderare

2430 3124 2597 3195 coepit
2628 3128 2693 3178 ut
2717 3121 3084 3195 imperatoris
3112 3122 3325 3177 auxilio
3355 3121 3812 3195 Hierosolymam
3843 3122 4065 3178 adiret:

2428 3230 2542 3285 quo
2570 3212 2875 3277 desiderio,
2909 3228 3138 3282 semper
3166 3210 3362 3283 aliqua
3392 3227 3452 3265 re
3484 3209 3882 3277 interdicente,
3912 3227 4061 3265 nun-

2426 3318 2603 3373 quam
2630 3299 2799 3372 potiri
2848 3297 3109 3354 invaluit.
3142 3298 3417 3369 Sequenti
3449 3314 3579 3353 vero
3608 3302 3866 3371 tempore
3894 3296 4059 3366 obiit,

2427 3393 2484 3445 et
2514 3388 2775 3461 sepultus
2802 3392 2891 3443 est
2920 3388 2978 3442 in
3009 3387 3213 3442 eadem
3248 3386 3473 3451 urbe,et
3501 3385 3899 3458 episc0patum
3932 3386 4061 3457 ejus

675 3495 707 3534 a
733 3479 900 3535 nobis
932 3497 961 3535 r
998 3476 1255 3551 quiritis,
1289 3475 1349 3530 in
1394 3475 1502 3531 hoc
1548 3492 1749 3547 parere
1795 3474 2065 3532 volumus
2106 3477 2268 3534 vobis
2301 3496 2314 3534 :
2349 3451 2391 3518 (δ
2428 3476 2777 3534 Wilhelmus
2806 3474 3245 3547 Argentinensis
3267 3472 3580 3530 canonicus
3602 3472 4063 3545 suacepit.Lega—

674 3568 721 3623 si
747 3572 945 3625 autem
976 3570 1184 3623 contra
1208 3565 1317 3620 hoc
1344 3563 1539 3632 vultis,
1563 3562 1702 3619 illuc
1735 3571 2087 3621 revertemur
2114 3566 2320 3623 libera-

672 3654 988 3725 liter,unde
1019 3655 1093 3710 ad
1124 3670 1226 3709 vos
1257 3652 1524 3708 venimus
1566 3652 2049 3710 conditionaliter.
2083 3655 2184 3710 His
2215 3673 2318 3711 au-

670 3745 829 3811 ditis,
862 3747 1005 3812 dux,
1040 3761 1175 3799 cum
1210 3759 1272 3798 se
1302 3740 1676 3798 intellexisset
1706 3758 1740 3797 a
1770 3742 1895 3811 suis
1925 3742 2160 3807 dimitti,
2195 3743 2319 3799 sine

672 3834 830 3889 omni
862 3833 1135 3906 pactione
1165 3829 1497 3902 imperatori
1529 3846 1655 3885 sese
1686 3829 1911 3885 reddit:
1937 3848 2109 3903 quem
2132 3831 2321 3887 Caesar

669 3920 727 3976 in
761 3922 1083 3979 Saxoniam
1114 3918 1364 3975 exsulari
1400 3917 1532 3973 fecit
1567 3934 1742 3990 super
1767 3918 2084 3990 quamdam
2116 3937 2319 3992 rupem

671 4026 796 4081 qua:
825 4007 1270 4067 Gibicheustein
1323 4006 1559 4071 dicitur,
1590 4011 1656 4061 ut
1686 4005 1783 4061 ubi
1817 4006 2137 4079 castigatus
2167 4025 2197 4063 a
2231 4025 2317 4064 re-

668 4098 919 4155 bellione
951 4096 1203 4153 ulterius
1231 4095 1539 4151 desineret.

756 4215 903 4260 QUOD
944 4213 1060 4253 REX
1098 4210 1450 4252 BUﬂGUNDIE
1486 4210 1831 4249 IMPERATORI
1872 4210 2238 4249 OCCURREBAT

1371 4281 1633 4320 BASILE/E.

738 4358 1070 4430 Imperator
1100 4353 1495 4427 pertransiens
1522 4352 2196 4419 Alemanniam,cunctos
2220 4353 2321 4425 qui

667 4445 779 4500 sibi
810 4443 1063 4501 rebelles
1095 4444 1344 4509 fuerant,
1376 4440 1435 4497 in
1467 4441 1821 4498 deditionem
1851 4442 2086 4513 recepit,
2106 4447 2161 4497 et
2192 4459 2320 4497 mu-

668 4533 957 4589 nitionem
991 4518 1197 4588 eorum
1247 4528 1488 4602 dejecit;
1522 4533 1579 4585 et
1624 4528 1966 4601 perveniens
2011 4546 2199 4601 usque
2247 4531 2319 4585 ad

668 4617 1374 4690 Basileam,Rudolphum
1396 4634 1585 4690 regem
1612 4616 1960 4688 Burgundia:
1982 4616 2317 4689 alloquitur,

667 4711 768 4781 qui
804 4709 925 4765 illic
959 4708 1075 4764 sibi
1109 4706 1468 4774 occurrebat,
1492 4710 1652 4761 extra
1683 4706 1910 4773 urbem,
1935 4706 2103 4776 juxta
2130 4705 2321 4761 vicum

2426 3567 2602 3622 tionis
2632 3569 2828 3621 tamen
2859 3580 3097 3620 causam
3130 3566 3330 3635 postea
3376 3562 3692 3636 imperator
3733 3562 4063 3618 Graecorum

2427 3656 2619 3713 aureis
2650 3655 2859 3710 litteris
2890 3653 3224 3725 imperatori
3254 3652 3598 3708 Chuonrado
3638 3649 3956 3724 rescripsit.

2428 3780 2580 3827 QUOD
2638 3778 2965 3817 IMPERATOR
3024 3777 3222 3815 FILIUM
3281 3776 3443 3815 SUUM
3508 3775 3808 3814 HENRICUM
3875 3774 4067 3813 REGEM

2965 3848 3250 3886 CONSECRA
3258 3847 3313 3885 R1
3353 3847 3528 3885 FECIT.

2499 3924 2664 3977 Anno
2729 3919 2956 3975 Domini
3028 3920 3185 3985 1028,
3248 3918 3563 3974 indictione
3619 3935 3697 3987 χι,
3756 3917 4073 3990 imperator

2427 4010 2811 4067 Chuonradus
2839 4008 3026 4063 ﬁlium
3058 4024 3232 4063 suum
3265 4006 3601 4062 Heinrieum
3633 4004 3831 4079 magni
3852 4003 4071 4076 ingenii

2428 4102 2485 4153 et
2510 4098 2671 4152 honre
2698 4095 2910 4151 indolis
2942 4111 3187 4165 puerum
3218 4097 3382 4149 zetate
3403 4110 3458 4148 χι
3484 4090 4070 4164 annorum,priucipi—

2431 4187 2539 4242 bus
2572 4183 2733 4256 regni
2764 4199 2898 4238 cum
2927 4186 3048 4237 tota
3078 4180 3454 4237 multitudine
3477 4178 3676 4251 populi
3698 4179 3755 4235 id
3777 4178 4068 4251 probanti-

2431 4274 2602 4333 bus.a
2629 4270 2924 4343 Pelegrino
2943 4269 3373 4342 archiepiscopo
3390 4267 3717 4324 Coloniensi
3736 4267 3793 4323 in
3811 4266 4065 4339 regalem

2430 4362 2653 4434 apicem
2672 4359 2824 4431 apud
2841 4355 3190 4430 Aquisgrani
3207 4354 3487 4428 palatium
3506 4353 3811 4411 sublimari
3833 4354 4064 4411 fecerat.

2429 4452 2592 4506 Tunc
2623 4449 2681 4503 in
2712 4446 3017 4520 principali
3047 4443 3348 4501 Dominica
3368 4443 3599 4500 Paschaa
3620 4446 3992 4500 consecratus
4012 4446 4069 4499 et

2430 4534 3095 4608 coronatus,paschalem
3130 4532 3391 4589 laetitiam
3421 4532 3902 4605 triplicavit.Nam
3924 4532 4067 4589 dum

2429 4628 2487 4683 in
2520 4623 2919 4699 superioribus
2946 4622 3118 4678 annis
3161 4622 3309 4677 duas
3358 4637 3622 4689 coronas,
3655 4620 3712 4676 id
3744 4623 3853 4687 est,
3886 4619 4068 4693 patris

2429 4720 2487 4773 et
2528 4713 2733 4771 matris
2788 4730 2905 4768 suae
2958 4711 3216 4767 mundus
3270 4714 3661 4779 veneraretur,
3696 4725 3853 4765 nunc
3898 4707 4072 4765 tertia

666 4797 767 4870 qui
803 4796 1099 4853 Mitthena
1128 4794 1345 4851 dicitur
1368 4810 1381 4849 :
1406 4797 1463 4851 et
1493 4792 1691 4849 habito
1720 4793 1989 4849 familiari
2013 4793 2321 4866 colloquio,
2353 4818 2400 4882 D
2432 4804 2653 4861 addita.

663 4886 999 4958 imperator
1029 4900 1219 4957 regem
1255 4900 1455 4940 secum
1477 4882 1642 4938 duxit
1661 4882 1720 4937 in
1744 4882 2327 4939 urbem.Conﬁrmata

664 4974 819 5032 inter
848 4991 955 5030 eos
990 4971 1352 5045 pace,Gisela
1381 4971 1745 5043 imperatrice
1773 4972 1893 5027 haac
1922 4970 2119 5027 omnia
2138 4971 2324 5027 medi-

661 5067 849 5131 tante,
885 5078 1188 5135 reganue
1214 5059 1562 5133 Burgundia:
1593 5059 1930 5133 imperatori
1961 5060 2197 5125 tradito,
2229 5077 2325 5116 eo-

662 5151 799 5206 dem
827 5154 1009 5223 pacto
1058 5148 1557 5221 quemadmodum
1606 5147 1768 5220 prius
1818 5148 2169 5204 antecessori
2218 5165 2324 5205 suo

661 5239 944 5295 Heinrico
980 5237 1319 5310 imperatori
1342 5238 1545 5293 datum
1568 5236 1784 5304 fuerat;
1806 5254 1903 5292 rex
1925 5236 2132 5294 iterum
2158 5236 2327 5293 donis

665 5327 1001 5403 ampliatus
1029 5343 1163 5382 cum
1195 5326 1320 5382 suis
1352 5341 1618 5381 reversus
1649 5329 1738 5381 est
1776 5326 1834 5380 in
1878 5325 2275 5398 Curgundiam
2311 5342 2325 5380 :

662 5416 1001 5489 imperator
1026 5431 1159 5471 vero
1190 5413 1553 5470 descendens
1600 5430 1703 5487 per
1748 5413 2015 5471 Rhenum
2054 5414 2113 5468 in
2143 5414 2325 5469 Fran—

664 5504 820 5559 ciam
841 5501 1248 5574 'venit,ibique
1280 5502 1398 5557 dux
1428 5500 1686 5569 Chuono,
1707 5502 1985 5574 patruelis
2010 5503 2327 5575 ejus;prius

663 5591 934 5658 rebellis,
965 5606 1029 5644 se
1060 5589 1312 5645 reddidit
1338 5606 1351 5645 :
1386 5605 1562 5660 quem
1592 5588 1909 5660 imperator
1927 5591 1983 5646 in
2008 5590 2205 5645 liberis
2227 5607 2327 5645 cu-

664 5680 884 5736 stodiis
907 5676 1347 5748 aliquantulum
1368 5675 2119 5750 castigavit,destructisque
2142 5680 2330 5733 muni-

662 5767 944 5824 tionibus
979 5765 1124 5833 suis,
1163 5782 1310 5837 quas
1339 5766 1589 5838 optimas
1631 5764 1854 5835 habuit,
1889 5767 1949 5822 in
1981 5766 2228 5840 gratiam
2259 5766 2325 5821 il-

666 5857 797 5913 lum
830 5852 1081 5926 recepit,
1113 5857 1418 5924 totumque
1448 5854 1506 5908 in
1534 5851 1812 5910 honorem
1840 5872 2013 5911 suum
2037 5855 2144 5911 sibi
2170 5855 2331 5910 resti-

2506 4894 2651 4965 Spes
2682 4890 2858 4963 pacis,
2892 4906 3069 4962 quam
3101 4904 3200 4943 rex
3227 4903 3361 4942 cum
3391 4886 3612 4942 Caesare
3640 4885 3776 4942 fecit
3806 4902 3819 4941 :

2432 4978 2754 5051 praesertim
2785 4993 2919 5032 cum
2951 4976 3000 5031 is
3031 4978 3341 5031 coronatus
3389 4976 3564 5039 esset,
3597 4974 3767 5045 cujus
3813 4976 3952 5029 aetas
3981 4972 4074 5029 via

2432 5067 2711 5123 diuturna
2740 5066 2884 5121 satis
2913 5065 3091 5137 digna
3119 5064 3326 5119 fuerat.
3358 5061 3578 5118 Deinde
3624 5061 3853 5118 diversa
3894 5076 4075 5133 regna

2433 5159 2829 5228 peragrantes,
2863 5153 3052 5209 Caesar
3079 5168 3181 5224 per
3209 5168 3270 5207 se
3300 5167 3399 5206 rex
3424 5151 3533 5207 sub
3577 5154 3767 5207 tutore
3795 5154 3853 5206 et
3881 5154 4075 5206 actore

2433 5242 2786 5316 Augustensi
2812 5241 3082 5314 episcopo
3114 5241 3382 5295 Brunone
3412 5242 3654 5295 cunctos
3699 5237 3944 5295 rebelles
3971 5238 4077 5294 do-

2436 5332 2672 5389 mabant
2700 5336 2756 5387 et
2787 5331 3000 5386 fmdera
3030 5328 3190 5402 pacis
3222 5328 3440 5400 ubique
3472 5326 3719 5384 feliciter
3739 5327 4073 5383 ﬁrmabant.

2759 5436 2829 5474 DE
2865 5435 3032 5475 OBITU
3071 5434 3327 5473 EPISCOPI
3366 5432 3765 5472 AUGUSTENSIS.

2506 5510 2672 5563 Anno
2704 5506 2970 5578 sequenti
3002 5506 3318 5576 imperator
3345 5504 3405 5559 in
3436 5504 3704 5576 Bajoaria
3749 5502 4074 5572 Ratispome

2438 5595 2661 5651 Pascha
2691 5594 3033 5650 celebravit:
3056 5592 3133 5647 ibi
3154 5591 3346 5648 Bruno
3369 5592 3677 5664 episcopus
3695 5585 4076 5662 Augustensis

2439 5684 2746 5739 defunctus
2778 5686 2889 5747 est,
2921 5681 3092 5751 cujus
3125 5696 3336 5751 corpus
3373 5678 3708 5750 imperatrix
3753 5673 4071 5748 prosecuta,

2439 5786 2570 5828 cum
2605 5770 2720 5825 ﬁlio
2753 5769 3018 5826 Heinrico
3051 5784 3183 5838 rege
3212 5766 3283 5822 ad
3314 5769 3636 5838 Augustam
3682 5763 3875 5820 sedem
3905 5771 4070 5811 suam

2441 5857 2756 5917 honoriﬁce
2789 5855 3019 5931 sepeliri
3052 5856 3326 5911 fecerunt.
3360 5851 3579 5910 Nobilis
3609 5849 3772 5907 valde
3811 5842 3920 5901 fuit
3947 5840 4072 5908 ipse
