4868 6400
619 504 762 564 12M

1862 495 2044 558 VITA
2087 494 2422 557 CONRADI
2465 495 2739 559 SALICI.

3844 505 3998 568 1242

617 636 940 699 avunculus
965 633 1168 693 Giselae
1199 631 1762 708 imperatricis,obiit
1790 630 1848 687 in
1881 646 2047 704 pace;
2080 628 2251 699 cujus
2279 626 2331 695 Α
2361 629 2915 703 constringerentur,
2949 637 3013 689 ut
3043 635 3564 707 nequaquam,nisi
3595 638 3896 695 securibus
3945 644 4003 697 et

615 745 855 802 regnum
886 742 1081 782 comes
1107 723 1226 780 Odo
1259 723 1355 797 [αἱ.
1389 722 1533 794 Udo]
1561 719 1934 793 Francigena,
1968 717 2124 774 filius
2155 734 2251 772 so-

614 817 757 874 roris
788 834 906 871 suaz
937 814 1167 881 invasit,
1201 817 1258 868 et
1308 812 1574 884 quaedam
1621 815 1812 867 castra
1855 810 2254 865 munitissima

556 916 559 917 ⁷
615 908 730 965 sive
761 904 1044 972 civitates,
1074 920 1173 957 seu
1207 901 1359 967 dolo,
1394 918 1494 956 seu
1542 900 1692 957 bello
1746 904 1973 971 ceperat
2006 919 2018 955 :
2056 916 2157 954 nec
2191 917 2251 954 se

616 1012 803 1069 regem
833 1010 1016 1049 ausus
1046 996 1135 1047 est
1167 991 1371 1058 facere,
1407 1007 1512 1045 nec
1551 993 1745 1045 tamen
1796 1006 2039 1062 regnum
2072 988 2253 1043 voluit

615 1086 918 1141 dimittere.
968 1081 1271 1138 Referebat
1319 1080 1556 1151 quidam
1611 1077 1777 1133 illum
1817 1077 2029 1133 dixisse
2078 1096 2247 1149 saepe,

614 1175 761 1246 quod
782 1187 1088 1244 nunquam
1103 1186 1200 1224 rex
1218 1167 1466 1235 fieri,sed
1489 1172 1681 1223 tamen
1700 1184 1931 1240 semper
1951 1167 2247 1239 magister,

614 1280 734 1319 esse
765 1261 916 1335 regis
944 1259 1220 1315 vellet.Eo
1243 1258 1412 1313 modo
1436 1273 1709 1330 magnam
1739 1260 1961 1328 partem
1993 1261 2254 1329 Burgun-

615 1352 715 1408 diaa
729 1348 1155 1412 distraxit,licet
1168 1363 1412 1418 regnum
1428 1346 1776 1417 Burgundiae
1791 1346 2135 1401 Chuonrado
2149 1346 2252 1402 im-

616 1439 859 1513 peratori
892 1441 949 1493 et
978 1435 1100 1492 ﬁlio
1131 1436 1258 1506 ejus
1289 1434 1554 1490 Heinrico
1572 1433 2076 1507 regi,aRodulpho
2097 1452 2247 1507 rege,

616 1532 919 1601 postquam
943 1526 1069 1598 ipse
1090 1527 1385 1595 superstes
1406 1539 1520 1577 non
1536 1524 2250 1596 esset,perjusjurandum

615 1616 1017 1672 confirmatum
1069 1615 1240 1669 esset.
1292 1612 1402 1666 Sed
1451 1612 1589 1666 dum
1641 1610 1761 1667 0do
1808 1628 2002 1667 comes
2043 1613 2163 1668 hzec
2191 1612 2250 1669 in

614 1703 944 1777 Burgundia
966 1700 1587 1769 faceret,Chuonradus
1611 1701 1926 1772 imperator
1949 1701 2007 1757 iu
2031 1702 2255 1758 Sclavo-

614 1795 707 1851 nia
733 1810 865 1849 cum
888 1792 1073 1848 armis
1099 1790 1480 1854 fecerat.Quid
1530 1789 1608 1844 ibi
1656 1791 1963 1861 ageret,vel
2006 1790 2256 1862 qualiter
2302 1828 2311 1835 ρ

613 1887 804 1958 postea
829 1882 1092 1938 Odonem
1116 1879 1425 1952 repulisset
1445 1879 1513 1932 de
1536 1879 2254 1953 Burgundia,conscqucn-

613 1976 696 2028 ter
719 1971 927 2028 dicam.
962 1970 1156 2042 Supra
1200 1969 1401 2061 dictus.
1439 1966 1725 2061 Bolislaus
1757 1969 1871 2023 dux
1905 1968 2252 2061 Bolanorum
2286 1997 2329 2061 Β

556 2100 559 2111 .
614 2056 1143 2129 mortuus,reliquit
1169 2056 1316 2112 duos
1347 2055 1860 2121 ﬁlios,Misiconem
1883 2062 1937 2113 et
1959 2058 2247 2114 Ottonem.

556 2192 557 2201 χ
614 2147 807 2204 Misico
838 2148 980 2202 dum
1014 2145 1251 2200 fratrem
1283 2161 1455 2198 suum
1488 2144 1755 2200 Ottonem
1787 2151 2247 2218 persequeretur,

615 2236 904 2310 expulerat
947 2251 1085 2290 eum
1136 2233 1193 2287 in
1225 2233 1519 2289 Russiam.
1552 2233 1701 2289 Dum
1758 2232 1836 2288 ibi
1884 2234 2251 2306 aliquantum

613 2330 837 2398 tempus
869 2318 1282 2380 miserabiliter
1309 2322 1540 2388 viveret,
1573 2322 1745 2394 ccepit
1777 2339 1977 2395 rogare
2004 2324 2251 2395 gratiam

613 2412 977 2486 imperatoris
1001 2410 1423 2477 Chuonradi,ut
1443 2410 1568 2482 ipso
1600 2410 1920 2483 imperante
1942 2416 1996 2466 et
2013 2413 2253 2483 juvante

556 2550 557 2557 η
612 2501 1012 2558 reslitueretur
1040 2499 1238 2572 patriae
1289 2516 1427 2555 suae.
1462 2500 1621 2564 Quod
1654 2500 1795 2555 dum
1829 2500 2142 2572 imperator
2170 2500 2251 2556 fa-

613 2609 733 2649 cere
751 2591 939 2659 vellet,
958 2588 1215 2646 decrevit
1239 2594 1301 2644 ut
1332 2590 1455 2660 ipse
1485 2606 1617 2645 cum
1640 2590 1821 2664 copiis
1850 2608 1917 2646 ex
1947 2609 2064 2647 una
2096 2596 2254 2664 parte

556 2736 557 2743 η
612 2696 676 2737 ex
729 2680 909 2737 altera
965 2680 1149 2735 frater
1208 2679 1336 2733 Otto
1384 2678 1721 2734 Misiconem
1781 2681 2251 2751 aggrederentur.

556 2820 559 2839 π
613 2773 767 2824 Hunc
797 2769 1087 2842 impetum
1133 2766 1331 2823 Misico
1382 2766 1530 2821 ferre
1578 2783 1692 2821 non
1748 2767 1946 2824 valens
2004 2768 2151 2841 fugit
2192 2768 2250 2824 in

556 2848 559 2935 μ
612 2857 898 2914 Boemiam
949 2856 1026 2912 ad
1081 2854 1414 2911 Udalricum
1441 2855 1669 2921 ducem,
1694 2855 1784 2911 cui
1811 2860 1950 2911 tunc
1977 2857 2252 2929 temporis

556 2940 557 3007 ζ
612 2946 922 3019 imperator
966 2944 1159 3001 iratus
1210 2943 1415 2998 fuerat.
1467 2944 1573 2999 Sed
1622 2942 1716 2999 ille
1763 2948 1827 2999 ut
1877 2944 1958 2999 sic
2002 2944 2253 3017 placaret

556 3022 559 3107 ξ
614 3036 1022 3107 imperatorem
1053 3030 1232 3087 voluit
1264 3030 1376 3087 sibi
1407 3031 1646 3088 reddere
1678 3032 2012 3089 Misiconem
2051 3051 2063 3088 :
2096 3036 2251 3106 quod

556 3120 559 3193 ξ
610 3128 836 3197 pactum
869 3122 1219 3179 sceleratum
1269 3121 1461 3176 renuit
1504 3120 1709 3188 Caesar,
1742 3121 1941 3178 dicens
1990 3138 2052 3178 se
2101 3122 2254 3179 nolle

556 3206 558 3284 ;
609 3213 907 3269 inimicum
940 3226 1135 3267 emere
1164 3210 1235 3265 ab
1269 3208 1670 3265 inimico.0tto
1701 3210 2007 3266 restitutus
2030 3212 2248 3284 patriae,

609 3307 662 3358 et
685 3304 799 3359 dux
827 3302 1021 3358 factus
1053 3317 1086 3355 a
1115 3300 1354 3363 Caesare,
1385 3298 1523 3354 dum
1578 3304 1709 3370 post
1751 3298 1985 3372 aliquod
2015 3305 2249 3374 tempus

556 3360 559 3393 ξ
612 3390 802 3448 minus
835 3393 1005 3446 caute
1039 3391 1250 3459 ngeret,
1285 3404 1317 3442 a
1347 3388 1601 3458 quodam
1632 3387 1902 3444 familiari
1950 3406 2057 3445 suo
2100 3389 2248 3446 clam

608 3480 945 3536 interfectus
975 3481 1081 3535 est.
1112 3477 1273 3531 Tunc
1304 3476 1505 3532 Misico
1534 3477 1809 3533 omnibus
1858 3477 2047 3534 modis
2099 3495 2251 3551 quae-

610 3567 769 3622 rebat
804 3565 1059 3640 gratiam
1103 3562 1492 3635 imperatricis
1538 3563 1747 3621 Gisela‘.
1789 3569 1845 3619 et
1893 3565 2251 3638 reliquorum

608 3655 1033 3727 principum,ut
1054 3655 1372 3707 mereretur
1390 3651 1576 3708 redire
1592 3653 1662 3707 ad
1679 3652 1926 3724 gratiam
1948 3654 2253 3728 imperato-

556 3804 561 3827 Ι
607 3743 705 3798 ris.
746 3745 937 3800 Caesar
994 3739 1393 3797 misericordia
1448 3746 1641 3796 motus
1699 3742 1856 3797 dedit
1914 3744 2163 3814 veniam,
2197 3752 2253 3802 et

556 3832 561 3841 ’
605 3831 788 3889 dlvisa
817 3829 1121 3904 provincia
1150 3827 1498 3884 Bolanorum
1532 3829 1589 3883 in
1621 3834 1738 3885 tres
1770 3835 1982 3903 partes,
2018 3833 2251 3890 Misico-

558 3908 559 3915 “
605 3937 732 3977 nem
762 3921 898 3977 fecit
923 3917 1300 3985 tetrarcham,
1342 3917 1595 3989 reliquas
1643 3919 1791 3974 duas
1844 3920 2073 3977 duobus
2122 3922 2252 3980 aliis

603 4008 1070 4075 commendavit;
1105 4006 1190 4062 sic
1221 4005 1531 4061 imminuta
1561 4011 1845 4078 potestate
1877 4009 2069 4065 minor
2100 4011 2252 4068 facta

555 4076 561 4115 ἶ
603 4103 689 4153 est
714 4098 1039 4155 temeritas.
1080 4095 1358 4151 Defuncto
1407 4076 1685 4151 Misicone
1732 4095 2051 4154 Casimirus
2094 4099 2251 4156 {ilius

556 4174 559 4199 ᾗ
599 4186 722 4257 ejus
770 4185 1026 4243 tldeliter
1074 4183 1361 4240 serviebat
1407 4182 1521 4238 huc
1568 4200 1755 4256 usque
1801 4184 2250 4257 imperatoribus

556 4284 561 4361 ὲ
601 4274 832 4331 nostris.

556 4374 559 4461 ὲ
596 4398 744 4444 QUOD
776 4397 1114 4438 IMPERATOR
1144 4396 1259 4436 CUM
1291 4395 1437 4434 FILIO
1464 4395 1567 4434 SUO
1597 4395 1843 4435 HENRICO
1865 4396 2246 4440 BURGUNDIAM

1347 4467 1517 4505 ADIIT.

655 4542 824 4598 Anno
838 4539 1079 4597 Domini
1094 4539 1574 4611 tO33,imperator
1584 4537 1967 4595 Chuonradus
1980 4556 2113 4597 cum
2130 4541 2246 4599 ﬁlio

556 4618 559 4651 ⁵
595 4646 700 4686 suo
732 4647 870 4705 rege
895 4628 1166 4685 Heinrico
1197 4627 1457 4683 Natalem
1489 4626 1720 4683 Domini
1743 4626 1803 4682 in
1825 4629 2141 4701 Argentina
2171 4631 2247 4686 ci-

2362 719 2607 775 sudibus
2631 721 2698 776 de
2722 726 2873 778 terra
2893 722 2949 777 in
2978 722 3223 779 circuitu
3254 724 3444 798 gelata
3467 726 3629 783 evelli
3654 728 3998 800 potuissent.

2361 807 2605 873 Quidam
2631 826 2782 876 vero,
2817 810 2916 882 qui
2965 829 3079 868 non
3124 812 3331 869 habuit
3378 815 3736 888 adjutorium
3783 835 4002 892 equum

2360 896 2659 969 proprium
2691 898 2771 954 ita
2800 899 3112 957 haerentem
3143 902 3512 974 interfecit,et
3541 907 3762 962 corium
3786 908 3858 963 de
3878 925 4006 964 cru-

2361 984 2523 1041 ribus
2552 1003 2785 1041 sursum
2821 988 3082 1057 abstulit,
3116 988 3405 1062 reliquum
3454 997 3619 1048 terra:
3664 993 3867 1067 gelatae
3915 995 4001 1050 in-

2361 1074 2536 1128 fixum
2570 1074 2808 1130 dimisit.
2838 1074 3113 1132 Homines
3144 1095 3374 1152 quoque
3400 1080 3650 1136 multum
3683 1082 4002 1140 confunde-

2360 1162 2574 1218 bantur
2603 1162 2711 1219 hoc
2742 1162 2936 1237 algore
2960 1182 2971 1220 :
2995 1169 3117 1221 erat
3137 1168 3293 1222 enim
3316 1185 3431 1223 una
3450 1170 3923 1242 faciesjuvenum
3946 1177 4004 1229 et

2361 1268 2567 1306 senum
2603 1269 2616 1306 ε
2650 1268 2852 1308 omnes
2884 1258 3046 1309 crant
3087 1254 3179 1310 die
3227 1260 3278 1311 et
3330 1260 3496 1313 nocte
3527 1258 3652 1314 cani
3687 1263 3744 1314 et
3773 1260 4001 1317 barbati

2360 1345 2595 1412 propter
2625 1340 2924 1397 horridum
2958 1343 3203 1416 rigorem
3238 1344 3464 1416 glaciei,
3497 1344 3631 1402 licet
3682 1347 3998 1420 pluresju-

2358 1445 2533 1484 venes
2564 1432 2621 1484 et
2651 1430 2942 1486 imberbes
2974 1432 3222 1488 fuissent
3247 1433 3361 1502 ibi;
3395 1439 3451 1489 et
3479 1439 3672 1491 tamen
3707 1454 3721 1493 :

2428 1517 2536 1572 Vix
2566 1517 2685 1573 haec
2718 1536 2897 1574 causa
2926 1519 3216 1592 fuit,quod
3249 1521 3437 1578 Ccesar
3467 1523 3617 1580 bella
3647 1524 3881 1598 reliquit

2360 1606 2681 1679 Imperator
2703 1623 2965 1664 reversus
2997 1610 3065 1664 ad
3099 1610 3409 1667 Turcicum
3431 1616 3687 1669 castrum
3720 1615 3997 1686 pervenit;

2362 1695 2442 1751 ibi
2488 1694 2682 1768 plures
2726 1696 3220 1769 Burgundiorum,
3253 1700 3454 1773 regina
3484 1702 3849 1776 Burgundiaa,
3873 1705 4001 1775 jam

2360 1783 2617 1853 vidua,et
2646 1802 2840 1841 comes
2870 1785 3183 1859 Hupertus,
3215 1794 3272 1844 et
3316 1789 3433 1859 alii,
3475 1796 3710 1865 propter
3758 1792 4001 1851 insidias

2362 1872 2579 1929 Odonis
2609 1873 2666 1928 in
2703 1875 3035 1947 Burgundia
3054 1877 3123 1931 ad
3159 1876 3564 1950 imperatorem
3587 1880 3782 1937 venire
3804 1882 4003 1955 nequi-

2359 1965 2566 2017 verunt
2614 1977 2716 2034 per
2765 1962 2988 2019 Italiam
3038 1972 3343 2038 pergentes
3409 1970 3788 2025 occurrebant
3836 1970 3997 2028 sibi:

2360 2054 2417 2105 et
2459 2050 2641 2106 effecti
2676 2050 2786 2120 sui,
2822 2053 2935 2107 fide
2967 2054 3255 2125 promissa
3285 2046 3388 2127 per
3417 2062 3845 2115 sacramentum
3891 2059 4000 2116 sibi

2358 2142 2414 2194 et
2452 2137 2571 2194 filio
2621 2156 2727 2195 suo
2778 2139 3043 2197 Heinrico
3086 2143 3225 2216 regi,
3260 2143 3502 2201 miriﬁce
3554 2146 3751 2202 donati
3818 2149 4003 2205 redie-

2358 2232 2514 2282 runt.
3850 2299 3854 2313 Ι

2358 2333 2507 2379 QUOD
2548 2334 2872 2373 IMPERATOR
2902 2335 3082 2375 SUPER
3113 2338 3331 2376 οοοκεθι
3361 2340 3482 2378 CUM
3514 2342 3781 2382 EXERCITU
3812 2342 3996 2383 VENIT.

2431 2406 2702 2477 Ejusdem
2731 2407 2864 2461 anni
2897 2412 3092 2464 mstate
3123 2400 3435 2480 imperator
3463 2429 3594 2468 cum
3618 2415 3868 2470 exercitu
3893 2433 3999 2471 suo

2360 2512 2536 2567 super
2564 2495 2820 2552 Odonem
2844 2498 3111 2552 comitem
3132 2498 3188 2552 in
3206 2498 3423 2556 Gallias
3445 2502 3805 2559 Franconum
3823 2504 3998 2572 venit,

2363 2584 2579 2651 dicens,
2625 2584 2673 2640 si
2722 2585 2843 2641 Odo
2891 2584 2949 2639 in
3001 2586 3337 2658 Burgundia
3384 2605 3473 2643 res
3520 2589 3739 2647 alienas
3785 2591 4002 2664 injuste

2363 2678 2663 2745 quaereret,
2698 2675 2767 2729 de
2799 2691 2904 2730 suo
2937 2674 3169 2746 proprio
3193 2676 3436 2747 juvante
3469 2682 3598 2745 Deo,
3632 2679 3851 2752 aliquid
3883 2698 4004 2754 per-

2363 2762 2496 2817 dere
2528 2762 2778 2817 deberet.
2813 2764 2977 2818 Tunc
3008 2763 3065 2817 in
3100 2780 3276 2835 regno
3301 2764 3551 2820 Heinrici
3584 2767 3735 2839 regis
3765 2770 4005 2826 Franco-

2363 2868 2514 2916 rum,
2549 2851 2605 2905 in
2636 2850 2870 2922 przediis
2898 2855 3091 2906 tamen
3125 2856 3182 2906 et
3212 2852 3509 2909 beneﬁciis
3548 2854 3765 2912 Odonis
3810 2860 4004 2917 tantas

2362 2938 2788 2994 devastationes
2818 2944 2874 2994 et
2905 2938 3173 2994 incendia
3220 2940 3353 2995 fecit
3399 2940 3732 3014 imperator,
3762 2950 3834 3001 ut
3881 2947 4004 3020 ipsc

2362 3028 2481 3084 Odo
2512 3027 2855 3084 necessitate
2885 3026 3226 3099 compulsus
3252 3027 3555 3086 humiliter
3581 3034 4002 3109 veniens,quae-

2360 3120 2511 3172 reret
2538 3116 2785 3181 veniam,
2836 3115 3179 3187 promittens
3228 3117 3620 3190 Burgundiam
3670 3121 3998 3195 dimittere;

2359 3209 2414 3262 et
2445 3205 2766 3261 secundum
2790 3204 3118 3276 jussionem
3148 3204 3303 3261 illius
3333 3207 3784 3267 satisfacere.Sic
3812 3212 4003 3286 impe-

2362 3298 2518 3350 rator
2544 3311 2677 3350 cum
2709 3310 2814 3349 suo
2856 3294 3090 3361 honore,
3124 3299 3179 3349 et
3207 3294 3423 3351 Odonis
3472 3297 3686 3354 damno
3735 3316 4002 3360 reversus

2362 3388 2470 3440 est.

2360 3490 2638 3537 QUALITEB
2676 3489 3001 3528 IMPERATOR
3037 3489 3267 3528 ODONEM
3297 3490 3524 3531 EXPl'L'T
3554 3494 3623 3531 DE
3648 3494 3999 3538 BUBGUNDIA.

2430 3564 2594 3617 Auno
2627 3561 2855 3618 Domini
2890 3562 3048 3626 1034,
3080 3561 3395 3633 imperator
3439 3564 3496 3619 in
3548 3564 3813 3636 Bajoaria
3844 3569 4001 3626 Rati-

2361 3653 2555 3708 sbena:
2577 3657 2848 3707 sanctum
2874 3650 3089 3707 Pascha
3108 3650 3626 3725 celebravit.Hujus
3647 3656 3783 3712 anni
3807 3662 4003 3716 aestate

2361 3744 2502 3799 dum
2534 3742 2654 3798 0do
2704 3741 2977 3814 praefatus
3028 3742 3318 3812 promissa
3367 3759 3480 3797 non
3528 3746 3866 3816 attenderet,
3902 3747 4001 3804 sed

2360 3831 2551 3886 adhuc
2578 3830 2895 3903 quamdam
2926 3832 3148 3900 partem
3175 3830 3541 3903 Burgundiaz,
3567 3850 3742 3904 quam
3787 3834 4004 3906 injuste

2359 3917 3299 3988 invaserat,obtineret,imperator
3318 3917 3701 3977 Chuonradus
3721 3923 4002 3995 expeditis

2359 4007 2694 4065 Teutonicis
2727 4010 2783 4061 et
2804 4004 2961 4061 Italis
2985 4005 3382 4078 Burgundiam
3405 4011 3570 4062 acute
3592 4009 3770 4064 adiit:
3795 4011 4002 4068 Teuto-

2360 4115 2463 4153 nes
2491 4113 2559 4153 ex
2587 4112 2706 4149 una
2736 4098 2919 4166 parte,
2953 4110 3019 4148 ex
3049 4091 3229 4148 altera
3277 4094 3746 4168 archiepiscopus
3777 4097 3998 4156 Medio-

2359 4184 2616 4241 lanensis
2642 4182 2978 4238 Heribertus
3011 4185 3068 4237 et
3099 4182 3286 4237 caeteri
3317 4182 3517 4250 Italici,
3543 4184 3724 4240 ductu
3756 4185 3995 4259 Huperti

2357 4274 2585 4331 comitis
2629 4272 2699 4327 de
2748 4269 3107 4343 Burgundia,
3141 4286 3326 4342 usque
3378 4271 3722 4329 Rhodanum
3757 4273 3997 4333 fluvium

2314 4358 2767 4419 'convenerunt.
2832 4362 3133 4432 Augustus
3188 4360 3425 4416 veniens
3479 4361 3549 4416 ad
3610 4363 3997 4421 Genevensem

2357 4451 2668 4517 civitatem,
2699 4446 3012 4504 Geroldum
3060 4447 3383 4519 principem
3433 4448 3686 4522 regionis
3736 4450 3914 4521 illius,
3941 4458 4000 4510 et

2355 4540 2856 4611 archiepiscopum
2890 4535 3336 4608 Lugdunensem
3395 4541 3568 4609 atque
3627 4538 3772 4595 alios
3821 4556 3998 4613 quam

2355 4628 2553 4702 plures
2581 4627 2815 4699 subegit
2866 4641 2879 4680 :
2931 4628 2987 4681 et
3038 4641 3304 4681 reversus
3352 4630 3608 4682 castrum
3641 4627 3834 4685 Muret
3862 4646 3998 4687 cum

556 4714 563 4741 ‘
593 4715 766 4774 vitate
806 4716 1141 4784 celebravit,
1173 4715 1309 4773 inde
1357 4715 1593 4773 collecto
1641 4716 1893 4772 exercitu
1942 4734 2045 4789 per
2090 4718 2249 4776 Solo-
2278 4724 2327 4789 Ι)
2356 4716 2694 4775 fortissimis
2723 4713 3029 4781 militibus,
3059 4712 3277 4769 Odonis
3306 4715 3601 4771 munitum
3621 4716 3916 4787 obsidens,
3944 4718 3999 4775 vi

556 4805 804 4889 ‘Idorum
855 4806 1261 4880 Burgundiam
1325 4804 1582 4871 intravit,
1631 4809 1688 4861 et
1731 4804 1969 4861 veniens
2017 4807 2089 4862 ad
2139 4808 2253 4864 Pas
2354 4807 2525 4880 cepit,
2551 4810 2607 4862 et
2636 4820 2784 4879 quos
2813 4804 2972 4859 intus
3000 4803 3579 4875 invenerat,captivos
3609 4805 3998 4889 duxit.Caateri

556 4880 922 4951 lterniacum
983 4893 1403 4951 monasterium
1454 4893 1514 4949 in
1572 4892 1978 4950 Puriﬁcatione
2033 4900 2246 4953 sancta

556 4974 557 5007 ξ
588 4980 848 5053 Marias,a
878 4983 1203 5056 majoribus
1226 4986 1283 5038 et
1303 4982 1628 5037 minoribus
1649 4982 1910 5055 regni,ad
1933 4985 2246 5055 regendam

589 5068 1000 5144 Burgundiam
1026 5070 1247 5127 electus
1277 5074 1383 5139 est,
1416 5075 1473 5126 et
1499 5070 1559 5124 in
1589 5070 1717 5142 ipsa
1745 5068 1839 5126 die
1862 5088 1965 5143 pro
1997 5088 2130 5144 rege
2159 5089 2250 5129 co-

556 5178 557 5185 ‘
588 5163 837 5216 renatus
863 5162 993 5216 est:
1020 5160 1230 5216 deinde
1260 5159 1525 5231 quaedam
1548 5157 1789 5215 castella
1804 5176 1930 5231 quae
1948 5160 2068 5215 Odo
2092 5160 2249 5217 inva-

588 5251 763 5316 serat,
810 5247 1072 5318 obsedit;
1123 5249 1224 5305 sed
1283 5252 1519 5320 pr0pter
1573 5246 1816 5302 nimiam
1873 5247 2244 5320 asperitatem

585 5333 827 5403 hiemis,
858 5351 990 5407 quae
1019 5340 1161 5391 tunc
1192 5336 1422 5403 fecerat,
1473 5334 1639 5391 valde
1683 5335 2128 5407 impediebatur.
2164 5337 2244 5392 De

587 5438 707 5495 qua
752 5422 1059 5479 nimietate
1083 5423 1314 5497 frigoris
1344 5423 1582 5496 quidam
1615 5423 1685 5478 de
1716 5422 1930 5479 nostris
1972 5428 2244 5481 centenos

583 5526 792 5567 versus
825 5510 982 5578 fecit,
1014 5528 1161 5583 quos
1191 5511 1525 5584 imperatori
1558 5511 2007 5582 praesentavitﬁn
2028 5512 2244 5584 quibus

585 5602 708 5654 tam
742 5599 1031 5655 mirandae
1082 5617 1173 5656 res
1221 5600 1515 5666 dicuntur,
1548 5600 1702 5671 quod
1752 5599 1886 5672 equi
1930 5601 1989 5677 in
2036 5602 2243 5658 castris

585 5687 743 5744 circa
770 5685 1084 5744 castellum
1118 5688 1327 5755 Mur-at,
1345 5687 1394 5743 si
1410 5687 1586 5760 pedes
1606 5686 1934 5745 inﬁxissent
1955 5692 2121 5745 terrae
2142 5706 2246 5762 per

579 5792 852 5854 teporem
885 5774 999 5832 diei
1032 5773 1251 5847 aliquid
1283 5775 1488 5843 moliti,
1520 5782 1623 5847 per
1659 5781 1887 5833 noctem
1936 5777 2017 5832 ita
2061 5774 2237 5850 gelati

2358 4897 2612 4953 fautores
2641 4893 2857 4950 Odonis
2883 4892 2991 4947 hoc
3015 4892 3336 4960 audientes,
3371 4891 3492 4949 solo
3524 4893 3729 4950 timore
3757 4893 4000 4955 Caesaris

2355 4986 2633 5059 fugerunt
2663 4999 2675 5037 :
2710 4980 2857 5054 quos
2889 4984 3229 5054 persecutus
3260 4980 3449 5037 Caesar
3467 4981 3705 5038 omnino
3734 4985 4001 5041 extermi-

2355 5073 2512 5129 navit
2539 5073 2610 5128 de
2638 5087 2835 5143 regno,
2854 5074 2912 5126 et
2938 5070 3190 5142 acceptis
3219 5070 3290 5125 de
3320 5070 3684 5143 principibus
3732 5072 4001 5147 Burgun-

2355 5162 2463 5218 diaa
2496 5159 2697 5219 multis
2727 5158 3050 5228 obsidibus,
3083 5158 3256 5214 rediit
3285 5175 3386 5231 per
3409 5159 3689 5216 Alsatiam
3721 5161 3793 5217 ad
3814 5160 3998 5235 impe-

2355 5250 2642 5305 ratricem.
2676 5248 2822 5303 Nam
2854 5247 2993 5302 dum
3038 5246 3134 5303 ille
3184 5247 3243 5301 in
3292 5247 3688 5321 Burgundiam
3715 5254 3996 5323 pergeret,

2352 5336 2689 5410 imperatrix
2719 5339 2917 5392 secuta
2964 5339 3053 5391 est
3098 5352 3232 5391 eum
3283 5353 3468 5408 usque
3519 5336 3826 5393 Basilcam.
3859 5336 3998 5392 Inde
4070 5342 4077 5349 '

2350 5441 2579 5482 reversa
2591 5424 2663 5479 ad
2675 5425 3049 5497 Argentinam
3068 5423 3994 5497 civitatem,exspectavitreditum

2347 5512 2743 5588 Imperatoris.
2766 5514 2844 5568 Eo
2875 5516 3132 5584 tempore
3165 5511 3287 5568 ﬁlia
3312 5512 3677 5585 imperatoris
3699 5512 3994 5567 Chuonra-
4072 5559 4078 5565 _

2352 5602 2410 5657 di
2443 5605 2499 5656 et
2527 5599 2733 5656 Giselae
2763 5599 3151 5672 imperatricis
3182 5600 3463 5656 Mathilda
3496 5600 3688 5656 nimiae
3720 5594 3988 5653 formosi—

2350 5690 2508 5757 tatis,
2542 5686 2735 5759 puella
2778 5688 3043 5744 Heinrico
3087 5687 3205 5758 regi
3237 5688 3591 5742 Francorum
3619 5685 3985 5755 desponsata,

2352 5778 2498 5837 obiit
2521 5777 2875 5851 Wormatiae,
2905 5777 3103 5851 ibique
3133 5773 3358 5849 sepulta
3383 5777 3488 5831 est.
