4868 6414
640 464 792 527 1243

1894 465 2078 529 VITA
2122 466 2463 531 CONBADI
2508 469 2784 533 SALICI.

3874 473 4029 540 12ι6

636 616 876 674 scopum
908 596 1399 656 Mediolanensem
1431 616 1535 672 pro
1566 597 1769 656 multis
1809 601 2023 670 causis,
2057 602 2272 673 quibus
2301 605 2355 670 Α
2392 602 2728 677 episcopum
2774 604 3138 661 Heribertum
3193 622 3379 678 usque
3436 604 3658 662 obitum
3717 606 3844 681 ejus
3891 627 4026 666 cum

636 702 728 742 eos
742 685 1081 741 oﬂ’enderat.
1103 687 1423 758 Imperator
1441 703 1573 742 vero
1594 689 1793 743 vocato
1815 687 2270 761 archiepiscopo,

635 773 902 848 praecepit
933 777 1000 830 ut
1029 773 1390 830 satisfaceret
1411 774 1873 840 omnib11s.Quod
1897 777 2037 832 dum
2062 777 2278 834 archie-

637 863 912 937 pise0pus
942 867 1230 930 renueret,
1265 862 1449 919 sensit
1486 862 1802 936 imperator
1847 882 2078 920 omnem
2114 866 2273 922 illam

635 951 1096 1023 conjurationem
1128 950 1304 1007 Italiae
1332 951 1522 1024 ipsius
1580 952 1822 1009 consilio
1856 954 2066 1010 factam
2126 971 2272 1024 esse,

634 1045 690 1096 et
728 1057 859 1095 mox
889 1039 1310 1112 comprehenso
1344 1038 1442 1095 illo
1469 1040 1710 1096 retinuit
1740 1040 1799 1096 in
1831 1058 1939 1097 sua
1969 1047 2271 1115 potestate.

635 1128 851 1185 Deinde
882 1128 1314 1184 commendavit
1365 1146 1499 1185 eum
1556 1129 1614 1184 in
1673 1130 1996 1186 custodiam
2055 1131 2273 1202 Poponi

544 1254 545 1259 η
635 1216 974 1289 patriarcha:
1031 1216 1410 1288 Aquileiensi,
1443 1222 1499 1272 et
1557 1218 1823 1273 Chunoni
1868 1219 2002 1275 duci
2062 1220 2273 1275 Caren-

544 1342 545 1376 ς
633 1309 927 1374 tanorum,
960 1305 1062 1377 qui
1094 1306 1165 1361 ab
1197 1305 1281 1361 eis
1312 1306 1526 1362 ductus
1572 1310 1660 1362 est
1711 1324 1845 1363 eum
1899 1308 2274 1381 imperatorio

640 1410 823 1465 usque
836 1391 1231 1449 Placentinam
1253 1392 1541 1449 civitatem
1554 1395 1832 1460 .Quadam
1846 1401 2011 1451 nocte
2034 1396 2274 1469 quidam

634 1480 1092 1538 defamiliaribus
1105 1480 1520 1554 archiepiscopi
1535 1483 1832 1539 collocavit
1843 1483 2049 1552 se,vice
2065 1484 2272 1558 ipsius,

634 1571 690 1625 in
723 1570 867 1627 lecto
906 1588 1025 1643 quo
1083 1570 1209 1643 ipse
1258 1572 1452 1643 jacere
1510 1571 1748 1641 solebat,
1809 1577 1865 1627 et
1921 1574 2272 1645 superducta

594 1672 597 1675 '
633 1659 989 1731 coopertario
1021 1659 1214 1724 latuit,
1240 1662 1304 1714 ut
1323 1659 1404 1714 ita
1428 1659 1649 1716 falleret
1669 1662 1960 1717 custodes.
1982 1661 2274 1734 Archiepi-

632 1764 840 1820 scopus
862 1748 1117 1803 adducto
1140 1747 1253 1803 sibi
1275 1763 1424 1819 equo
1447 1765 1480 1803 a
1496 1749 1749 1820 quodam
1770 1749 1938 1822 fugit,
1961 1754 2018 1805 et
2038 1749 2273 1806 veniens

631 1836 1039 1903 Mediolanum,
1074 1853 1108 1892 a
1133 1835 1258 1892 suis
1287 1852 1421 1891 cum
1453 1853 1664 1909 magno
1704 1838 1917 1909 gaudio
1963 1842 2272 1912 susceptus

630 1927 733 1980 est.
768 1923 987 1982 Deinde
1017 1923 1304 1996 quidquid
1334 1927 1560 1995 poterat
1580 1924 1771 1981 moliri
1796 1931 1996 1982 contra
2025 1927 2272 1999 impera-

631 2017 838 2080 torem,
870 2029 989 2069 non
1012 2013 1405 2086 praetermisit.
1435 2013 1753 2086 Imperator
1772 2031 2017 2087 quaeque
2039 2014 2277 2071 castella

633 2099 741 2156 sibi
774 2101 1025 2158 adversa
1079 2100 1385 2169 destruxit,
1444 2105 1501 2156 et
1556 2101 1789 2174 iniquas
1845 2104 2273 2176 eonjurationes

630 2187 1017 2260 Italiaa,justa
1068 2186 1193 2261 lege
1251 2189 1512 2257 reducta,
1565 2189 1898 2258 exinanivit,
1953 2197 2009 2247 et
2037 2192 2275 2248 veniens

544 2264 547 2335 ί
629 2277 960 2333 Ravennam
995 2281 1268 2333 sanctum
1314 2277 1536 2333 Pascha
1565 2277 1644 2333 ibi
1698 2279 2023 2335 celebravit.
2060 2280 2273 2336 Eodem

544 2360 547 2421 ἶ
631 2382 779 2422 anno
808 2365 869 2422 in
902 2365 1075 2423 Italia
1129 2371 1246 2422 tres
1289 2365 1544 2439 episcopi
1602 2366 2003 2433 Vercellensis,
2035 2369 2272 2425 Cremo-

629 2455 848 2523 nensis,
908 2454 1289 2511 Placentinus
1346 2455 1500 2526 apud
1561 2455 1971 2527 imperatorem
2020 2458 2272 2514 accusati

544 2598 546 2617 ἶ
627 2547 798 2612 sunt;
833 2560 984 2616 quos
1020 2543 1338 2615 imperator
1368 2544 1818 2616 comprehensos
1847 2546 2095 2602 exsulari
2120 2547 2270 2602 fecit.

544 2630 545 2633 “
627 2632 754 2698 Quae
787 2649 881 2688 res
907 2630 1216 2703 displicuit
1247 2630 1471 2700 multis,
1503 2632 1832 2688 sacerdotes
1886 2634 2099 2690 Christi
2149 2635 2274 2691 sine

543 5114 548 5155 l

617 2720 838 2790 judicio
871 2718 1167 2777 damnari.
1204 2719 1551 2775 Referebant
1581 2720 1751 2776 nobis
1789 2722 2027 2794 quidam
2074 2722 2274 2795 piissi-

624 2824 784 2864 mum
805 2813 1080 2871 nostrum
1104 2808 1417 2863 Henricum
1441 2825 1655 2881 regem,
1678 2809 1860 2865 filium
1882 2811 2272 2884 imperatoris,

626 2897 780 2954 salva
810 2895 1139 2955 reverentia
1163 2895 1367 2969 patris,
1391 2896 1540 2953 clam
1565 2898 1840 2954 detestari
1864 2901 2272 2973 praesumptio-

629 3002 756 3041 nem
789 2986 1041 3043 Caesaris
1086 2985 1145 3041 in
1206 2985 1707 3058 archiepiscopum
1758 2987 2273 3058 Mediolanensem,

629 3074 894 3147 atquein
948 3074 1099 3131 istos
1154 3077 1316 3129 tres:
1381 3079 1435 3129 et
1466 3074 1690 3141 merito,
1746 3076 1883 3148 quia
1934 3075 2087 3132 sicut
2144 3084 2276 3150 post

623 3163 966 3235 judicialem
1003 3163 1353 3219 sententiam
1399 3163 1781 3235 depositionis
1839 3165 2037 3221 nullus
2090 3167 2277 3223 honor

627 3251 994 3309 exhidendus
1015 3254 1124 3319 est,
1141 3250 1223 3307 sic
1246 3256 1378 3305 ante
1396 3250 1686 3322 judicium
1715 3269 1926 3319 magna
1957 3253 2274 3310 reverentia

627 3428 746 3486 Odo
776 3430 847 3487 de
882 3427 1129 3486 Francia
1159 3428 1218 3484 in
1250 3444 1426 3502 regno
1451 3427 1819 3501 imperatoris
1851 3433 2117 3503 quaedam
2148 3432 2275 3489 loca

626 3517 909 3575 invadens
941 3536 975 3574 a
1008 3517 1291 3574 Gozclone
1347 3518 1492 3573 duce
1525 3518 2011 3592 Lotharingorum
2046 3524 2104 3576 et
2156 3520 2273 3576 filio

626 3623 732 3664 suo
763 3607 1169 3675 Godefrido,et
1194 3605 1489 3662 Cerhardo
1518 3607 1729 3662 comite
1772 3612 1947 3680 atque
2003 3626 2037 3664 a
2068 3609 2276 3665 militia

625 3696 882 3770 episcopi
941 3695 1242 3763 Metensis,
1309 3712 1507 3769 pugna
1576 3696 1894 3753 commissa
1962 3715 2092 3753 cum
2153 3698 2270 3767 illo,

621 3784 898 3858 fugiendo
931 3784 1274 3842 interfectus
1304 3788 1410 3849 est,
1445 3787 1501 3839 et
1528 3783 1797 3840 vexillum
1828 3786 1955 3857 ejus
1977 3786 2183 3843 Caesari
2214 3788 2271 3844 in

623 3872 854 3935 Italiam
876 3872 1383 3940 allatum,hostem
1404 3872 1814 3945 interemptum
1842 3875 2272 3932 testabatur.Eo

620 3963 887 4034 tempore
918 3953 1242 4033 imperato'r
1272 3961 1731 4018 Mediolanenses
1755 3962 2003 4019 nimium
2026 3964 2267 4020 afﬂixit:

619 4053 675 4104 et
705 4051 997 4123 quoniam
1026 4049 1233 4110 urbem
1266 4049 1506 4123 antiquo
1536 4066 1707 4123 opere
1739 4055 1795 4107 et
1825 4049 2078 4107 maxima
2117 4051 2272 4107 mul-

620 4138 876 4196 titudine
905 4138 1219 4206 munitam,
1253 4155 1456 4210 capere
1486 4156 1601 4195 non
1622 4142 1867 4212 poterat.
1898 4141 2053 4213 quod
2085 4139 2145 4196 in
2168 4142 2274 4196 cir-

618 4228 781 4285 cuitu
814 4228 1032 4294 fuerat,
1063 4226 1197 4300 igne
1228 4233 1286 4283 et
1313 4226 1507 4300 gladio
1539 4228 1921 4300 consumpsit.

670 4333 742 4372 οε
779 4332 1085 4373 ΜιιιΑευιο
1124 4333 1277 4379 QUOD
1318 4332 1545 4371 ACCIDI'I‘
1581 4334 1640 4371 IN
1682 4333 1772 4372 DIE
1810 4333 2211 4374 PENTECOSTES.

675 4405 897 4463 Eodem
921 4409 1181 4478 tempore
1202 4421 1335 4460 cum
1359 4403 1676 4477 imperator
1695 4406 1987 4478 quoddam
2011 4410 2267 4462 castrum

614 4491 804 4548 sancti
837 4492 1159 4562 Ambrosii,
1192 4493 1347 4565 quod
1379 4493 1681 4549 Curbitum
1709 4494 1944 4561 dicitur,
1964 4495 2135 4566 juxta
2156 4495 2270 4551 Me-

612 4579 928 4636 diolanum
962 4579 1277 4648 obsideret,
1310 4580 1523 4637 accidit
1560 4582 1637 4636 ibi
1699 4582 1852 4653 quod
1910 4582 2106 4655 plures
2162 4601 2268 4657 pro

2305 1970 2352 2036 B

2384 690 2601 747 honore
2630 693 3017 761 retinuerunt,
3049 693 3151 751 sed
3175 699 3369 751 tamen
3398 711 3534 751 cum
3564 696 3753 769 gratia
3773 696 4027 754 Heinrici

2385 779 2556 851 regis,
2592 779 2692 835 ﬁlii
2724 781 3114 853 imperatoris,
3135 784 3288 854 quod
3316 781 3547 854 plenius
3567 782 3625 838 in
3648 784 3829 857 gestis
3852 785 4027 858 regis,

2384 867 2433 946 si
2459 868 2612 923 Deus
2640 868 2905 938 voluerit,
2952 886 3255 943 exsequar.
3288 871 3504 926 Eodem
3561 874 3823 944 tempore
3877 889 4030 946 papa

2383 945 2674 1012 Cremonae
2707 960 3043 1014 occurrebat
3074 958 3431 1032 imperatori,
3484 964 3543 1015 et
3593 959 3906 1017 honorifice
3938 945 4027 1018 re-

2383 1049 2605 1117 ceptus,
2621 1051 2677 1101 et
2695 1047 2999 1116 dimissus,
3024 1049 3267 1104 Romam
3294 1065 3561 1104 reversus
3582 1054 3689 1105 est.
3709 1050 4031 1123 Imperator

2382 1134 2644 1205 disperso
2665 1135 2917 1191 exercitu
2941 1154 3041 1207 per
3053 1136 3467 1209 regiones,ipse
3489 1137 3560 1192 ad
3578 1142 3889 1195 montuosa
3901 1139 4028 1195 loca

2383 1223 2640 1289 secessit,
2692 1227 2927 1296 propter
2966 1223 3351 1297 refrigerium,
3412 1225 3685 1297 quoniam
3720 1243 3790 1283 ea
3827 1230 4029 1284 testate

2383 1326 2632 1383 magnus
2662 1311 2820 1367 calor
2844 1313 3206 1369 imminebat.

2558 1416 2629 1454 DE
2666 1417 2955 1456 SEDITIONE
3006 1418 3137 1464 QUzE
3179 1416 3350 1458 FACTA
3390 1419 3489 1457 EST
3528 1420 3584 1458 IN
3625 1420 3842 1460 PARMA.

2452 1487 2663 1543 Eodem
2694 1506 2844 1546 anno
2876 1489 3117 1545 hiberno
3169 1494 3428 1562 tempore
3458 1489 3696 1546 collecto
3741 1492 4019 1559 exercitu,

2382 1573 2697 1647 imperator
2724 1578 3143 1634 transcendens
3174 1578 3395 1634 Padum
3424 1579 3495 1634 ad
3554 1579 3823 1635 Parmam
3883 1581 4023 1637 civi-

2383 1666 2560 1719 tatem
2600 1666 2781 1721 venit:
2806 1666 2884 1721 ibi
2909 1665 3172 1723 Natalem
3198 1667 3423 1723 Domini
3457 1666 3785 1731 celebravit,
3819 1668 4026 1726 incho—

2382 1758 2515 1808 ante
2541 1771 2692 1810 anno
2723 1755 3037 1811 Dominicze
3059 1755 3655 1813 incarnationisJO38.
3684 1756 3748 1812 In
3780 1755 3908 1829 ipsa
3927 1757 4024 1813 die

2383 1840 2712 1898 Nativitatis
2743 1842 2973 1899 Domini
3005 1843 3157 1899 inter
3195 1844 3545 1901 Teutonicos
3592 1848 3649 1901 et
3692 1844 3844 1902 cives
3882 1846 4024 1902 Par-

2384 1947 2614 1987 menses
2647 1948 2860 2005 .nagna
2917 1932 3127 1988 seditio
3159 1936 3286 1989 orta
3340 1936 3447 2000 est,
3481 1937 3539 1989 et
3587 1932 3826 2005 quidam
3877 1933 4024 1991 bene

2382 2018 3219 2077 valensChuonradusinfertor
3230 2021 3494 2077 ciborum
3507 2020 3875 2093 imperatoris
3887 2039 4023 2079 cum

2382 2106 2512 2163 aliis
2542 2108 2879 2164 interfectus
2901 2112 3007 2164 est.
3042 2108 3205 2165 Unde
3235 2113 3567 2165 commotus
3588 2108 3875 2167 exercitus
3900 2110 4023 2184 gla-

2382 2194 2494 2252 diis
2525 2200 2582 2251 et
2612 2195 2744 2268 igne
2793 2196 2946 2252 cives
3004 2195 3361 2270 aggreditur,
3414 2200 3472 2252 et
3527 2197 3845 2270 imperator
3896 2202 4028 2271 post

2381 2284 2716 2340 incendium
2749 2300 3024 2357 magnam
3054 2288 3276 2357 partem
3300 2300 3602 2340 murorum
3633 2285 3856 2341 destrui
3877 2303 4024 2359 prte-

2381 2371 2845 2445 cepit.uteorum
2867 2376 3383 2445 praesumptionem
3421 2389 3536 2429 non
3572 2371 3751 2429 fuisse
3773 2373 4022 2431 inultam

2383 2459 2504 2515 haec
2535 2460 2705 2516 ruina
2732 2459 2863 2516 aliis
2893 2460 3224 2516 civitatibus
3254 2459 3553 2515 indicaret.
3589 2461 3803 2517 Deinde
3831 2460 4023 2534 impe-

2382 2553 2543 2604 rator
2562 2550 2985 2606 transcendens
3008 2549 3378 2622 Apenninum
3403 2549 4022 2623 montem,inApuliam

2382 2638 2675 2694 tendebat.
2710 2637 3050 2710 Imperatrix
3079 2655 3213 2694 vero
3244 2638 3510 2709 Romam,
3564 2637 3767 2694 orandi
3811 2639 4018 2712 gratia,

2380 2727 2560 2795 venit,
2591 2727 2724 2783 inde
2755 2727 2827 2782 ad
2877 2726 3285 2798 imperatorem
3336 2727 3660 2783 revertitur.
3696 2727 4024 2800 Imperator

2382 2817 2451 2871 ad
2484 2816 2765 2871 terminos
2801 2814 3027 2887 imperii
3057 2816 3149 2871 sui
3181 2814 3544 2888 perveniens,
3569 2816 3823 2881 Troiam,
3848 2815 4024 2873 Bene-

2379 2909 2716 2972 ventanum,
2750 2908 2807 2960 et
2835 2908 3113 2976 Capuam,
3166 2903 3427 2976 aliasque
3457 2903 3719 2960 civitates
3774 2903 4016 2978 Apuliae,

2380 2991 2506 3064 lege
2535 2996 2592 3047 et
2614 2992 2845 3062 justitia
2867 2991 3183 3060 stabilivit;
3217 2992 3632 3060 dissentiones,
3675 3010 3803 3064 qua:
3853 2996 4024 3049 erant

2384 3081 2533 3137 inter
2590 3081 2954 3136 Normannos
3011 3084 3315 3136 extraneos
3370 3085 3428 3136 et
3500 3079 3829 3153 indigenas,
3898 3081 4024 3139 sola

2375 3170 2642 3242 jussione
2665 3169 2887 3225 sedavit
2921 3186 2933 3224 :
2967 3174 3024 3223 et
3044 3169 3268 3224 cunctis
3300 3168 3723 3225 offensionibus
3744 3170 3814 3226 de
3843 3186 4023 3243 regno

2382 3259 2652 3326 sublatis,
2688 3249 2934 3313 feliciter
2958 3274 3241 3323 reversus,
3274 3257 3554 3312 Viennam
3578 3257 3756 3312 venit.
3782 3257 3875 3313 'Ibi
3906 3257 4025 3313 dis-

595 3366 609 3375 ο
629 3341 1034 3398 sacerdotibus
1059 3340 1321 3395 debetur.
1355 3340 1567 3397 Eodem
1603 3357 1753 3396 anno
1785 3342 2058 3413 praefatus
2079 3334 2347 3400 comesgc
2380 3347 2584 3421 positis
2612 3346 3016 3404 obsidionibus
3047 3350 3104 3401 et
3146 3345 3378 3401 insidiis
3422 3346 3698 3401 adversus
3747 3345 4024 3403 Mediola-

2384 3454 2613 3503 nenses,
2638 3436 2737 3508 qui
2769 3435 2960 3491 adhuc
2994 3434 3105 3490 sibi
3129 3433 3371 3491 rebelles
3404 3435 3651 3503 fuerant,
3680 3432 4019 3508 ceterisque

2382 3526 2558 3582 rebus
2590 3525 2660 3580 ad
2689 3523 3040 3580 voluntatem
3076 3511 3242 3580 suam
3277 3540 3378 3596 per
3400 3540 3644 3596 regnum
3677 3522 4020 3595 conpositis,

2382 3613 2629 3689 patriam
2679 3612 2958 3669 reviscere
3014 3612 3284 3668 decrevit.
3336 3613 3413 3668 Eo
3474 3617 3733 3685 tempore
3789 3614 4026 3685 propter

2383 3703 2633 3759 nimium
2665 3702 2917 3758 calarem
2948 3701 3131 3757 nimia
3159 3701 3427 3775 contagio
3450 3701 3791 3775 pestilentia
3810 3701 4025 3758 exerci-

2382 3796 2508 3848 tum
2568 3790 2826 3847 invasit:
2883 3806 3071 3862 neque
3138 3790 3428 3858 aetatibus,
3507 3807 3695 3863 neque
3758 3791 4026 3863 personis

2382 3879 2655 3952 pepercit.
2683 3879 2765 3936 Ibi
2813 3879 3016 3952 regina
3066 3877 3469 3945 Chunelindis,
3503 3880 3717 3950 conjux
3773 3878 4020 3935 Heinrici

2380 3968 2554 4041 regis,
2586 3986 2659 4023 xv
2687 3967 2930 4023 Kalend.
2955 3967 3224 4039 Augusti,
3248 3965 3413 4038 quasi
3449 3966 3506 4021 in
3527 3965 3731 4023 limine
3758 3966 3905 4036 vitta,
3941 3967 4025 4023 in-

2378 4072 2586 4129 gressu
2616 4053 2841 4122 mortis,
2876 4054 3166 4122 occubuit,
3219 4053 3558 4125 relinquens
3617 4055 4022 4111 tantummodo

2379 4143 2564 4200 solam
2597 4142 2835 4199 filiolam
2868 4144 2938 4199 de
2972 4158 3123 4214 rege,
3157 4159 3333 4215 quam
3364 4145 3568 4214 postea
3596 4146 3762 4214 pater
3791 4142 4020 4200 Christo

2378 4233 2743 4304 desponsans
2771 4232 2831 4286 in
2863 4230 3223 4287 abbatissam
3275 4230 3601 4287 consecrari
3651 4230 3804 4287 fecit.
3839 4230 4019 4289 Filius

2377 4319 2762 4393 imperatricis
2783 4318 3151 4375 Hermannus
3172 4319 3289 4375 dux
3306 4318 4019 4391 Alemannorum,juvenis

2377 4409 2541 4465 bonae
2567 4407 2801 4475 indolis,
2848 4410 2903 4464 et
2931 4406 2991 4463 in
3024 4407 3198 4464 rebus
3224 4406 3449 4463 bellicis
3483 4410 3780 4475 strenuus,
3813 4407 4017 4465 eadem

2376 4501 2537 4570 peste
2568 4501 2864 4570 gravatus,
2894 4495 3046 4552 inter
3076 4513 3290 4552 manus
3322 4495 3814 4569 peritissimorum
3835 4496 4021 4553 medi-

2379 4603 2578 4642 corum
2610 4602 2645 4640 v
2673 4584 2918 4641 Kalend.
2948 4585 3217 4658 Augusti,
3252 4601 3369 4641 non
3400 4582 3523 4640 sine
3555 4584 4018 4658 magnoimperii

612 4668 908 4760 miraculo
929 4667 2263 4760 habuerunt.InDominicasanctaPentecostes,
2295 4695 2343 4760 D
2376 4674 2743 4741 detrimento,
2777 4673 2940 4729 obiit.
2973 4673 3189 4729 Eodem
3247 4689 3446 4729 mense
3504 4676 3677 4745 atque
3729 4673 4014 4746 sequenti,

544 4764 545 4793 l
609 4760 746 4813 ante
767 4756 984 4813 horam
1000 4757 1254 4824 tertiam,
1280 4757 1351 4813 de
1368 4773 1582 4830 magna
1596 4758 1906 4814 serenitate
1926 4757 2051 4814 cmli
2071 4759 2265 4815 subito

544 4852 549 4886 ι
611 4842 870 4900 fulmina
886 4860 1027 4901 cum
1047 4843 1323 4902 tonitruis
1344 4851 1664 4918 eruperunt
1682 4849 1854 4903 tantae
1880 4847 2260 4918 fortitudinis,

544 4962 547 4973 ι
606 4935 673 4986 ut
701 4932 902 4989 multa
933 4949 1073 5005 pars
1124 4933 1433 4990 hominum
1478 4938 1537 4990 et
1593 4950 1877 5007 equorum
1932 4935 2147 5008 periret
2201 4936 2263 4993 in

607 5020 872 5078 castris:
909 5022 1154 5093 quidam
1187 5039 1303 5096 pra
1356 5026 1520 5078 tanto
1575 5026 1795 5079 terrore
1852 5023 1911 5079 in
1961 5039 2263 5081 excessum

605 5109 829 5166 mentis
854 5114 1164 5180 venerunt,
1197 5108 1278 5166 ita
1299 5115 1366 5167 ut
1384 5116 1516 5183 post
1535 5111 1757 5184 aliquot
1778 5128 2009 5169 menses
2030 5114 2124 5169 vix
2145 5112 2263 5171 illis

543 5210 547 5245 ξ
602 5211 822 5253 sensus
844 5196 1109 5254 redierit.
1140 5198 1454 5255 Venientes
1480 5203 1699 5267 autem,
1730 5201 1831 5273 qui
1883 5205 2041 5257 extra
2072 5206 2263 5258 castra

544 5296 548 5335 ι

544 5478 548 5517 ἰ

543 5568 549 5605 1

601 5283 862 5353 fuerant,
899 5302 1009 5343 nec
1028 5286 1264 5357 vidisse,
1297 5304 1401 5343 nec
1427 5287 1663 5344 audisse
1709 5288 1931 5361 aliquid
1962 5289 2078 5347 tale
2107 5292 2260 5347 dice-

600 5372 766 5429 bant.
800 5374 887 5429 Eo
920 5376 1182 5447 tempore
1213 5374 1529 5447 imperator
1556 5376 2116 5449 archiepiscopatum
2144 5380 2259 5435 Me-

601 5459 1021 5518 diolanensem
1032 5463 1337 5520 Ambrosio
1353 5463 1767 5520 Mediolancnsi
1788 5466 2069 5522 canonico
2079 5466 2257 5536 dedit,

600 5548 739 5606 licet
766 5549 856 5605 illi
888 5548 1008 5605 ista
1037 5551 1272 5608 donatio
1302 5569 1508 5625 parum
1549 5548 1878 5625 profuisset.
1912 5552 2057 5608 Nam
2107 5555 2261 5611 cives

601 5637 1103 5707 Mediolanenses,
1125 5639 1410 5712 quidpuid
1432 5641 1637 5697 habuit
1652 5641 1806 5696 idem
1831 5641 2176 5699 Ambrosius
2198 5643 2254 5699 in

544 5749 547 5785 ξ
597 5718 843 5783 illorum
879 5716 1197 5791 territorio,
1230 5728 1714 5798 demoliebantur,
1738 5732 1795 5785 et
1842 5746 2018 5786 suum
2069 5731 2257 5787 archi-

2375 4762 2629 4817 maxima
2642 4760 2957 4818 multitudo
2975 4761 3280 4832 exercitus,
3295 4760 3497 4817 morbo
3519 4764 3806 4830 contacta,
3824 4760 4014 4834 periit.

2371 4851 2592 4923 Corpus
2619 4850 2832 4924 reginae
2862 4854 3127 4906 tenerum
3161 4854 3219 4906 et
3268 4849 3602 4918 delicatum,
3654 4850 4016 4907 aromatibus

2372 4939 2696 5010 conditum,
2729 4956 2863 4995 cum
2890 4955 3020 5012 rege
3050 4943 3107 4996 et
3130 4937 3495 5011 imperatrice
3521 4938 3765 4994 ductum
3789 4938 3859 4995 ad
3879 4941 4018 4995 Ger-

2372 5028 2652 5098 maniam,
2680 5028 2741 5083 in
2794 5028 3180 5101 praepositum
3223 5027 3486 5099 Lutburg
3545 5025 3846 5099 sepultum
3904 5032 4012 5084 est.

2371 5116 2451 5172 De
2481 5117 2626 5173 duco
2656 5121 2941 5173 statutum
2974 5117 3181 5185 fuerat,
3215 5121 3280 5172 ut
3311 5116 3366 5171 in
3416 5114 3822 5173 Constantiam
3872 5116 4015 5173 civi-

2370 5209 2547 5262 tatem
2580 5205 2931 5261 Alemannis:
2962 5206 3292 5271 duceretur,
3326 5205 3424 5260 sed
3460 5203 3649 5260 calore
3691 5202 3873 5261 nimio
3912 5204 4014 5259 ob-

2370 5296 2559 5349 stante
2584 5293 2644 5349 in
2674 5293 3011 5351 Tridentino
3044 5292 3345 5366 sepelitur.
3388 5308 3391 5315 ν

2370 5416 2522 5463 QUOD
2561 5416 2886 5456 IMPERATOR
2923 5417 3070 5456 ισίωο
3108 5416 3217 5455 δυο
3256 5415 3388 5454 REGI
3445 5415 3830 5455 BURGUNDIAM
3874 5414 4010 5453 TRA-

3098 5487 3269 5525 οῐῡιτ.

2441 5558 2651 5614 Eodem
2705 5575 2857 5615 anno
2906 5557 3235 5631 Stephanus
3282 5566 3382 5614 rex
3440 5557 3797 5630 Ungarorum
3841 5552 4008 5619 obiit,

2368 5645 2705 5719 relinquens
2727 5663 2970 5721 regnum
2991 5648 3153 5703 Petro
3176 5646 3297 5702 ﬁlio
3317 5646 3533 5703 sororis
3555 5660 3692 5699 suae.
3718 5643 4005 5697 Reversus

2372 5734 2691 5807 imperator
2748 5734 2807 5791 in
2866 5733 3213 5808 Bojoariam,
3269 5722 4000 5807 aegrotantemexsrcitum
