4868 6456
1508 559 1666 624 1247

2731 517 3116 620 Wlpporzls
3165 557 3680 622 vaesanas].

4699 561 4794 624 litt

1509 693 1821 756 medicinis
1871 697 1927 752 et
1983 689 2225 751 consilio
2282 690 2610 750 reficiebat:
2668 694 2725 748 et
2775 690 2918 748 dum
2969 707 3141 748 omne
3177 693 3230 760 Α
3261 690 3491 749 nionem
3523 692 3596 749 ad
3633 696 4001 766 peccatorum
4061 691 4464 752 remissionem
4510 691 4794 752 devotissime

1507 803 1758 861 regnum
1811 784 2121 841 serenitate
2175 781 2333 856 pacis
2389 781 2704 836 invenisset
2759 779 3142 848 illustratum,

1506 877 1773 949 ejusdem
1803 873 1964 931 omni
1993 876 2276 928 autumno
2309 870 2704 942 Burgundiam
2737 869 2899 936 adiit,
2931 874 2988 924 et
3017 887 3145 924 con-

1507 965 1726 1022 vocatis
1755 962 1984 1020 cunctis
2016 959 2374 1034 principibus
2403 959 2586 1031 regni,
2645 958 2912 1031 generale
2961 958 3141 1013 collo-

1508 1055 1715 1128 quium
1744 1051 1948 1110 habuit
1968 1068 2100 1105 eum
2123 1049 2206 1105 eis
2230 1066 2242 1103 :
2263 1052 2320 1104 et
2347 1047 2444 1104 diu
2467 1048 2770 1103 desuetam
2802 1052 2974 1119 atque
2995 1064 3136 1118 pene

1509 1143 1760 1200 deletam
1782 1141 1966 1212 legem
1991 1145 2127 1193 tunc
2144 1138 2399 1210 primum
2420 1135 2818 1208 Burgundiam
2843 1133 3144 1207 praelibare

1510 1233 1736 1289 fecerat.
1753 1228 2084 1286 Transactis
2105 1226 2290 1280 trihns
2309 1225 2534 1291 diebus,
2562 1223 2848 1296 generalis
2869 1222 3142 1294 colloquii

1505 1325 1713 1396 quarta
1744 1319 1858 1383 die,
1882 1317 2230 1390 primatibus
2267 1313 2423 1386 regni
2457 1330 2590 1369 cum
2626 1313 2896 1368 universo
2930 1311 3142 1384 populo

1503 1408 1900 1474 laudantibus,
1933 1411 2107 1478 atque
2139 1404 2503 1475 rogantibus,
2536 1402 2854 1474 imperator
2890 1402 3006 1456 tilio
3037 1418 3143 1457 suo

1502 1497 1768 1556 Heinrico
1799 1494 1917 1568 regi
1979 1510 2224 1567 regnum
2271 1491 2620 1564 Burgundite
2667 1491 2927 1555 tradidit,
2975 1491 3142 1562 eique

1499 1587 1840 1644 ﬁdelitatem
1871 1584 2281 1652 denunjurare
2313 1581 2464 1636 fecit.
2498 1581 2676 1644 Quem
2711 1579 2966 1652 episcopi
3005 1596 3140 1634 cum

1501 1677 1726 1732 cazteris
1747 1672 2111 1746 ρῐιίηηὶμὶὺιιδ
2169 1669 2225 1724 in
2257 1669 2560 1724 ecclesiam
2619 1666 2805 1724 sancti
2838 1667 3138 1740 Stephani,

1501 1781 1630 1838 quas
1651 1779 1756 1836 pro
1775 1759 1996 1834 capella
2019 1759 2170 1831 regis
2195 1757 2460 1813 Soloduri
2479 1757 2744 1823 habetur,
2768 1757 3138 1824 deducentes,

1502 1851 1742 1927 hymnis
1771 1854 1829 1906 et
1857 1847 2098 1906 canticis
2130 1847 2311 1902 Deum
2363 1845 2700 1914 laudabant,
2760 1844 2971 1917 populo
3023 1845 3138 1901 cla-

1503 1944 1701 1998 mante
1727 1943 1785 1996 et
1813 1939 2038 1997 dicente
2069 1937 2222 2009 quod
2256 1953 2365 2007 pax
2388 1951 2588 2008 pacem
2621 1939 2938 2005 generaret,
2971 1934 3018 1989 si
3044 1952 3140 1990 rex

3253 783 3566 854 accipiens,
3599 784 3954 856 imperatrici
3985 788 4044 841 et
4073 784 4192 841 ﬁlio
4223 785 4344 858 regi
4378 784 4603 841 Henrico
4628 801 4708 858 per
4727 786 4795 840 ﬁda

3255 872 3475 927 monita
3503 871 3854 939 valedicens,
3886 891 3955 929 ex
4012 873 4122 929 hac
4151 873 4271 929 vita
4322 873 4578 947 migravit
4599 889 4646 928 ιι
4669 873 4794 929 Nonas

3251 958 3434 1030 Junii,
3469 960 3611 1016 t‘eria
3644 979 3705 1026 ιι,
3757 960 4076 1018 indictione
4106 977 4208 1019 vu.
4240 961 4476 1019 Viscera
4524 961 4797 1034 imperatoris

3253 1049 3405 1119 apud
3438 1049 3767 1120 Trajectum
3795 1051 4033 1106 condita
4062 1056 4220 1118 sunt,
4253 1055 4314 1107 et
4348 1067 4446 1106 rex
4473 1049 4646 1108 locum
4669 1049 4795 1120 sepul-

3253 1141 3395 1191 turae
3427 1137 3596 1193 donis
3625 1143 3682 1194 et
3714 1139 3912 1212 praedii
3966 1138 4292 1212 ampliavit.
4345 1137 4633 1212 Reliquum
4658 1154 4798 1208 corpus

3251 1226 3325 1280 ab
3359 1225 3723 1298 imperatrice
3753 1233 3809 1284 et
3842 1227 3962 1283 tilio
4021 1246 4174 1301 rege,
4209 1232 4274 1283 ut
4319 1227 4530 1300 optime
4573 1225 4797 1299 excogitari

3253 1320 3498 1386 poterat,
3517 1315 3840 1372 involutum
3864 1321 3920 1372 et
3941 1318 4304 1374 reconditum
4320 1314 4798 1390 usqueAgrippinam

3250 1402 3547 1460 Coloniam
3565 1409 3816 1472 vectum,
3839 1422 3940 1478 per
3956 1409 4166 1462 cuncta
4187 1406 4448 1462 carnebia
4469 1404 4614 1460 illius
4625 1403 4800 1460 civitatis

3250 1496 3424 1564 atque
3456 1493 3764 1565 Moguntize
3796 1511 3897 1550 seu
3930 1495 4288 1562 Wormatie,
4321 1494 4440 1552 sive
4475 1493 4682 1550 illorum
4722 1509 4800 1562 qua

3252 1582 3308 1636 in
3344 1582 3534 1638 medio
3565 1583 3815 1648 fuerant,
3848 1583 4005 1639 omni
4037 1583 4252 1657 pepulo
4295 1586 4564 1656 sequente
4595 1585 4645 1637 et
4668 1583 4801 1637 orante

3250 1672 3642 1742 deportatum,
3693 1671 4019 1728 incredibili
4078 1672 4364 1738 oratione,
4424 1674 4479 1727 et
4507 1666 4803 1743 magnis[al..

3249 1759 3468 1826 multis]
3503 1759 3888 1832 eleemosynis
3909 1776 4014 1832 pro
4039 1760 4442 1832 redemptione
4461 1757 4652 1814 anima
4675 1755 4802 1818 factis,

3247 1847 3542 1903 tricesima
3599 1853 3820 1913 octava,
3878 1865 3995 1921 qua
4052 1847 4427 1914 obdormivit,
4458 1846 4565 1916 die,
4621 1846 4672 1900 in
4694 1843 4804 1914 Spin

3246 1936 3496 2001 civitate,
3529 1953 3704 2008 quam
3737 1936 3860 2008 ipse
3892 1936 4389 2009 imperator,sicnt
4416 1940 4473 1992 et
4500 1937 4678 2008 postea
4702 1931 4803 1987 ﬁlius

1501 2048 1636 2086 cum
1665 2030 1888 2086 (ἔδεαι-θ
1908 2029 2192 2100 regnaret.
2223 2025 2506 2123 iteversus
2530 2023 2842 2126 imperator
2865 2041 2964 2095 per
2988 2023 3140 2078 Basi-
3172 2061 3217 2126 Β
3250 2025 3498 2080 multum
3532 2025 3890 2089 sublimavit.
3919 2026 4234 2082 honoriﬁce
4265 2024 4558 2095 sepultum
4584 2026 4677 2079 est.
4709 2019 4802 2126 Nan:

1500 2119 1654 2176 leam
1673 2113 2362 2184 descendens,anciam
2385 2111 2720 2168 orientalem
2741 2117 2796 2167 et
2809 2113 3136 2180 Saxoniam,

1506 2212 1684 2280 atque
1707 2204 1977 2270 Frisiam,

1573 2299 1784 2351 Pacem
1815 2291 2121 2355 firmando,
2153 2288 2338 2362 legem
2373 2290 2636 2345 faciendo
2670 2289 2888 2344 revisit.

1964 2396 2033 2436 DE
2070 2395 2239 2434 OBITU
2281 2395 2672 2434 IMPERATORIS.

1570 2468 2050 2530 AnnoDominicm
2073 2467 2799 2533 incarnationisl039,dum
2825 2467 3140 2539 imperator

1498 2560 1883 2620 Chuonradus
1895 2560 2022 2632 jam
2039 2557 2099 2613 in
2121 2557 2240 2612 ﬁlio
2263 2574 2369 2611 suo
2383 2574 2513 2628 rege
2527 2557 2665 2612 Ilein
2677 2557 2793 2611 rice
2809 2556 2966 2628 regni
2992 2574 3134 2623 rem,

1495 2650 1726 2724 imperii
1756 2653 1951 2705 autem
1975 2664 2135 2720 spem
2157 2647 2304 2700 bene
2326 2645 2574 2700 locatam
2598 2646 2945 2701 conﬁderet:
2973 2661 3137 2701 cum-

1499 2757 1612 2815 que
1643 2755 1788 2812 pene
1815 2735 2014 2793 omnia
2038 2752 2140 2808 per
2160 2750 2404 2806 regnum
2428 2734 2498 2788 ad
2526 2733 2758 2788 libitum
2782 2751 2956 2790 suum
2980 2734 3140 2789 ineli-

1499 2833 1640 2886 nata
1663 2827 1907 2895 videret,
1939 2824 2066 2896 ipso
2098 2840 2250 2878 anno
2281 2821 2434 2878 diem
2469 2827 2736 2878 sanctum
2771 2823 3136 2879 Pentecostes

1499 2916 1653 2992 apud
1703 2913 2038 2985 Trajectum
2095 2910 2384 2966 civitatem
2437 2909 2626 2966 Frisia)
2670 2910 2999 2979 celebravit,
3036 2912 3134 2967 ubi

1500 3022 1636 3062 cum
1664 3001 2121 3061 sacratissimam
2155 3000 2477 3056 venerando
2509 2999 2814 3072 magnifice
2854 3016 2987 3056 cum
3017 2999 3134 3055 lilio

1497 3099 1558 3153 et
1584 3090 1950 3166 imperatrice
1979 3093 2289 3146 coronatur
2344 3089 2678 3161 procederet
2714 3089 2785 3144 ad
2843 3106 3130 3156 mensam,

1499 3181 1779 3241 mediocri
1810 3179 2004 3237 dolore
2031 3183 2332 3251 correptus
2353 3183 2479 3244 est;
2510 3183 2705 3234 tamen
2729 3195 2799 3233 ne
2825 3182 2996 3233 tantae
3020 3177 3132 3232 diei

1495 3272 1756 3330 laetitiam
1797 3269 2180 3344 perturbaret,
2241 3267 2499 3324 dolorem
2561 3266 2970 3324 dissimulavit.
3031 3267 3133 3322 Se-

1495 3359 1695 3440 quenti
1723 3359 1839 3428 die,
1871 3375 2005 3416 cum
2037 3357 2280 3414 morbus
2313 3355 2542 3412 lethalis
2581 3355 2952 3411 vehementer
2983 3354 3131 3410 insi-

3249 2113 3493 2186 gratiam
3525 2113 3870 2170 Chuonrado
3899 2113 4236 2188 imperatori
4257 2115 4414 2171 Deus
4457 2111 4673 2175 addidit,
4698 2106 4799 2180 quod

3249 2220 3362 2258 non
3384 2203 3852 2276 vidimus,neque
3873 2203 4206 2260 audivimus
4228 2207 4424 2260 tantas
4443 2197 4803 2259 lamentationes

3249 2293 3676 2359 universorum,
3693 2296 3778 2348 tot
3793 2293 4108 2361 orationes,
4128 2292 4275 2349 tales
4296 2291 4674 2363 eleemosynas
4689 2282 4802 2340 alicui

3249 2381 3666 2454 imperatorum
3697 2398 3937 2454 corpore
3959 2381 4252 2454 insepulto
4274 2381 4484 2448 factas,
4503 2384 4559 2436 et
4584 2377 4709 2434 sicut
4724 2387 4802 2446 per

3247 2470 3510 2543 cepimus
3552 2471 3832 2526 referente
3883 2470 4155 2544 episcOpo
4213 2469 4461 2528 Henrico
4508 2459 4800 2526 Lausanensi.

3247 2577 3380 2614 cum
3411 2560 3629 2615 cmteris
3663 2559 4201 2632 Burgundionibus,
4231 2560 4331 2632 qui
4383 2559 4550 2616 illum
4595 2556 4656 2612 de
4698 2551 4798 2608 obitu

3245 2665 3430 2721 usque
3461 2647 3824 2721 sepulturam
3858 2649 4148 2722 prosecuti
4188 2653 4348 2717 sunt,
4415 2647 4566 2704 ﬁlius
4612 2639 4800 2700 Cesaris,

3246 2736 3548 2794 Heinricus
3569 2754 3663 2792 rex
3685 2738 3755 2792 ad
3784 2753 3988 2794 omnes
4013 2737 4289 2794 introitus
4319 2733 4745 2796 eeclesiarum,et
4761 2724 4800 2780 ad

3243 2832 3566 2882 extremum
3599 2827 3670 2882 ad
3717 2825 4080 2898 sepulturam
4136 2825 4422 2884 humeros
4465 2839 4600 2882 suos
4641 2812 4799 2888 corpori

3243 2914 3426 2986 patris
3459 2913 3608 2970 ultra
3639 2915 3878 2970 modum
3901 2914 4110 2970 humili
4129 2914 4440 2972 devotione
4460 2907 4752 2986 supposuit:
4770 2905 4802 2955 et

3242 3021 3356 3059 non
3389 3002 3578 3059 solum
3612 3004 3766 3076 quod
3798 3003 3954 3059 filius
3986 3003 4135 3076 patri
4173 3002 4235 3060 in
4291 3004 4560 3060 claritate
4605 2995 4801 3072 perfecta.

3241 3094 3341 3149 scd
3374 3093 3528 3165 quod
3561 3109 3762 3148 servus
3794 3093 4041 3148 Domino
4081 3093 4139 3148 in
4172 3093 4386 3150 timore
4437 3093 4628 3149 sancto
4673 3083 4801 3140 debet.

3240 3181 3348 3237 hoc
3368 3185 3554 3237 totum
3579 3196 3674 3236 rex
3691 3181 3838 3253 patri
3857 3180 4133 3236 defuncto
4145 3167 4801 3238 studiosissimecxhibuit.

3240 3270 3368 3326 Haac
3389 3271 3459 3325 de
3481 3269 3848 3343 imperatoris
3868 3269 4200 3326 Chuonradi
4227 3270 4416 3343 gestis
4437 3265 4664 3324 breviter
4677 3257 4802 3326 scrip-

3239 3357 3448 3426 simus,
3481 3359 3552 3414 de
3587 3357 3821 3430 quibus,
3855 3358 3906 3414 si
3937 3359 4264 3432 quidquam
4305 3358 4590 3416 intactum
4637 3346 4806 3408 omnino

1491 3425 1690 3520 staret,
1717 3425 2142 3522 impetatricem
2173 3463 2308 3502 cum
2341 3443 2462 3500 ﬁlio
2523 3461 2652 3518 rege
2684 3445 2755 3499 ad
2817 3444 3128 3515 prandium
3157 3425 3208 3501 θ
3241 3425 3747 3514 dimisimus-hoc
3801 3425 4134 3503 inauditum
4191 3463 4322 3504 esse
4367 3465 4404 3504 a
4461 3442 4619 3504 nobis
4667 3435 4807 3496 creda-

1491 3540 1648 3599 exire
1663 3539 1836 3610 jubet
1855 3537 1926 3592 de
1938 3534 2459 3592 rubiculo.lnterea
2480 3533 2793 3606 imperator
2823 3533 2997 3588 finem
3017 3532 3130 3589 sibi

1494 3627 1804 3686 imminere
1836 3623 2115 3690 sentiens,
2155 3624 2307 3678 sicut
2335 3621 2394 3676 in
2453 3622 2572 3677 vita
2629 3639 2827 3689 sanus,
2882 3621 2939 3676 in
2998 3625 3131 3677 actu

1495 3731 1729 3790 semper
1755 3716 2034 3770 constans
2063 3716 2122 3767 et
2152 3715 2428 3766 strenuus
2462 3711 2588 3778 fuit,
2612 3709 2694 3766 ita
2733 3710 2792 3766 in
2856 3710 3133 3767 extremis

1495 3803 1647 3860 nihil
1667 3800 1952 3876 segnioris
1975 3799 2108 3856 fidei
2128 3799 2450 3873 permansit
2475 3817 2487 3854 :
2513 3803 2568 3854 et
2583 3799 2799 3856 vocatis
2819 3799 3129 3872 episcopis,

1495 3909 1710 3967 corpus
1739 3891 1790 3947 ei
1823 3890 2169 3962 sanguinem
2202 3887 2454 3953 Domini,
2487 3892 2544 3943 et
2589 3904 2816 3943 crucem
2868 3893 3130 3943 sanctam

1492 3976 1627 4040 cuin
1659 3977 1922 4052 reliquiis
1951 3981 2286 4034 sanctorum
2329 3976 2618 4050 apportari
2654 3978 2902 4045 fecerat;
2935 3979 2992 4032 et
3017 3976 3130 4032 eri-

1489 4088 1636 4146 gens
1667 4086 1729 4127 se
1757 4085 1892 4124 cum
1923 4065 2196 4140 lacrymis
2227 4064 2389 4121 valde
2418 4065 2770 4130 alfectuosis,
2803 4065 2859 4120 in
2905 4064 3129 4120 confes-

1487 4161 1652 4220 sione
1682 4175 1830 4232 pura
1857 4161 1915 4213 et
1943 4155 2203 4213 oratione
2231 4153 2472 4222 intenta,
2507 4159 2842 4211 sanctorum
2873 4169 3130 4210 commu-

3241 3540 3355 3592 tur.
3387 3535 3446 3590 Si
3479 3539 3674 3591 autem
3705 3535 3927 3608 aliquid
3983 3536 4244 3592 strictius
4300 3552 4486 3610 quam
4537 3544 4706 3590 rerum
4730 3537 4810 3580 ωδε

3239 3623 3484 3698 gnitudo
3514 3640 3576 3680 se
3616 3625 3970 3692 extenderet,
4024 3625 4248 3680 dictum
4280 3630 4396 3692 est,
4454 3621 4596 3680 illud
4647 3615 4808 3691 ριόρίθτ

3238 3713 3714 3770 commoditatem
3741 3714 3987 3786 legentis
4019 3713 4237 3770 factum
4280 3730 4418 3771 esse
4477 3709 4726 3770 veraciter
4761 3701 4808 3753 εἴ·

3238 3800 3604 3855 testabimur.
3639 3800 3746 3856 Pro
3778 3818 3894 3872 quo
3923 3801 4164 3874 quidem
4195 3801 4267 3857 de
4291 3801 4515 3859 nostris
4538 3792 4807 3855 cantilenam

3237 3887 3722 3945 lamentationum
3747 3889 3981 3956 fecerat,
4008 3906 4186 3962 quam
4209 3894 4423 3962 postea
4437 3887 4558 3945 tilio
4585 3900 4681 3942 suo
4697 3875 4809 3936 Hein'

3240 3977 3356 4032 rico
3388 3977 3507 4050 regi
3538 3976 3598 4033 in
3625 3977 3966 4034 Constantia
3999 3977 4230 4034 civitate
4287 3973 4671 4052 prasentavit,
4717 3976 4809 4037 qu”

3237 4065 3682 4122 lamentationes
3712 4066 3829 4133 hic,
3861 4065 4140 4140 quoniam
4196 4067 4474 4139 ejusdem
4531 4058 4702 4138 Operi:
4725 4057 4808 4112 sum

3237 4153 3511 4224 inserere,
3544 4172 3658 4212 non
3689 4156 4080 4229 incongruum
4112 4154 4480 4228 putavimus.

1907 4452 2348 4568 VERSUS
2416 4451 2640 4566 PRO
2707 4453 3043 4568 OBITU
3111 4454 3612 4570 CONRADI
3682 4455 4480 4572 IMPERATORIS

1669 4684 1722 4740 1.
1765 4681 1875 4749 Qui
1911 4695 2112 4738 vocem
2151 4679 2330 4735 habet
2359 4693 2648 4747 serenam,

1773 4771 1934 4828 Hanc
1963 4768 2221 4844 proferat
2249 4765 2624 4834 cantilenam,

1775 4858 1857 4916 De
1885 4875 2039 4914 anno
2069 4855 2430 4915 lamentabili

1775 4948 1844 5005 Et
1873 4949 2089 5004 damno
2117 4945 2396 5003 ineﬁ‘abili

1779 5038 1964 5112 Luget
1993 5034 2187 5094 omnis
2215 5034 2413 5102 homo,

1773 5125 2119 5184 Forinsecus
2147 5128 2206 5180 et
2231 5123 2292 5179 in
2322 5125 2496 5180 domo

1772 5213 2046 5287 Suspirat
2069 5210 2324 5284 populus
2353 5210 2694 5277 Dominum,

1776 5301 2086 5376 Vigilando
2117 5315 2220 5371 per
2247 5309 2549 5365 somnum,

1780 5390 1901 5449 Rex
1929 5387 2106 5452 Deus,
2135 5385 2294 5442 vivos
2324 5389 2507 5452 tuere,

1782 5479 1854 5538 Et
1881 5475 2173 5534 defunctis
2204 5475 2504 5532 miserere.

1674 5563 1726 5620 2.
1765 5568 1930 5623 Anno
1960 5580 2192 5636 quoque
2223 5561 2540 5619 millesimo

1770 5655 1933 5714 Nono
1963 5656 2019 5710 et
2047 5652 2346 5729 trigesimo

1782 5749 1827 5801 Α
1854 5741 2070 5800 Christi
2099 5741 2405 5799 nativitate

1780 5829 2064 5897 Nobilitas
2086 5831 2206 5894 ruit
2231 5829 2351 5890 late

3527 4679 3598 4736 Et
3625 4679 3820 4736 ϐεβαι-
3845 4680 4022 4750 caput
4051 4678 4281 4745 mundi,

3527 4767 3597 4824 Et
3623 4783 3759 4824 cum
3784 4764 3884 4822 illo
3913 4764 4110 4838 plures
4141 4767 4364 4824 summi
4397 4787 4414 4838 ς

3524 4854 3812 4912 Occubuit
3837 4853 4174 4927 imperator.

3524 4941 3909 5002 Chuonradus
3932 4940 4082 5018 legis
4109 4947 4363 5000 amator.

3528 5032 3649 5090 Rex
3675 5031 3851 5100 Deus,
3877 5029 4038 5088 vivos
4068 5034 4253 5098 tuere,

3528 5121 3599 5177 Et
3627 5119 3918 5176 defunctis
3948 5119 4244 5178 miserere.

3417 5211 3471 5266 3.
3513 5208 3731 5266 Eodem
3761 5208 3878 5266 fere
3906 5208 4008 5281 [αι.
4039 5208 4196 5280 vero]
4227 5211 4510 5282 tempore

3525 5298 3778 5355 Occasus
3809 5297 3921 5355 fuit
3946 5296 4167 5370 gloriae,

3527 5386 3668 5444 Ruit
3696 5385 3867 5444 stella
3894 5386 4186 5444 matutina

3528 5473 3890 5532 Chunelinda
3918 5475 4140 5548 regina.

3527 5565 3650 5621 Heu
3680 5568 3967 5636 quantum
3997 5563 4252 5620 crudelis
4281 5579 4514 5633 annus,
4565 5601 4584 5612 ς

3527 5653 3838 5712 Corruerat
3863 5652 4258 5710 Herimannus

3529 5741 3711 5800 Filius
3738 5741 4151 5815 imperatricis,

3530 5831 3658 5889 Dux
3675 5830 3932 5890 timidus
3967 5833 4092 5904 (aL,
4121 5830 4464 5905 timendus]
4494 5825 4750 5893 inimicis;
