4868 6398
618 447 768 506 1253
1686 441 2232 508 PANEGYRICUS
2279 444 2540 506 HENRH

2087 441 2232 508 CUS
2279 443 2592 506 HENRICI
2639 445 2718 506 ΙΙΙ
2763 443 2926 506 ΙΜΡ.
3847 445 4002 506 1254

615 577 768 634 Alter
796 577 927 648 post
956 571 1254 629 Christum
1287 572 1433 647 regit
1462 573 1660 629 orbem
1693 575 1919 631 circiter
1953 576 2150 632 istum.

617 668 810 737 Ipsum
841 662 1172 728 laudemus,
1205 679 1342 717 nam
1372 679 1579 717 causas
1611 661 1802 719 laudis
1836 663 2140 720 habemus.

526 789 531 822 ρ
615 755 680 810 Et
711 753 846 808 Pius
878 751 1183 807 Heinricus
1208 767 1310 822 per
1339 767 1446 806 nos
1477 751 1648 808 modo
1679 752 1756 807 sit
1785 752 2143 820 benedictus,

526 889 529 894 .
611 841 885 898 Versibus
918 839 1192 912 inprimis
1226 839 1470 910 repetito
1502 840 1737 894 nomine
1770 841 1944 912 regis,

526 933 532 966 ί
613 931 682 986 Ut
712 928 938 1003 quoties
971 929 1160 983 sancti
1194 932 1440 1000 surgant
1468 945 1572 1000 pro
1604 945 1733 1001 rege
1764 930 1969 996 vocati,

526 1005 529 1038 ⁵
612 1021 727 1075 Rex
752 1017 923 1074 toties
953 1016 1183 1074 Christo
1213 1016 1438 1089 placeat
1466 1017 1537 1073 de
1567 1018 1800 1073 nomine
1830 1019 2022 1074 misto.

527 1099 530 1110 ’
612 1109 727 1163 Rex
755 1105 1021 1162 Heinrice
1052 1106 1167 1161 Deo
1201 1122 1399 1179 regum
1435 1105 1821 1162 charissimus
1852 1111 1973 1162 esto

610 1197 724 1252 Rex
749 1193 1019 1250 Heinrice
1053 1195 1159 1266 piae
1190 1194 1577 1250 charissimus
1610 1199 1732 1250 esto
1764 1196 1977 1250 Marias.

609 1285 720 1339 Rex
752 1283 1025 1338 Heinrice
1055 1283 1185 1338 duci
1218 1283 1465 1338 dilectus
1496 1284 1573 1338 sit
1604 1284 1891 1340 Michaeli.

607 1375 721 1428 Rex
753 1372 1027 1428 Heinrice
1060 1372 1209 1443 polis
1241 1371 1613 1444 splendescas
1647 1374 1802 1428 fonte
1831 1375 2094 1429 Joannis.

605 1462 717 1516 Rex
747 1461 1024 1517 Heinrice
1052 1466 1188 1516 tuus
1217 1461 1293 1515 sit
1313 1461 1537 1532 janitor
1567 1461 1776 1516 aethere
1805 1463 2024 1518 Petrus.

605 1550 718 1605 Rex
750 1548 1029 1604 Heinrice
1059 1549 1196 1603 boni
1231 1554 1282 1604 te
1314 1551 1503 1604 ﬁrmet
1534 1549 1779 1621 epistola
1809 1550 1992 1608 Pauli.

526 1673 529 1681 -
605 1640 718 1693 Rex
749 1637 1028 1693 Heinrice
1061 1642 1191 1692 tuos
1222 1638 1484 1693 Andreas
1516 1639 1727 1710 dirigat
1758 1645 1944 1696 actus.

526 1723 530 1798 ί
603 1727 718 1782 Rex
748 1727 1026 1782 Heinrice
1061 1742 1259 1798 preces
1292 1726 1396 1781 hos
1427 1731 1588 1782 curet
1617 1727 1775 1800 virgo
1805 1729 2078 1784 Joannes.

2282 578 2338 645 Α
2365 577 2435 631 Et
2465 576 2534 632 de
2566 575 2928 648 principibus
2958 592 3286 632 sermonem
3317 580 3571 632 creverat
3599 593 3765 633 usus.

2360 665 2672 737 Nunquam
2706 664 2789 719 sic
2817 664 2988 720 libuit
3018 681 3373 737 quemquam
3408 663 3644 721 laudare
3675 669 3968 737 potentem

2365 753 2435 808 Ut
2465 753 2769 809 dominum
2801 769 3019 825 regem,
3052 771 3222 826 quem
3257 753 3450 826 prodit
3479 753 3670 810 nobile
3703 771 3914 810 nomen

2363 841 2634 909 Heinrici,
2668 846 2926 898 veterum
2957 843 3028 897 de
3060 860 3270 914 magno
3301 843 3559 915 germine
3591 843 3853 898 ductum.

2365 931 2480 984 Rex
2510 929 2613 984 tibi
2647 935 2972 996 cantamus,
3006 930 3108 986 tibi
3143 929 3335 985 laudis
3367 931 3518 986 dona
3543 948 3841 1004 paramus.

2363 1017 2588 1090 Accipe,
2617 1019 2688 1073 de
2716 1017 2932 1074 nostris
2963 1023 3030 1073 ut
3051 1017 3209 1074 vivas
3241 1021 3506 1074 mortuus
3535 1019 3700 1075 actis.

2366 1107 2480 1161 Nos
2508 1123 2741 1178 operam
2774 1107 3066 1172 dabimus,
3102 1124 3216 1179 quo
3248 1107 3432 1179 possit
3459 1108 3650 1164 dicere
3680 1109 3956 1175 mundus,

2367 1195 2597 1251 Tertius
2627 1194 2929 1250 Heinricus
2961 1195 3070 1250 fuit
3098 1194 3236 1250 olim
3269 1195 3428 1268 pacis
3459 1197 3705 1253 amicus.

2368 1285 2545 1339 Fama
2575 1284 2666 1338 sui
2697 1283 2889 1339 meriti
2918 1284 3215 1356 superabit
3245 1289 3508 1356 tempora
3540 1287 3764 1341 mundi.

2367 1373 2459 1426 Sic
2490 1372 2594 1428 tibi
2627 1373 2902 1443 cantabit,
2938 1389 3110 1445 quem
3145 1374 3400 1429 mundus
3432 1374 3620 1429 adhuc
3650 1375 3967 1446 generabit.

2367 1462 2507 1530 (6-7)
2539 1461 2737 1516 Nonne
2767 1462 2872 1515 tibi
2906 1461 3111 1517 merito
3144 1461 3339 1534 magni
3371 1463 3654 1518 debentur
3684 1462 3955 1532 honores,

2367 1551 2553 1622 Atque
2583 1551 2741 1606 favor
2771 1550 2992 1622 populi,
3027 1556 3160 1623 post
3192 1551 3388 1605 omnia
3421 1551 3607 1622 portio
3640 1551 3765 1606 coeli
3788 1553 3814 1606 Ἰ

2370 1638 2516 1693 Nam
2545 1638 2757 1694 charus
2786 1638 3000 1710 populo
3032 1638 3252 1711 placuit
3282 1640 3604 1710 saepissime
3636 1639 3866 1695 Christo

2370 1728 2549 1792 Quem
2578 1743 2770 1799 regem
2803 1726 2936 1781 talis
2965 1728 3244 1781 virtutum
3275 1728 3442 1799 copia
3471 1727 3700 1784 lustrat.

603 1816 718 1870 Rex
743 1815 1021 1871 Heinrice
1047 1795 1302 1870 Thomas
1332 1821 1386 1870 te
1417 1820 1600 1870 vertat
1629 1817 1686 1870 in
1708 1795 1881 1872 omne
1900 1818 2053 1889 quod
2073 1817 2262 1873 estfas
2369 1795 2841 1886 Nunquid'abest
2872 1815 3091 1887 aliquid
3123 1816 3277 1887 quod
3309 1795 3460 1888 regis
3492 1816 3676 1889 gloria
3705 1816 3968 1890 quaarat?

602 1904 718 1959 Rex
749 1903 1030 1959 Heinrice
1061 1907 1200 1959 tuus
1233 1904 1308 1958 sit
1337 1904 1540 1962 ductor
1571 1905 1642 1959 ad
1677 1904 1794 1960 alta
1815 1905 2138 1977 Philippus.

526 2039 528 2044 ,
603 1994 718 2048 Rex
744 1992 1025 2048 Heinrice
1055 2009 1224 2064 pares
1253 1993 1451 2048 Jacobi
1486 1994 1604 2048 sint
1634 1997 1688 2048 te
1723 1995 2090 2050 redimentes.

603 2081 718 2136 Rex
750 2081 1032 2138 Heinrice
1062 2080 1176 2135 Deo
1211 2079 1441 2152 placeas
1473 2081 1763 2136 tribuente
1794 2082 2083 2137 Matthzco.

526 2161 528 2232 ξ
603 2169 718 2224 Rex
749 2168 1032 2224 Heinrice
1066 2173 1225 2224 tuam
1263 2169 1465 2224 Simon
1497 2170 1829 2225 corroboret
1859 2169 2074 2226 aulam.

601 2257 717 2312 Rex
747 2256 1031 2313 Heinrice
1063 2256 1217 2328 piam
1251 2257 1534 2312 Taddaeus
1566 2257 1662 2313 det
1693 2257 1798 2311 tibi
1831 2257 2026 2314 vitam.

598 2348 716 2403 Rex
747 2348 1032 2404 Heinrice
1063 2347 1245 2402 Deum
1278 2351 1476 2402 teneas
1508 2364 1608 2420 per
1639 2347 2146 2403 Bartholomreum.

599 2436 716 2492 Rex
746 2435 1030 2492 Heinrice
1059 2437 1182 2490 vias
1213 2435 1314 2491 tibi
1348 2440 1633 2508 praeparet
1658 2453 1754 2492 ore
1787 2436 2056 2494 Mathias.

599 2525 713 2580 Rex
746 2524 842 2597 pie
870 2541 1018 2580 cum
1053 2524 1345 2596 Stephano
1377 2523 1457 2579 sis
1487 2523 1651 2579 laetus
1685 2541 1913 2596 semper
1945 2525 2001 2580 in
2036 2526 2175 2595 alto,

599 2614 796 2685 Teque
830 2629 1012 2685 pares
1040 2612 1316 2684 Stephani
1355 2612 1696 2667 benedicant
1724 2613 1924 2668 ordine
1955 2614 2167 2669 cuncti.

597 2702 715 2758 Rex
746 2703 905 2758 bone
935 2700 1222 2758 Silvester
1251 2701 1355 2755 tibi
1381 2701 1457 2756 sit
1482 2717 1584 2773 per
1613 2700 1823 2756 saecula
1853 2702 2068 2770 dexter,

598 2792 797 2864 Teque
825 2791 924 2847 sui
959 2790 1110 2847 socii
1144 2789 1488 2845 benedicant
1515 2790 1716 2846 ordine
1746 2791 1938 2847 cuncti

597 2878 951 2954 Virginibus
986 2877 1176 2934 sacris
1209 2878 1434 2950 placeas
1466 2895 1533 2933 ex
1564 2879 1838 2934 omnibus
1869 2879 2037 2944 actis,

525 2982 531 2992 '
597 2967 820 3024 Omnes
852 2973 912 3024 te
945 2967 1141 3024 sancti
1175 2967 1464 3022 rcdimant
1492 2967 1564 3023 de
1594 2967 1836 3023 crimine
1867 2967 2068 3022 mundi
2097 2985 2108 3022 :

595 3057 684 3113 Sit
715 3075 820 3114 rex
853 3060 1208 3114 sanctorum
1241 3056 1430 3112 fautor
1460 3060 1597 3111 tuus
1629 3060 1804 3128 atque
1834 3061 2068 3112 tuorum

597 3145 728 3201 Haec
760 3146 898 3214 tibi,
937 3161 1066 3211 rex,
1102 3144 1278 3200 Musa
1311 3148 1616 3200 cantamus
1647 3161 1780 3200 voce
1812 3162 2041 3211 sonora,

526 3265 528 3296 τ
591 3235 788 3308 Atque
815 3234 1051 3293 chorus
1084 3238 1282 3289 noster
1311 3237 1547 3288 renovat
1576 3237 1676 3288 tua
1718 3233 1976 3288 carmina
2006 3250 2266 3306 semper;

526 3355 528 3388 ε
593 3323 668 3378 Ut
692 3324 807 3378 tibi
835 3323 979 3379 laus
1015 3327 1259 3389 crescat,
1292 3323 1432 3377 dum
1467 3321 1553 3378 sol
1585 3326 1640 3376 et
1671 3321 1810 3377 luna
1839 3327 2117 3394 patescat,

588 3411 709 3468 Nos
742 3413 976 3468 damus
1011 3410 1271 3466 officium
1305 3427 1418 3483 quo
1449 3414 1670 3465 crescat
1701 3410 1888 3483 gloria
1919 3427 2135 3476 rerum,

526 3545 528 3566 ς
589 3501 671 3554 Ex
694 3500 930 3556 nostris
965 3498 1143 3554 donis
1171 3498 1549 3554 manifestant
1577 3500 1750 3554 verba
1781 3498 2054 3567 Maronis,

526 3651 528 3654 ,
588 3590 740 3655 Quid
771 3589 922 3663 pius
955 3589 1164 3654 ditias,
1197 3587 1336 3660 quid
1369 3589 1602 3642 Turnus
1633 3591 1828 3659 posset
1857 3590 1914 3642 in
1949 3587 2148 3643 armis.

527 3741 530 3744 ,
585 3678 823 3734 Fistula
854 3679 1177 3733 Musarum
1214 3675 1413 3731 Flacco
1444 3676 1760 3731 dictaverat
1786 3676 1948 3743 odas,

587 3765 660 3822 Ut
691 3767 1100 3823 Maecenatem
1135 3764 1365 3821 fecisset
1388 3765 1561 3820 laude
1583 3781 1916 3836 perennem.

526 3921 528 3926 τ
583 3855 718 3912 Haec
745 3857 976 3912 eadem
1011 3853 1213 3910 docuit
1245 3853 1543 3908 Lucanum
1577 3853 1766 3908 dicere
1797 3852 1968 3920 bella,

582 3944 842 4001 Caesaris
879 3947 945 3998 et
978 3941 1182 4014 magni
1215 3959 1341 4014 qua:
1364 3943 1577 3998 durant
1609 3941 1816 3997 ultima
1847 3942 2020 3998 saecli.

526 4071 530 4104 ί
581 4034 663 4088 Ex
696 4033 940 4090 nostris
973 4030 1222 4086 monitis
1253 4031 1497 4086 callebat
1521 4031 1742 4086 Statius
1775 4036 1974 4086 auctor

581 4121 920 4178 Thebanos
947 4121 1206 4191 juvenes
1233 4118 1462 4176 miseris
1495 4119 1820 4175 discernere
1853 4119 2126 4174 ﬂammis.

576 4211 850 4266 Nasonis
880 4208 1166 4267 studium
1201 4211 1359 4264 totus
1390 4208 1730 4264 recitaverat
1759 4207 1936 4275 orbis,

574 4299 659 4354 Ex
691 4298 941 4354 nostris
977 4295 1140 4351 curis
1171 4295 1398 4351 ornavit
1429 4296 1648 4368 scripta
1673 4296 1896 4369 figuris.

571 4387 856 4461 Regibus
889 4383 1169 4456 antiquis
1200 4382 1402 4440 laudes
1432 4385 1796 4441 cantavimus
1827 4383 1988 4441 olim.

2370 1903 2580 1959 Omnia
2609 1920 2710 1975 spe
2740 1903 2828 1959 vel
2861 1921 2920 1960 re
2950 1909 3232 1960 venerunt
3260 1905 3566 1960 commoda
3596 1921 3698 1977 per
3725 1910 3802 1961 te.

2373 1991 2432 2046 Si
2466 1992 2718 2062 petimus
2755 2008 2976 2063 pacem,
3006 1996 3067 2046 tu
3100 2008 3218 2060 rex,
3254 1993 3616 2064 praestaveris
3648 1993 3850 2062 illam;

2374 2080 2429 2134 Si
2465 2079 2734 2152 cupimus
2765 2079 3006 2148 bellum,
3041 2083 3101 2135 tu
3133 2098 3230 2135 rex
3262 2081 3627 2137 commiseris
3657 2081 3834 2150 illud;

2373 2168 2534 2232 Quod
2567 2167 2616 2223 si
2646 2167 2976 2234 consilium,
3012 2172 3074 2223 tu
3107 2185 3203 2224 rex
3233 2169 3400 2223 dabis
3427 2168 3566 2225 utile
3599 2169 3850 2227 multum
3879 2189 3892 2226 :

2375 2256 2433 2312 Si
2469 2255 2736 2312 volumus
2761 2255 3045 2322 studium,
3070 2260 3129 2310 tu
3163 2274 3259 2312 rex
3289 2258 3466 2313 decus
3497 2275 3559 2313 es
3588 2259 3940 2316 studiorum.

2375 2346 2588 2400 Omnes
2621 2344 2927 2399 munificos
2955 2349 3016 2399 tu
3050 2361 3144 2400 rex
3175 2345 3498 2416 praecellere
3530 2346 3701 2401 nosti.

2375 2434 2528 2488 Inter
2552 2432 2864 2488 clementes
2895 2439 2956 2488 tu
2989 2450 3086 2489 rex
3116 2434 3458 2490 clementior
3489 2440 3699 2492 exstas.

2375 2524 2467 2577 Sic
2499 2522 2867 2594 castigandos
2899 2527 2983 2588 tu,
3018 2539 3133 2590 rex,
3168 2524 3388 2579 ratione
3420 2523 3698 2597 ﬂagellas.

2376 2610 2664 2683 Quidquid
2697 2611 2756 2666 in
2783 2610 3061 2668 humanis
3084 2611 3350 2667 consistit
3381 2612 3644 2670 moribus
3673 2615 3846 2686 zequi,

2378 2701 2494 2755 Hoc
2527 2701 2678 2756 Deus
2712 2705 2812 2756 aut
2840 2706 3028 2756 totum
3060 2701 3146 2755 vel
3179 2706 3400 2772 partem
3432 2701 3689 2758 condidit
3719 2703 3777 2758 in
3807 2707 3882 2758 te.

2379 2791 2562 2854 Quam
2595 2789 2851 2861 prudens
2882 2789 3090 2861 opifex,
3125 2790 3226 2861 qui
3256 2791 3562 2845 commoda
3593 2791 3854 2849 materiei

2378 2877 2564 2948 Elegit
2593 2877 2870 2948 primum,
2903 2877 2973 2932 de
3005 2893 3122 2948 qua
3154 2878 3306 2932 bona
3335 2882 3497 2934 tanta
3527 2884 3789 2951 pararet;

2379 2968 2560 3031 Quem
2592 2965 2661 3020 de
2691 2969 2860 3036 gente
2888 2965 3077 3020 virum
3109 2965 3393 3022 Dominus
3414 2966 3771 3026 discerneret
3801 2973 4021 3040 auctor,

2379 3055 2484 3117 Qui
2518 3054 2662 3109 foret
2690 3053 2931 3124 imperio
2963 3053 3134 3108 modo
3169 3059 3300 3126 post
3329 3054 3448 3110 haec
3481 3055 3669 3128 aptior
3691 3056 3840 3114 isto!

2383 3143 2609 3210 Forma,
2644 3159 2851 3214 genus,
2884 3141 3143 3214 probitas
3174 3145 3528 3199 concordant
3558 3145 3756 3200 omnia
3783 3147 3933 3219 regi;

2380 3231 2589 3287 Omnia
2618 3230 2989 3297 conveniunt,
3022 3235 3378 3287 concurrunt
3411 3236 3618 3288 cuncta
3650 3250 3752 3305 per
3778 3233 3969 3304 illum,

2301 3305 2343 3372 C
2384 3319 2554 3376 Solus
2575 3320 2748 3376 habet
2769 3323 2977 3385 totum,
3010 3321 3165 3390 quod
3199 3319 3394 3392 plures
3427 3325 3665 3377 auxerat
3694 3321 3853 3377 olim.

2379 3407 2565 3477 Salve,
2599 3411 2755 3464 certa
2786 3407 2952 3478 quies
2984 3407 3333 3480 pOpulorum
3367 3413 3624 3482 tempore
3657 3415 3854 3468 nostro
3889 3428 3900 3465 :

2380 3496 2565 3563 Salve,
2602 3513 2710 3568 pax
2735 3497 2913 3561 orbis,
2947 3496 3152 3551 mundi
3184 3496 3504 3553 fortissima
3527 3499 3726 3565 turris,

2379 3586 2584 3642 Hostes
2616 3585 2879 3641 Ecclesiae
2913 3602 3039 3657 quas
3071 3587 3286 3642 sternis
3315 3602 3547 3659 semper
3577 3587 3840 3657 abunde;

2381 3674 2541 3730 Unde
2571 3674 2660 3730 sui
2692 3673 2898 3746 capitis
2925 3674 3184 3730 mundus
3217 3674 3476 3746 praevidit
3501 3675 3802 3732 honorem.

2379 3765 2467 3818 Tu
2500 3767 2672 3835 caput
2702 3779 2764 3817 es
2796 3761 3022 3829 mundi,
3056 3766 3231 3834 caput
3260 3767 3350 3818 est
3376 3763 3480 3819 tibi
3510 3767 3697 3820 rector
3724 3763 3976 3838 Olympi,

2379 3850 2559 3921 Cujus
2591 3851 2854 3905 membra
2883 3850 3036 3922 regis
3059 3850 3222 3921 justo
3252 3851 3648 3908 moderamine
3681 3853 3846 3925 legis.

2381 3939 2549 3994 Tales
2582 3938 2702 3994 vult
2732 3938 3036 4006 Dominus,
3070 3939 3285 4009 quibus
3317 3944 3405 3995 est
3443 3939 3563 3995 haec
3613 3937 3867 3998 maxima
3911 3943 4026 3998 vir-

3883 4033 4024 4099 [tus,

2379 4116 2542 4172 Mens
2573 4114 2812 4171 humilis
2843 4113 3258 4184 multum,cum
3291 4131 3408 4186 qua
3439 4119 3494 4172 te
3519 4115 3786 4172 novimus
3807 4121 4023 4175 ortum.

2380 4205 2669 4262 Cervicem
2701 4220 2942 4276 pronam
2977 4204 3138 4259 decet
3167 4209 3466 4276 acceptare
3498 4222 3792 4262 coronam.

2382 4295 2500 4350 Rex
2531 4293 2770 4350 humilis
2784 4293 3015 4360 crescit,
3047 4293 3275 4365 quoties
3297 4294 3515 4352 oriente
3546 4295 3750 4352 diescit

2379 4384 2448 4439 Et
2469 4382 2623 4439 cadit
2653 4381 2858 4446 elatus,
2893 4397 3124 4454 semper
3151 4381 3350 4439 saevire
3381 4387 3637 4455 paratus.

2101 4556 2535 4628 EPILOGUS.

563 4717 872 4774 Carmina
900 4714 1244 4782 Musarum,
1277 4731 1395 4781 rex,
1427 4712 1658 4788 perlege
1688 4731 1872 4787 pauca
1900 4717 2156 4782 tuarum,

563 4807 656 4862 Sit
683 4806 870 4863 locus
907 4802 1019 4858 hic
1055 4801 1185 4856 aliis
1215 4802 1320 4858 tibi
1353 4803 1590 4858 reddere
1622 4801 1824 4857 munia
1854 4802 2067 4858 laudis.

562 4895 800 4969 \Vippo
836 4899 1003 4950 tuus
1039 4890 1296 4946 famulus
1327 4892 1374 4947 si
1405 4890 1529 4946 vult
1558 4891 1866 4946 defendere
1898 4895 2148 4963 tempus,

561 4984 637 5038 Ut
671 4983 925 5040 scribat
961 4977 1117 5050 regi,
1150 4978 1304 5051 quod
1336 4977 1427 5035 lex
1456 4978 1758 5035 dictaverit
1787 4977 1893 5044 illi,

2296 4717 2344 4782 D
2379 4713 2480 4769 Hic
2515 4713 2681 4769 nobis
2712 4712 2854 4769 istos
2881 4711 3170 4785 persuasit
3201 4710 3469 4767 claudere
3497 4727 3719 4767 versus.
3780 4714 3794 4726 '

2375 4801 2466 4858 Sis
2499 4802 2728 4858 Christo
2760 4819 2931 4868 curae,
2967 4801 3058 4873 pie
3091 4801 3206 4856 Rex
3238 4800 3544 4872 Caesarque
3577 4801 3790 4856 future.

2375 4891 2444 4946 Et
2473 4889 2630 4946 vivas
2659 4908 2839 4946 sanus
2870 4896 3112 4946 centeno
3145 4896 3404 4961 tempore
3437 4906 3640 4945 canus.

1564 5152 1913 5223 CARMEN
1971 5151 2209 5222 LEGIS
2261 5151 2424 5222 PRO
2479 5151 2760 5223 LAUDE
2813 5150 3082 5221 REGIS.

547 5318 641 5372 Ad
681 5315 861 5390 regis
898 5306 1128 5366 laudes
1161 5308 1273 5365 Lex
1303 5309 1506 5365 ambas
1532 5307 1702 5381 erigit
1729 5325 1920 5365 aures.

550 5405 629 5460 Ut
664 5406 930 5476 segetes
969 5393 1216 5469 pluviis,
1252 5398 1334 5454 sic
1364 5413 1559 5452 cresco
1589 5396 1860 5452 laudibus
1889 5397 2038 5452 istis.

546 5497 688 5550 Non
726 5492 886 5566 plus
927 5482 1166 5542 mulcet
1197 5502 1336 5558 apes
1366 5484 1619 5540 mellitos
1648 5484 1905 5540 lambere
1937 5486 2127 5551 ﬂores,

543 5585 758 5649 Quam
793 5596 904 5635 me
937 5575 1088 5631 laus
1117 5574 1290 5647 regis,
1326 5591 1442 5646 qua
1472 5578 1700 5630 constat
1730 5573 1918 5646 pactio
1948 5571 2113 5645 legis.

2380 5307 2482 5363 His
2513 5307 2658 5362 mihi
2691 5306 2765 5361 sit
2793 5306 3002 5374 verbis,
3041 5306 3194 5378 quod
3227 5323 3353 5363 rore
3383 5306 3706 5363 virentibus
3738 5305 3932 5362 herbis

2379 5396 2618 5459 Quando
2649 5395 2773 5450 dies
2803 5393 2959 5449 verni
2995 5395 3348 5467 reparabunt
3377 5395 3591 5467 gaudia
3619 5394 3842 5450 mundi.

2379 5485 2527 5549 Quid
2559 5483 2746 5538 satius
2776 5483 2934 5554 Legi,
2966 5499 3144 5554 quam
3177 5483 3368 5538 dicere
3398 5483 3538 5539 talia
3569 5484 3734 5556 regi?

2381 5571 2569 5638 Salve,
2605 5571 2708 5626 ﬂos
2739 5570 2958 5642 patriae,
2999 5587 3114 5642 quo
3149 5570 3402 5627 fructum
3433 5571 3592 5647 pacis
3622 5569 3832 5624 habere

619 5717 775 5796 (6-7)
814 5713 890 5772 In
931 5723 1067 5768 ms.
1099 5707 1218 5768 haec
1247 5709 1317 5768 ad
1351 5707 1677 5783 marginem
1708 5711 1874 5767 erant
1907 5723 1920 5765 :
1954 5707 2162 5766 Suasxo
2193 5720 2381 5764 acere.
