4868 6460
1508 452 1659 512 1255
2325 425 2340 435 ’
2738 449 3123 511 WIPPONIS
3165 447 3683 510 PRESBYTER].
4709 441 4798 505 1256

1501 611 1625 665 Non
1659 608 1885 664 dubitat
1920 609 2204 673 mundus,
2237 608 2376 680 quia
2409 623 2614 678 regnas
2655 609 2791 664 orbe
2840 608 3154 664 secundus.
3187 609 3239 676 Α
3270 609 3350 662 Ad
3387 608 3555 676 cujus
3588 610 3786 660 votum
3820 604 3922 659 tibi
3955 604 4053 660 dat
4084 603 4369 676 sapientia
4397 607 4592 670 totum,

1502 700 1639 754 Post
1671 699 1985 754 Dominum
2019 697 2145 752 coeli
2179 699 2393 770 dignus
2426 699 2720 753 mundana
2753 697 2897 752 tueri
2934 715 2945 751 ε
3263 703 3385 761 Quo
3417 697 3594 750 decus
3633 693 3860 766 imperii
3893 692 4084 748 valeas
4116 710 4218 766 per
4240 694 4378 764 jura
4408 693 4568 749 tueri.

1505 787 1696 854 Salve,
1731 787 1913 859 stirps
1943 803 2145 859 regum
2177 786 2405 858 populis
2437 786 2762 841 veneranda
2811 803 2914 858 per
2946 803 3150 842 ravum.
3263 785 3628 857 Congaudete
3660 781 3871 850 simul;
3907 799 4021 837 non
4053 786 4118 836 ut
4148 781 4438 838 discordia
4467 785 4662 855 regnet,

1507 874 1691 932 ltadix
1722 892 1936 948 magna
1964 874 2094 941 fuit,
2128 893 2304 948 quam
2336 892 2536 930 ramus
2565 875 2698 930 talis
2731 876 3004 943 adauxit;

1504 964 1707 1020 Nobile
1735 979 1972 1036 germen
2003 969 2168 1019 erant
2195 964 2345 1036 quod
2380 965 2667 1018 mundum
2695 964 2938 1020 ﬂoribus
2961 969 3152 1032 ornat,

1505 1053 1634 1109 Una
1659 1053 1763 1108 viri
1798 1053 1978 1108 virtus
2009 1052 2256 1108 multum
2292 1059 2566 1124 praestare
2596 1053 2826 1121 solebit,

1506 1141 1996 1214 Commendatque
2019 1141 2192 1196 nimis
2211 1142 2470 1214 probitas
2489 1141 2665 1197 semel
2685 1143 2839 1197 edita
2855 1142 3150 1214 quoddam

1504 1231 1664 1297 Quod
1696 1229 1915 1286 faciunt
1943 1229 2141 1304 plures
2172 1235 2347 1304 caput
2379 1247 2563 1286 unum
2597 1231 2752 1304 regis
2776 1231 3078 1296 habentes,

1503 1321 1656 1386 Quas
1687 1336 1994 1374 numerare
2023 1318 2222 1375 volens
2254 1319 2463 1375 seriem
2494 1319 2627 1375 facit
2659 1320 2858 1375 ordine
2893 1320 3148 1391 longam.

1500 1408 1609 1464 Sed
1641 1411 1834 1464 tamen
1869 1424 1937 1462 ex
1966 1409 2192 1464 cunctis
2225 1425 2323 1463 sex
2355 1426 2549 1481 regem
2583 1407 3046 1481 magnificabunt

1496 1497 1751 1553 Virtutes
1781 1497 2043 1569 aliasque
2076 1498 2222 1553 satis
2253 1499 2575 1570 pr:ecedere
2609 1502 2846 1552 norunt.

1498 1587 1661 1642 Mens
1690 1585 1954 1652 humilis,
1977 1587 2210 1658 pietatis
2240 1605 2421 1652 amor,
2442 1605 2551 1660 pax
2583 1587 2763 1642 missa
2794 1604 2896 1658 per
2926 1587 3147 1648 orbem,

1499 1675 1783 1732 Nobilitas
1813 1681 1868 1730 et
1898 1677 2080 1730 forma
2113 1677 2342 1741 decens,
2372 1677 2584 1730 ﬁducia
2615 1675 2748 1730 belli
2775 1693 2789 1744 ;

1497 1765 1616 1819 llas
1645 1780 1782 1820 voco
1815 1765 2134 1836 przecipuas
2161 1770 2215 1819 et
2243 1766 2395 1836 regis
2426 1765 2748 1820 honoribus
2779 1768 2944 1836 aptas

1501 1851 1602 1907 llis
1633 1869 1728 1907 rex
1760 1853 2062 1908 Heinricus
2089 1852 2298 1908 Christi
2332 1853 2599 1909 clarescit
2629 1853 2872 1907 amicus.

1568 1942 1653 1996 Ad
1684 1959 1813 1997 mea
1844 1959 1998 1997 nunc
2028 1941 2216 2007 venio,
2249 1959 2376 2014 quae
2411 1943 2566 1997 novit
2600 1943 2856 1997 mundus
2891 1942 2946 1996 in
3005 1941 3100 1996 illo
3133 1958 3142 1994 :

1497 2031 1648 2086 Sunt
1678 2047 1808 2085 mea
1840 2047 1966 2102 quae
1995 2031 2208 2096 dicam,
2241 2031 2381 2102 quia
2412 2048 2542 2084 sum
2581 2031 2712 2095 Lex,
2738 2031 2830 2084 ille
2865 2048 3028 2084 meus
3052 2047 3145 2084 rex

1498 2119 1567 2172 Et
1597 2119 1697 2190 qui
1727 2135 1818 2173 me
1842 2117 2082 2191 spernit,
2117 2136 2214 2172 rex
2245 2119 2372 2189 ejus
2404 2119 2601 2191 prmlia
2633 2120 2860 2175 sternit.

1500 2207 1606 2272 Qui
1643 2223 1770 2262 mea
1793 2207 1930 2278 jura
1961 2206 2116 2274 colit,
2153 2223 2247 2262 rex
2280 2207 2434 2262 hunc
2467 2208 2773 2263 defendere
2807 2209 2980 2263 novit.

3263 876 3395 938 Quze
3427 873 3649 928 dudum
3685 871 3843 944 regni
3881 870 4134 926 turbavit
4165 871 4380 943 gaudia
4408 871 4598 926 nostri.

3261 965 3402 1018 Cum
3437 962 3689 1017 dominis
3724 979 3918 1016 rerum
3951 961 4028 1016 sit
4055 978 4163 1033 pax
4195 960 4322 1016 sine
4354 961 4465 1016 fine
4494 959 4706 1016 dierum.

3261 1054 3305 1107 0
3336 1058 3568 1106 sanctos
3602 1067 3792 1105 mores
3825 1067 3957 1105 cum
3993 1050 4166 1104 matri
4196 1050 4392 1106 reddis
4422 1049 4664 1105 honores.

3261 1142 3361 1196 Est
3395 1141 3493 1196 tibi
3527 1158 3658 1211 spes
3690 1139 3836 1205 vita),
3869 1139 3917 1193 si
3949 1139 4024 1193 sit
4057 1139 4160 1194 tibi
4194 1137 4377 1211 gloria
4407 1155 4505 1211 per
4531 1142 4598 1194 te.

3261 1231 3317 1284 Si
3354 1230 3492 1301 quid
3525 1234 3666 1295 erat,
3703 1229 3809 1282 rite
3843 1228 3994 1282 Deus
4025 1226 4166 1282 illud
4205 1227 4498 1283 transtulit
4526 1227 4650 1299 ipse.

3263 1319 3400 1373 Exin
3435 1317 3632 1372 nullus
3665 1316 3838 1370 homo
3870 1316 4057 1371 ftedus
4087 1315 4404 1372 dissolvere
4434 1316 4622 1388 possit.

3259 1407 3421 1471 Quod
3456 1407 3607 1461 Deus
3639 1405 3930 1477 adjunxit,
3964 1403 4064 1477 qui
4097 1406 4259 1477 pacis
4290 1405 4441 1460 dona
4465 1405 4672 1460 creavit.

3259 1496 3480 1550 Pet-stet
3510 1495 3757 1549 dulcedo
3790 1493 4036 1548 materni
4074 1494 4331 1550 nominis
4367 1493 4424 1549 in
4455 1499 4526 1561 te,

3259 1586 3402 1639 Cum
3433 1584 3622 1638 valeas
3655 1582 3798 1637 alios
3826 1583 4126 1654 acquirere
4160 1599 4392 1655 semper
4420 1582 4622 1638 amicos

3261 1674 3443 1728 Mater
3472 1673 3528 1726 in
3564 1673 3669 1727 hac
3702 1671 3817 1727 vita
3849 1689 3962 1726 non
3996 1671 4128 1743 plus
4163 1672 4268 1726 tibi
4303 1670 4519 1728 venerit
4548 1669 4668 1726 ulla.

3260 1763 3406 1825 Quin
3441 1761 3598 1815 aliud
3631 1761 3820 1816 dicam
3857 1761 3982 1826 tibi,
4021 1778 4142 1828 rex,
4174 1778 4281 1832 ego
4313 1758 4671 1827 consiliatrix,

3263 1852 3371 1905 Lex
3406 1855 3525 1914 tua,
3564 1867 3630 1904 ne
3664 1867 3877 1904 renuas
3911 1854 4042 1921 post
4073 1850 4297 1904 dictum
4330 1862 4762 1908 commemorare;

3257 1941 3398 1993 Cum
3436 1940 3586 1994 Deus
3616 1941 3987 2010 omnipotens
4021 1939 4122 1993 tibi
4158 1944 4352 1995 tutum
4389 1936 4608 2011 fregerit
4634 1935 4793 1990 orbem.

3256 2031 3320 2084 Et
3347 2031 3491 2100 juga
3523 2029 3788 2100 praecepti
3824 2045 3937 2082 non
3970 2029 4144 2083 audet
4177 2033 4434 2084 temnere
4465 2027 4748 2100 quisquam.

3257 2120 3616 2189 Pacatusque
3650 2117 3779 2171 silet
3813 2118 4040 2172 firmato
4074 2117 4286 2173 ﬁndere
4317 2117 4588 2184 mundus,

3255 2208 3516 2278 Cumque
3550 2223 3651 2277 per
3682 2205 3991 2276 imperium
4026 2211 4127 2260 tua
4148 2207 4322 2277 jussa
4352 2203 4576 2261 volatile
4603 2202 4781 2258 verbum

3256 2297 3465 2350 lidocet
3495 2296 3738 2366 Augusti
3773 2295 3840 2350 dc
3873 2294 4028 2349 claro
4061 2294 4297 2350 nomine
4329 2294 4624 2366 scriptum.

3255 2387 3418 2439 Tunc
3453 2387 3538 2438 fac
3570 2384 3821 2437 edictum
3848 2399 3948 2454 per
3974 2387 4185 2437 terram
4213 2383 4668 2445 Tcutonicorum,

3253 2475 3506 2537 Quilibet
3538 2478 3597 2528 ut
3631 2471 3788 2526 dives
3819 2472 3928 2527 sibi
3965 2477 4132 2526 natos
4163 2472 4424 2527 instruat
4456 2487 4642 2526 omnes

3257 2561 3572 2628 Litterulis,
3604 2561 3907 2632 legemque
3937 2577 4106 2616 suam
4135 2561 4486 2633 persuadeat
4515 2559 4638 2624 illis,

3257 2651 3325 2707 L't
3347 2669 3477 2706 cum
3513 2649 3875 2722 principibus
3907 2649 4223 2722 placitandi
4257 2649 4480 2705 venerit
4510 2664 4656 2712 usus,

3252 2740 3507 2812 Quisque
3540 2739 3662 2793 suis
3695 2739 3859 2793 libris
3889 2737 4221 2810 exemplum
4255 2739 4514 2811 proferat
4539 2735 4660 2792 illis.

3254 2830 3512 2884 Moribus
3543 2829 3632 2884 his
3665 2828 3888 2882 dudum
3920 2828 4146 2883 vivebat
4178 2827 4366 2884 Roma
4391 2828 4680 2884 decenter:

3254 2919 3353 2974 His
3385 2917 3596 2974 studiis
3630 2923 3824 2973 tantos
3856 2917 4047 2989 potuit
4074 2916 4292 2972 vincire
4321 2921 4600 2991 tyrannos
4628 2930 4640 2968 :

3253 3008 3366 3064 Hoc
3399 3013 3630 3062 servant
3660 3007 3784 3062 Itali
3811 3011 3938 3079 post
3971 3006 4160 3078 prima
4191 3003 4517 3078 crepundia
4540 3000 4731 3064 cuncti;

3254 3099 3318 3152 Et
3349 3098 3558 3152 sudare
3591 3097 3806 3153 scholis
3839 3097 4151 3151 mandatur
4181 3095 4604 3166 totajuventus
4631 3108 4644 3147 :

3252 3187 3404 3242 Solis
3437 3187 3772 3242 Teutonicis
3803 3203 4052 3240 vacuum
4087 3183 4172 3240 vel
4209 3189 4384 3257 turpe
4414 3185 4634 3240 videtur

3252 3276 3322 3331 Ut
3354 3277 3598 3330 doceant
3623 3275 3899 3347 aliquem,
3934 3272 4044 3329 nisi
4078 3273 4324 3329 clericus
4347 3273 4670 3345 accipiatur.

3168 3350 3210 3416 C
3252 3366 3385 3431 Sed,
3419 3382 3516 3420 rex
3546 3365 3732 3431 docte,
3759 3365 3903 3435 jube
3934 3367 4174 3417 cunctos
4200 3378 4303 3434 per
4333 3378 4520 3434 regna
4547 3357 4726 3418 doceri.

3252 3452 3322 3507 Ut
3353 3459 3543 3508 tecum
3579 3458 3778 3524 regnet
3809 3449 4096 3524 sapientia
4125 3450 4399 3522 partibus
4431 3449 4578 3505 istis.

3321 3541 3601 3596 Praeterea
3633 3539 3759 3606 tibi,
3797 3557 3894 3596 rex
3924 3539 4165 3594 mandat
4196 3538 4542 3611 Burgundia
4571 3555 4584 3592 :
4615 3536 4757 3602 Surge

3249 3633 3438 3702 Atque
3468 3630 3618 3698 veni,
3651 3647 3913 3702 propera,
3947 3626 4173 3683 noviter
4204 3628 4277 3699 (8)
4311 3628 4580 3700 subjecta
4624 3617 4813 3678 vacillant

3252 3721 3572 3786 Interdum,
3607 3719 3842 3775 domino
3875 3734 3978 3790 per
4009 3723 4276 3789 tempora
4305 3715 4498 3772 multa
4529 3717 4735 3771 remoto.

3253 3809 3538 3864 Funditus
3568 3813 3655 3864 est
3686 3824 3884 3863 verum
3916 3812 4186 3862 veterano
4219 3810 4484 3878 tempore
4513 3805 4739 3860 dictum:

3249 3897 3543 3970 Quidquid
3575 3897 3741 3952 abest
3772 3894 3980 3962 oculis,
4012 3900 4344 3950 removetur
4372 3893 4594 3950 lumine
4623 3885 4782 3945 cordis.

3251 3986 3525 4053 Quamvis
3560 4003 3714 4041 nunc
3746 4002 3948 4057 pacem
3975 3989 4165 4040 teneat
4196 3982 4540 4056 Burgundia
4555 3997 4648 4054 per
4671 3982 4728 4038 te.

3249 4079 3553 4132 Auctorem
3587 4075 3750 4149 pacis
3776 4080 3972 4129 tamen
4004 4071 4064 4128 in
4094 4078 4150 4128 te
4176 4089 4415 4128 cernere
4448 4069 4660 4144 quaerit,

3249 4167 3318 4220 Et
3345 4167 3504 4237 cupit
3533 4165 3591 4220 in
3625 4164 3777 4237 regis
3811 4180 3918 4219 sua
3943 4161 4169 4218 lumina
4201 4178 4442 4234 pascere
4471 4159 4646 4216 vultu.

3249 4255 3371 4310 Huc
3404 4256 3560 4322 ades,
3596 4260 3653 4310 et
3687 4270 3929 4325 regnum
3963 4253 4072 4320 iac,
4105 4256 4161 4307 te
4195 4252 4487 4318 veniente,
4516 4261 4764 4306 serenum.

3249 4345 3307 4399 Si
3342 4344 3428 4399 sol
3459 4345 3738 4400 occubuit
3768 4359 3903 4400 cum
3932 4342 4124 4398 Caesar
4156 4357 4338 4414 regna
4371 4340 4630 4412 reliquit,

3249 4433 3498 4489 Irradias
3529 4433 3799 4505 patriam,
3833 4433 3881 4487 si
3912 4437 3975 4486 tu
4009 4430 4179 4486 modo
4209 4429 4444 4498 viseris,
4477 4428 4652 4484 illam.

3248 4522 3375 4578 Haec
3405 4522 3543 4578 olim
3577 4539 3789 4594 magno
3819 4519 4101 4576 domuisti
4132 4535 4315 4592 regna
4343 4518 4584 4584 labore;

3249 4611 3418 4666 Utere
3449 4627 3602 4666 nunc
3633 4609 3887 4682 papulis,
3920 4608 4048 4674 tibi,
4081 4617 4216 4676 rex,’
4236 4606 4456 4663 servire
4484 4603 4705 4680 paratis.

3169 4717 3217 4782 D
3248 4700 3376 4755 Haec
3409 4701 3496 4756 via
3527 4701 3602 4756 sit
3629 4699 3834 4767 facilis,
3869 4715 4045 4770 quam
4080 4701 4368 4770 praeparat
4400 4697 4592 4752 orbita
4619 4688 4778 4764 pacis:

3250 4789 3373 4846 Huc
3404 4791 3551 4846 bene
3583 4789 3798 4856 venias,
3833 4787 3926 4844 hic
3956 4787 4156 4844 omnia
4187 4801 4475 4858 prospera
4505 4797 4706 4842 cernas.

1499 2295 1616 2352 Rex
1647 2295 1874 2352 Christo
1905 2295 2115 2351 chorus
2141 2315 2154 2364 ;
2189 2297 2412 2352 nullum
2448 2299 2694 2352 vastabit
2725 2315 2932 2352 avarus

1497 2384 1624 2440 Vile
1655 2389 1815 2458 putat
1850 2386 2112 2441 studium
2148 2386 2194 2442 si
2228 2387 2361 2458 quis
2394 2393 2717 2460 comportat
2747 2387 2805 2441 in
2841 2404 3023 2441 unum

1493 2474 1783 2546 Quidquid
1799 2474 2008 2530 habere
2026 2481 2370 2548 potest,cum
2385 2477 2487 2548 jus
2505 2494 2615 2531 non
2631 2481 2848 2548 quaerat
2867 2476 3141 2542 habendi,

1495 2563 1597 2618 Est
1629 2563 1792 2618 dives
1824 2563 2074 2619 multum
2105 2569 2470 2636 contemptor
2501 2565 2859 2619 divitiarum.

1491 2651 1852 2708 Aurisurdus
1883 2669 2048 2706 amor
2079 2653 2310 2707 miseris
2341 2652 2732 2708 clamantibus
2763 2654 2974 2708 obstat.

1493 2738 1836 2794 Vendiderit
1866 2739 2023 2811 leges
2054 2743 2294 2812 captura
2324 2742 2572 2812 pecunia
2604 2759 2787 2812 reges,

1498 2827 1569 2882 Et
1599 2829 1670 2883 de
1702 2827 2072 2900 principibus
2095 2829 2289 2899 justos
2323 2830 2612 2884 furabitur
2643 2847 2805 2885 usus.

1497 2917 1570 2970 At
1596 2932 1694 2972 rex
1723 2915 2025 2972 Heinricus
2054 2916 2138 2972 vir
2167 2918 2422 2990 prudens
2453 2919 2731 2991 prospicit
2764 2919 2930 2990 illud,

1501 3003 1574 3059 Ut
1601 3009 1743 3060 tunc
1774 3010 1931 3060 curet
1962 3023 2258 3078 opes,cum
2293 3005 2520 3062 nullum
2549 3012 2688 3062 sunt
2711 3009 3112 3080 reprimentes.

1496 3092 1613 3148 Nec
1645 3099 1846 3152 contra
1876 3094 2061 3167 legem
2095 3095 2333 3151 flectunt
2361 3096 2600 3152 donaria
2628 3113 2840 3168 regem.

1495 3182 1590 3238 Sic
1621 3181 1759 3238 facit
1791 3186 1851 3238 ut
1881 3183 2085 3240 doctus
2115 3185 2248 3256 quis
2281 3200 2378 3239 rex
2403 3189 2491 3241 est
2522 3185 2744 3240 doctior
2776 3184 2918 3241 illo?

1493 3271 1634 3338 Quis
1665 3271 1855 3327 Caesar
1885 3271 2116 3340 melius,
2150 3273 2198 3329 si
2231 3273 2372 3345 quid
2405 3274 2640 3329 rubrica
2667 3273 2898 3339 vetavit,

1493 3361 1652 3416 Scire
1679 3360 1830 3417 valet
1861 3361 2086 3434 primis,
2119 3379 2297 3434 quam
2329 3362 2552 3418 discere
2579 3369 2831 3436 cmpexat
2861 3364 3030 3418 annis

1495 3449 1652 3506 Felix
1679 3449 1757 3507 sit
1777 3452 2006 3524 genitor
2035 3451 2327 3506 redivivus
2357 3450 2528 3507 laude
2560 3452 2799 3524 perenni

1493 3540 1795 3596 Conradus
1825 3539 2016 3595 Caesar
2045 3557 2218 3612 quem
2253 3541 2508 3596 maxima
2537 3558 2714 3596 causa
2743 3542 2978 3610 subivit,

1495 3626 1569 3682 Ut
1599 3627 1773 3682 sciret
1800 3633 2004 3682 natum
2038 3627 2252 3682 studiis
2283 3629 2354 3682 ad
2391 3645 2571 3701 regna
2601 3635 2893 3702 paratum,

1498 3714 1606 3780 Qui
1633 3720 1822 3770 rector
1853 3715 2127 3786 publicus
2153 3717 2438 3772 mundum
2472 3717 2802 3774 discernere
2833 3724 3050 3791 posset.

1500 3801 1657 3858 Felix
1688 3802 1764 3857 sit
1795 3807 1980 3858 mater
2007 3805 2380 3860 memorando
2412 3805 2672 3861 carmine
2701 3806 2878 3880 digna

1499 3889 1692 3946 Gisela
1720 3891 1791 3946 de
1820 3890 2005 3946 Caroli
2037 3893 2353 3964 procedens
2384 3893 2669 3966 sanguine
2701 3894 2916 3968 Magni.

1497 3978 1640 4034 Nam
1675 3979 1721 4034 si
1753 3983 1888 4053 post
1915 3980 2200 4037 decimam
2233 3989 2570 4039 numeretur
2601 3983 2754 4040 linea
2776 3990 2981 4056 quarta

1493 4067 1631 4124 Post
1661 4067 1930 4124 Carolum
1963 4069 2240 4143 Magnum
2275 4077 2545 4128 nascetur
2573 4073 2784 4129 nobilis
2813 4073 2960 4146 ipsa.

1496 4156 1623 4212 Hazc
1651 4175 1888 4230 operam
1921 4159 2178 4229 dederat,
2213 4162 2368 4232 quod
2401 4179 2497 4216 rex
2528 4159 2587 4215 in
2621 4161 2744 4233 lege
2774 4163 3049 4218 studebat
3079 4181 3093 4219 :

1495 4245 1600 4302 llla
1629 4247 1739 4304 sibi
1771 4247 1952 4303 libros
1982 4254 2351 4321 persuaserat
2382 4267 2510 4306 esse
2530 4251 2826 4324 legendos,

1493 4335 1568 4392 Ut
1589 4337 1778 4392 varios
1809 4337 1957 4393 ritus
1987 4339 2042 4393 di
2043 4339 2272 4411 judicet
2302 4344 2424 4396 arte
2453 4341 2675 4413 peritus

1493 4425 1776 4482 Doctrina:
1805 4425 2002 4482 lumen
2037 4428 2410 4485 tenebrosum
2442 4429 2642 4503 dirigit
2664 4431 2864 4488 orbem

1493 4512 1704 4570 Gentes
1735 4515 1978 4572 infestas
2015 4516 2145 4572 vicit
2176 4517 2441 4572 Romana
2469 4524 2730 4591 potestas

1493 4602 1644 4660 Olim
1671 4605 1952 4674 consiliis,
1987 4622 2101 4662 non
2133 4623 2365 4678 semper
2393 4607 2605 4663 vicerat
2638 4609 2838 4664 armis.

1492 4693 1594 4749 Est
1623 4694 1770 4750 satis
1797 4698 2098 4766 expertum
2131 4700 2417 4768 quantum
2452 4695 2740 4768 sapientia
2764 4698 2970 4770 possit,

1492 4783 1627 4848 Qua
1657 4800 1760 4855 per
1786 4783 1902 4839 vim
1934 4784 2091 4840 verbi
2126 4783 2305 4840 flectit
2337 4785 2737 4842 moderamina
2769 4787 2952 4859 regni.

1494 4870 1611 4927 Rex
1641 4871 1850 4928 iterum
1883 4872 2061 4930 salve.
2093 4873 2223 4929 Tibi
2255 4871 2386 4930 laus
2419 4873 2497 4930 sit
2527 4890 2663 4931 cum
2694 4875 2973 4948 genitrice

2357 5014 2710 5085 CARMEN
2761 5014 3115 5088 GRATl/E
3170 5019 3329 5090 PRO
3385 5018 3626 5089 REGIS
3679 5017 4048 5089 HONORE.

1564 5150 1772 5207 Omnia
1801 5151 1974 5224 plena
2001 5150 2192 5207 bonis.
2225 5151 2320 5206 Sic
2349 5155 2510 5223 Optat
2541 5169 2714 5209 musa
2740 5153 3052 5228 Wipponis

1493 5238 1623 5296 Haec
1651 5257 1758 5315 ego
1790 5241 1903 5295 Lex
1934 5239 2118 5295 cecini
2147 5239 2353 5294 devoto
2383 5241 2640 5298 carmine
2671 5243 2814 5316 regi.

1490 5329 1660 5397 Audi,
1689 5344 1827 5400 spes
1857 5327 2036 5393 orbis,
2069 5327 2211 5398 quid
2245 5328 2441 5384 dicant
2469 5329 2678 5386 intima
2707 5332 2920 5402 cordis,

1493 5417 1640 5483 Quid
1671 5415 1808 5472 velit
1833 5415 1954 5470 haec
1985 5416 2184 5484 series,
2215 5433 2362 5490 quas
2391 5419 2567 5475 addat
2596 5419 2794 5476 Gratia
2817 5419 3042 5478 laudes.

1493 5505 1691 5560 Gratia
1715 5509 1770 5561 te
1797 5503 2014 5573 laudat,
2049 5504 2150 5560 tibi
2184 5516 2378 5579 grates
2410 5507 2610 5562 Gratia
2639 5512 2868 5576 cantat;

1495 5592 1575 5650 De
1603 5609 1748 5650 vena
1778 5593 1992 5650 mentis
2023 5592 2294 5650 salientia
2323 5595 2587 5650 carmina
2615 5595 2800 5650 sentis

1568 5717 1642 5798 (8)
1673 5718 1817 5775 Vide
1849 5735 2027 5795 supra
2052 5717 2516 5779 observationem
2547 5715 2840 5790 praeviam.

3248 5158 3383 5214 Post
3404 5159 3629 5230 justam
3660 5157 3869 5229 Legem
3901 5160 4229 5211 comeretur
4257 5146 4709 5228 [leg.comitetur]
4734 5141 4820 5196 Gra‘

4549 5240 4648 5312 [tia
4673 5239 4817 5300 regem-

3245 5336 3316 5390 Et
3347 5339 3480 5408 post
3502 5335 3796 5406 judicium
3826 5335 4002 5390 veniae
4036 5332 4302 5390 mulcedo
4333 5335 4634 5404 sequatur.

3245 5424 3407 5479 Sicut
3437 5423 3780 5480 vulneribus
3812 5423 4163 5479 medicinam
4189 5422 4337 5478 ferre
4367 5420 4646 5482 solemus,

3245 5511 3338 5567 Sic
3369 5512 3774 5568 condemnatis
3805 5516 4110 5567 succurrat
4139 5528 4270 5566 mos
4304 5509 4564 5582 pietatis.

3246 5600 3359 5656 Lex
3390 5602 3461 5658 ad
3494 5602 3610 5656 vim
3643 5601 3761 5674 regi
3795 5605 4030 5676 generat
4061 5599 4319 5656 feriendo
4349 5602 4648 5662 nocentes,
