4868 6470
690 503 834 561 1257

685 634 753 690 Ut
781 633 827 688 si
862 632 1076 689 charus
1106 631 1242 688 item
1273 648 1371 689 rex
1398 633 1551 689 idem
1584 635 1769 707 gratia
1799 635 2025 690 suadet.

682 723 883 794 Legem
913 722 1151 794 scripsit
1181 722 1376 789 homo,
1411 722 1714 778 descendit
1739 722 1926 796 gratia
1954 721 2096 778 ccelo
2129 738 2142 777 :

684 812 791 867 Lex
819 810 1067 866 servvire
1097 812 1284 877 docet,
1318 811 1606 866 dominari
1638 813 1824 884 gratia
1853 812 2179 876 monstrat;

683 901 790 955 Lex
820 899 1254 965 condemnabit,
1286 900 1385 954 sed
1422 899 1610 971 gratia
1638 898 1998 970 iustificabit.

570 1028 583 1064 ε
681 988 794 1043 Hoc
823 987 1090 1054 dicendo,
1124 980 1338 1042 bonam
1370 1004 1609 1059 prorsus
1639 1004 1756 1042 non
1788 988 2005 1059 denego
2037 986 2263 1058 legem;

568 1118 582 1154 ε
682 1077 788 1131 Sed
820 1075 1071 1131 laudans
1102 1076 1353 1142 veniam,
1385 1078 1730 1131 commendo
1762 1076 1997 1147 regibus
2029 1074 2211 1130 illam.

679 1165 800 1220 Non
830 1163 975 1219 satis
1004 1181 1123 1219 una
1153 1163 1320 1231 valet,
1354 1164 1403 1218 si
1436 1182 1551 1220 non
1584 1168 1782 1219 manet
1812 1163 1994 1219 altera
2019 1179 2238 1219 secum.

679 1252 988 1324 Frangitur
1016 1251 1159 1318 hac,
1194 1251 1399 1319 fortis;
1431 1252 1825 1307 contemnitur
1855 1251 2056 1321 altera,
2089 1250 2283 1306 mollis

677 1341 776 1396 Est
803 1341 958 1396 bona
985 1339 1317 1412 temperies,
1352 1357 1528 1412 quam
1560 1340 1651 1395 lex
1677 1345 1734 1396 et
1762 1341 1951 1414 gratia
1979 1343 2229 1395 miscent

678 1429 769 1484 Hae
801 1428 851 1484 si
884 1429 1233 1499 conjunctae,
1265 1429 1630 1502 generabunt
1659 1429 1816 1501 pacis
1847 1445 2125 1484 amorem.

674 1517 798 1573 Non
828 1516 1006 1572 laudo
1037 1517 1288 1588 pondus,
1322 1516 1474 1587 quod
1508 1532 1679 1571 nemo
1703 1516 1851 1572 ferre
1878 1514 2111 1570 valebit.

679 1605 909 1660 Viribus
941 1603 1221 1676 inspectis
1253 1604 1519 1661 onerabit
1547 1605 1735 1676 gratia
1762 1603 1979 1676 lapsos.

673 1695 791 1750 Rex
821 1693 1109 1748 Dominus
1140 1692 1289 1760 caeli,
1324 1693 1676 1759 miserando,
1702 1690 2017 1764 judiciales

669 1783 1050 1839 Abscondens
1082 1798 1308 1853 pinnas,
1338 1797 1646 1837 conversos
1677 1781 1928 1853 protegit
1954 1780 2174 1836 hostes.

670 1872 743 1943 (9)
779 1872 949 1927 Hunc
981 1870 1399 1942 imitare,peto,
1423 1869 1514 1941 pie
1537 1887 1632 1924 rex
1658 1870 1943 1933 Heinrice,
1973 1869 2316 1935 Tonantem,

568 1956 581 2031 ξ
669 1962 775 2024 Qui
810 1959 1029 2016 misero
1059 1959 1264 2031 parcit,
1297 1959 1587 2031 parcendo
1617 1957 1861 2013 crimina
1892 1956 2078 2029 punit,

666 2050 760 2105 Sic
790 2052 1116 2119 utrumque
1144 2048 1365 2102 bonum
1398 2047 1601 2102 doceat
1625 2062 1867 2118 regnare
1900 2048 2231 2116 patronum,

666 2138 769 2193 Per
796 2154 977 2209 quem
1011 2136 1103 2191 lex
1134 2135 1322 2201 feriat,
1359 2151 1472 2204 quo
1503 2135 1687 2206 legem
1722 2134 1911 2206 gratia
1942 2138 2128 2189 sanet.

573 2284 579 2289 _
664 2226 801 2292 Hoc,
834 2224 1190 2290 venerande,
1217 2223 1321 2278 tibi
1354 2221 1682 2294 praedixerit
1713 2222 1853 2276 ordo
1885 2220 2174 2287 sacrandi,

566 2316 576 2387 ἰ
663 2315 809 2370 Cum
844 2312 1060 2387 praesul
1094 2311 1355 2384 gladium
1386 2310 1628 2367 femoris
1657 2309 1937 2382 vertigine
1964 2309 2166 2381 cingit,

664 2404 815 2459 Dum
848 2420 953 2458 rex
983 2402 1169 2457 iratus
1199 2400 1379 2456 fueris
1408 2399 1740 2455 miserando
1772 2399 2022 2469 quiesce.

664 2497 820 2547 Dura
852 2492 1126 2546 foventur
1153 2488 1345 2560 aquis,
1378 2488 1694 2543 durescant
1722 2486 1876 2541 lenia
1908 2486 2198 2553 flammis;

658 2582 1048 2652 Alternatque
1073 2578 1229 2634 vices
1260 2578 1569 2632 moderata?
1591 2577 1695 2647 jus
1722 2575 1986 2631 rationis.

658 2670 805 2725 Hinc
838 2671 1093 2724 adamas
1121 2667 1307 2721 durus
1337 2664 1592 2721 solvetur
1611 2665 1894 2736 sanguine
1926 2662 2084 2717 molli
2115 2681 2128 2729 ;

659 2758 1014 2814 Conseritur
1040 2757 1256 2813 vitrum
1289 2754 1500 2810 melius
1531 2770 1634 2825 per
1661 2752 1892 2808 vincula
1923 2751 2143 2824 plumbi
2181 2769 2192 2807 :

659 2849 908 2903 Ferrum
943 2861 1083 2902 cum
1112 2842 1254 2898 limo
1284 2859 1483 2898 massa
1511 2843 1753 2897 cadente
1784 2841 2073 2911 liquescit.

658 2937 726 2991 Et
756 2939 979 2992 natura
1002 2933 1173 3004 jubet
1202 2930 1416 2986 mutari
1447 2930 1639 2986 tristia
1671 2929 1903 2985 blandis
1936 2947 1948 2985 :

657 3027 793 3081 Post
824 3024 1091 3089 acidum,
1125 3019 1353 3076 dulcem
1389 3023 1623 3092 praestat
1653 3024 1891 3091 gustare
1918 3034 2207 3090 saporem,

656 3114 796 3169 Post
828 3112 1061 3177 dulces,
1094 3109 1292 3165 acidos
1321 3108 1534 3163 iterum
1566 3107 1919 3162 confundere
1949 3110 2157 3177 gustus

652 3203 781 3258 Non
813 3202 946 3257 haec
978 3202 1290 3271 propterea
1319 3196 1449 3266 tibi,
1483 3212 1600 3263 rex,
1632 3211 1869 3250 narrare
1901 3194 2119 3266 paravi,

654 3291 727 3347 Ut
757 3296 817 3346 te
848 3289 1205 3345 clementem
1237 3284 1540 3340 dominum
1572 3283 1850 3355 regnique
1875 3288 2173 3355 parentem

1756 498 2301 563 PANEGYRICUS
2347 496 2666 560 HENRlCl
2709 500 2791 560 ΙΙΙ
2840 499 3003 561 IMP.

2349 630 2407 698 Α
2436 631 2660 704 Pesque
2694 633 2900 705 pedem
2932 635 3172 702 reddat;
3207 635 3407 691 manui
3439 644 3649 692 manus
3679 635 3858 695 altera
3885 641 4070 711 cedat;

3919 504 4076 571 1258

2429 720 2683 777 Vulnera
2712 721 3053 778 vulneribus
3082 738 3428 796 reSponsum
3454 726 3702 783 reddere
3729 731 3963 784 certent.

2431 809 2537 872 Qui
2571 810 2892 866 detestatur
2921 812 3233 883 genitores,
3266 812 3361 869 hic
3388 813 3708 882 moriatur;

2430 897 2534 962 Qui
2570 897 2790 953 furtum
2824 899 3013 967 faciet,
3047 900 3175 956 sine
3204 917 3375 973 poena
3405 916 3520 957 non
3553 902 3912 969 remanebit;

2427 985 2695 1057 Quinque
2709 986 2883 1042 boves
2899 1004 3082 1042 unum
3100 989 3389 1044 redimant
3400 1006 3534 1045 cum
3548 990 3751 1047 fraude
3764 994 4075 1059 remotum;

2429 1075 2533 1139 Qui
2571 1076 2795 1130 iuratur
2823 1092 3008 1142 ovem,
3044 1077 3248 1133 reddat
3278 1095 3410 1134 cum
3440 1083 3693 1151 quatuor
3722 1095 3900 1137 unam
3926 1098 3942 1149 ;

2428 1163 2490 1217 Si
2523 1163 2828 1220 maledicet
2855 1164 3052 1232 homo,
3080 1166 3365 1222 moriatur
3394 1183 3498 1239 pro
3529 1166 3843 1224 maledicto

2428 1251 2486 1306 Si
2519 1251 2607 1307 lex
2633 1253 2943 1308 verborum
2975 1258 3365 1326 contorquens
3393 1253 3509 1311 tela
3537 1272 3800 1326 suorum,

2428 1341 2705 1396 Terrebat
2734 1340 2947 1412 plures,
2981 1346 3038 1397 et
3067 1343 3372 1414 desperare
3396 1344 3601 1417 coegit,

2427 1427 2728 1484 Clamabat
2755 1429 3004 1501 populus
3035 1431 3144 1485 sub
3174 1435 3334 1487 tanto
3364 1433 3626 1504 pondere
3657 1438 3918 1504 pressus,

2425 1516 2792 1573 Vociferabat
2822 1518 2995 1573 homo
3027 1519 3217 1575 fessus
3249 1518 3590 1593 religamine
3618 1521 3785 1589 duro,

2428 1604 2545 1660 Hoc
2574 1623 2689 1660 non
2721 1623 2892 1677 posse
2923 1607 3061 1678 pati,
3098 1608 3216 1664 fore
3246 1612 3477 1680 tempus
3501 1610 3627 1680 jam
3658 1608 3997 1666 miserandi.

2426 1692 2658 1748 Audivit
2677 1694 2960 1750 Dominus
2991 1694 3331 1764 clamantes,
3364 1700 3422 1752 et
3450 1696 3800 1754 miserorum

2427 1782 2748 1854 Respondit
2777 1782 3032 1855 gemitus
3064 1782 3235 1839 solita
3263 1784 3477 1857 pietate
3507 1789 3748 1842 creator.

2424 1869 2598 1925 Venit
2627 1871 2685 1925 in
2712 1870 2867 1926 hunc
2899 1872 3187 1927 mundum
3219 1872 3410 1928 carnis
3438 1871 3664 1930 velatus
3693 1873 3752 1929 in
3786 1874 4016 1947 umbra,

2350 1991 2397 2055 B
2427 1958 2678 2014 Humani
2709 1960 2936 2030 generis
2967 1961 3246 2016 formator
3275 1965 3333 2017 et
3362 1962 3487 2033 ipse
3509 1962 3861 2035 redemptor.

2432 2047 2555 2102 Non
2591 2047 2803 2120 repulit
2831 2047 3040 2121 legem,
3076 2050 3175 2105 sed
3199 2050 3433 2121 justum
3465 2051 3611 2107 dans
3642 2053 4040 2122 moderamen,

2429 2136 2508 2190 Ne
2539 2141 2862 2192 moreretur
2889 2138 3087 2203 homo,
3118 2138 3346 2193 veniam
3372 2156 3505 2194 cum
3536 2138 3662 2210 lege
3689 2139 3897 2196 locavit
3923 2158 3938 2209 ;

2428 2224 2501 2279 Ut
2532 2241 2666 2280 cum
2691 2224 2779 2279 lex
2812 2230 3059 2281 mortem
3092 2227 3415 2299 promittat,
3447 2227 3636 2300 gratia
3663 2228 3842 2284 vitam
3876 2245 3891 2285 :

2428 2312 2624 2385 Erigat
2652 2312 2761 2368 hac
2785 2313 3060 2380 humiles,
3092 2319 3159 2368 ut
3188 2314 3433 2386 dissipet
3454 2314 3555 2369 illa
3586 2315 3832 2372 rebelles

2427 2400 2748 2456 Conversus
2780 2401 3004 2457 veniam
3024 2403 3207 2473 judex
3235 2418 3348 2458 non
3382 2403 3631 2475 abneget
3658 2403 3840 2460 ullus.

2427 2488 2519 2545 Sic
2550 2490 2701 2545 Deus
2730 2489 3095 2561 omnipotens
3128 2507 3230 2561 per
3256 2494 3416 2546 vates
3446 2490 3672 2546 dixerat
3701 2491 3838 2548 olim
3874 2510 3888 2548 :

2428 2575 2568 2632 Nolo
2601 2578 2892 2649 peccantis
2923 2580 3191 2645 mortem,
3226 2594 3330 2633 nec
3359 2578 3582 2650 gaudeo
3612 2594 3777 2651 paena
3809 2596 3823 2634 :

2426 2670 2821 2731 Convertatur,
2855 2664 2954 2732 ait,
2987 2665 3160 2733 vivat,
3194 2666 3335 2720 mihi
3371 2666 3582 2722 serviat
3609 2666 3754 2739 ipse,

2426 2757 2809 2808 Conservatus
2840 2752 3037 2818 homo,
3071 2770 3244 2824 quem
3279 2754 3471 2826 prisca
3498 2754 3557 2810 in
3590 2757 3726 2811 sede
3754 2770 3991 2828 repono.

2426 2842 2593 2896 Nunc
2621 2842 2775 2896 idem
2806 2841 3089 2897 Dominus
3115 2842 3352 2898 veniens
3384 2844 3441 2898 in
3474 2844 3731 2917 tegmine
3760 2846 3954 2901 carnis

2430 2930 2625 3001 lnquit
2656 2946 2667 2985 :
2703 2929 3013 3001 Discipulis
3038 2930 3147 2986 hoc
3179 2932 3415 2996 mando,
3447 2932 3673 3002 discite,
3707 2934 3936 2989 cunctis
3969 2951 3983 2989 :

2427 3018 2685 3073 Crimina
2711 3019 3047 3090 pmniteant,
3077 3023 3134 3074 et
3155 3019 3272 3074 vita
3302 3024 3534 3091 perpete
3557 3020 3770 3077 vivant.

2426 3105 2732 3160 Peccatum
2766 3110 2982 3177 pereat,
3017 3110 3286 3177 peccator
3312 3107 3502 3163 vivere
3530 3108 3737 3164 discat.

2427 3194 2533 3258 Qui
2565 3210 2627 3249 se
2656 3194 2958 3262 convertit,
2988 3211 3103 3249 non
3137 3199 3227 3250 est
3256 3195 3349 3249 hic
3378 3196 3478 3267 qui
3511 3196 3623 3251 fuit
3654 3196 3817 3253 olim.

2427 3283 2548 3337 Non
2583 3282 2770 3338 dicam
2804 3282 3053 3354 hic‘vita-
3081 3283 3219 3355 quid
3249 3282 3325 3338 sit
3354 3283 3662 3340 clementia
3689 3301 3859 3342 verax
3894 3303 3907 3342 :

652 3380 799 3445 Quis
832 3377 1095 3443 dubitet,
1132 3374 1231 3429 sed
1264 3390 1362 3429 eos
1394 3373 1493 3444 qui
1522 3350 1905 3443 tantum-lege
1935 3375 2239 3426 moventur
2347 3350 2389 3416 (ἶ
2429 3372 2589 3435 Quod
2622 3372 2803 3443 gratis
2832 3350 3067 3427 dabitur
3096 3350 3402 3427 clementia
3425 3372 3561 3443 jure
3588 3377 3846 3429 vocatur.

652 3468 969 3541 Castigare
1000 3465 1157 3530 libet,
1191 3463 1406 3535 quibus
1432 3462 1552 3516 haec
1586 3461 1682 3533 pia
1711 3461 1984 3531 dogmata
2014 3461 2199 3516 trado.

723 3558 881 3614 Cum
916 3556 1081 3610 Deus
1111 3552 1481 3622 omnipotens
1504 3550 1561 3603 in
1596 3550 1814 3604 mundo
1847 3554 2055 3605 cuncta
2085 3550 2318 3616 creavit,

651 3646 832 3702 Solus
864 3645 1054 3700 homo
1075 3641 1225 3695 liber
1253 3639 1508 3712 percepit
1536 3641 1688 3693 dona
1717 3637 1986 3693 creantis.

650 3736 785 3792 Mox
818 3734 1164 3800 libertatem
1199 3729 1449 3801 primam
1482 3743 1625 3800 vaga
1655 3744 1821 3781 mens
1851 3727 2093 3781 vitiavit.

650 3825 982 3897 Caeperunt
1014 3818 1214 3875 miseri
1245 3818 1396 3873 dono
1429 3816 1672 3871 rationis
1702 3814 1864 3870 abuti
1890 3833 1903 3883 ;

566 3904 581 3943 ⁵
651 3915 721 3970 Et
750 3911 1038 3987 potuisse
1067 3906 1310 3973 malum,
1342 3904 1519 3960 traxit
1547 3909 1775 3971 natura,
1809 3922 1910 3977 per
1939 3922 2135 3960 usum.

648 4005 800 4059 Ecce
833 4002 1009 4057 Deus
1042 3996 1227 4069 legem
1260 3993 1669 4066 superaddidit
1699 3992 1807 4047 hoc
1838 3994 2272 4064 reprimentem,

646 4092 841 4164 Cujus
873 4093 1294 4157 transgressor
1323 4099 1436 4138 non
1470 4081 1801 4154 impunitus
1832 4080 2036 4161 abiret,

646 4183 730 4236 Ac
763 4192 1018 4252 poenam
1052 4177 1320 4229 metuens
1347 4171 1544 4226 redeat
1576 4186 1844 4242 perversa
1870 4168 2141 4224 voluntas

646 4268 1101 4335 Judiciumque
1130 4262 1333 4333 probet
1359 4276 1536 4332 quam
1569 4258 1646 4313 sit
1675 4273 1913 4330 peccare
1940 4257 2287 4330 malignum.

647 4358 747 4415 Sic
778 4354 1094 4413 Dominus
1122 4349 1379 4405 clemens
1409 4363 1606 4403 servos
1636 4362 1901 4401 revocare
1928 4344 2174 4400 volebat.

645 4448 779 4503 Non
814 4442 969 4500 tulit
992 4438 1144 4495 illud
1174 4436 1372 4503 homo,
1406 4434 1618 4508 pmnali
1648 4433 1774 4506 lege
1803 4438 2094 4506 gravatus,

644 4537 722 4592 Ut
753 4551 869 4608 per
893 4527 1231 4587 vindictam
1258 4528 1455 4598 posset
1474 4538 1840 4596 compescere
1869 4520 2100 4594 culpam
2135 4539 2149 4588 ;

642 4626 719 4681 Et
751 4618 1029 4679 mortale
1056 4616 1269 4688 jugum
1299 4614 1438 4669 laesa
1466 4612 1686 4668 cervice
1716 4610 1964 4667 dolebat.

640 4713 1008 4773 Occidatur,
1047 4705 1147 4769 ait,
1178 4703 1289 4771 lex,
1325 4702 1426 4774 qui
1457 4700 1635 4757 semel
1667 4704 1756 4755 est
1785 4699 2098 4766 homicida,

643 4803 715 4857 Et
748 4799 859 4874 qui
898 4792 1241 4852 moecbetur
1269 4806 1402 4847 cum
1433 4789 1659 4845 mmcha
1689 4804 1820 4843 mox
1853 4786 2141 4859 lapidetur
2173 4805 2186 4855 ;

640 4892 810 4948 Dens
845 4901 964 4962 pro
1000 4883 1183 4938 dente
1207 4879 1376 4936 cadat
1402 4897 1416 4948 ;
1450 4877 1647 4934 lumen
1679 4892 1783 4950 pro
1814 4875 2036 4931 lumine
2066 4876 2278 4944 vadat;

718 5013 804 5087 (9)
832 5012 899 5067 in
940 5022 1071 5063 ms.
1108 5001 1371 5077 margine
1405 5020 1418 5057 :
1453 5001 1773 5057 CONSILIUM
1805 4999 2052 5056 GRATL‘E.

2427 3459 2531 3523 Qui
2567 3460 2773 3530 recipit
2803 3460 3101 3527 meritum,
3124 3460 3353 3516 veniam
3386 3460 3518 3532 quis
3549 3461 3759 3517 dixerit
3788 3461 3974 3519 illud?

2428 3548 2487 3602 Si
2521 3547 2653 3619 quis
2684 3548 2943 3619 peccanti
2974 3564 3247 3603 converso
3276 3540 3401 3604 vult
3432 3548 3714 3617 misereri,

2431 3636 2515 3704 Et,
2549 3652 2793 3708 parcens
2825 3636 3060 3703 misero,
3091 3636 3409 3691 vindictam
3437 3654 3667 3693 sumere
3696 3638 3904 3706 nescit,

2432 3724 2535 3779 Hic
2560 3725 2788 3779 veniam
2821 3725 3064 3791 tribuit;
3096 3725 3180 3780 sic
3211 3742 3440 3797 pcenam
3472 3726 3657 3798 gratia
3686 3727 3929 3800 spernit.

2433 3812 2782 3885 Pr0pitietur
2810 3812 2985 3868 homo
3018 3813 3293 3868 confratri
3320 3813 3565 3870 crimine
3593 3814 3778 3888 lapso.

2432 3902 2538 3966 Qui
2572 3901 2726 3957 cadit
2754 3905 2812 3957 et
2841 3901 3192 3974 surgit,spes
3221 3904 3310 3957 est
3338 3907 3403 3957 ut
3430 3902 3618 3958 vivere
3648 3905 3853 3975 possit.

2434 3990 2648 4070 Omnes
2676 4007 3004 4062 peccamus,
3040 3990 3416 4061 peccantibus
3449 3990 3557 4046 hoc
3588 3992 3873 4049 faciamus

2435 4079 2596 4143 Quod
2628 4077 2912 4133 Dominus
2946 4079 3116 4133 nobis
3147 4078 3245 4149 qui
3278 4076 3534 4133 clemens
3565 4083 3653 4134 est
3682 4078 3961 4146 inimicis,

2434 4171 2574 4222 Cum
2605 4165 2830 4221 veniam
2864 4165 3057 4234 laudo,
3091 4182 3205 4220 non
3238 4163 3423 4238 legem
3456 4169 3714 4222 temnere
3743 4183 3959 4238 quaero.

2437 4257 2551 4311 Lex
2580 4255 2735 4309 bona
2766 4252 2813 4309 si
2843 4254 3073 4309 veniam
3104 4254 3277 4309 dorso
3298 4256 3529 4325 portare
3560 4254 3839 4322 studebit,

2436 4343 2635 4400 Gratia
2662 4346 2802 4397 tunc
2832 4343 3090 4413 prodest,
3126 4357 3259 4397 cum
3292 4340 3383 4396 lex
3413 4343 3773 4413 prmoesserit
3798 4342 3982 4401 illam.

2436 4432 2505 4486 Et
2534 4430 2624 4486 lex
2648 4430 2923 4495 obstanti,
2957 4429 3057 4484 sed
3086 4429 3272 4502 gratia
3302 4429 3382 4485 sit
3411 4430 3672 4486 redeunti
3709 4449 3724 4487 :

2437 4520 2532 4575 Sic
2565 4519 2623 4573 in
2657 4523 2904 4589 utroque
2935 4518 3086 4572 bono
3118 4517 3357 4572 dabitur
3385 4517 3703 4574 consistere
3732 4521 3977 4578 mundo.

2509 4608 2675 4663 Nunc
2706 4605 2810 4661 tibi
2844 4605 2920 4661 sit
2951 4605 3068 4679 regi
3092 4622 3205 4677 pax
3232 4608 3289 4660 et
3316 4604 3625 4661 clementia
3653 4606 3871 4685 Christi
3904 4626 3919 4666 :

2361 4716 2408 4779 Ι)
2439 4697 2525 4751 Tu
2557 4695 2824 4768 princeps
2856 4693 3015 4749 orbis
3045 4693 3128 4749 sis
3156 4692 3369 4748 Christi
3400 4709 3641 4750 munere
3672 4694 3860 4767 fortis,

2441 4786 2527 4840 Tu
2562 4783 2845 4839 Dominus
2876 4780 3038 4854 regni
3069 4782 3227 4837 vivas
3257 4782 3314 4837 in
3348 4797 3486 4854 pace
3516 4784 3782 4855 perenni.

2441 4873 2534 4928 Sic
2562 4870 2687 4928 vult
2714 4871 2927 4943 Wippo
2958 4875 3097 4926 tuus
3119 4887 3255 4926 cum
3286 4870 3402 4926 ﬁdo
3434 4874 3662 4944 pectore
3685 4874 3910 4930 Servus.

641 5151 4076 5185 Mm

1515 5377 1521 5384 ἢ
1566 5289 1880 5361 VERSUS
1933 5286 2349 5399 WIPPONIS
2401 5285 2517 5356 AD
2570 5283 2931 5357 MENSAM
2983 5282 3230 5355 REGIS

2106 5441 2171 5487 IN
2214 5441 2443 5488 NATALI
2486 5439 2702 5487 DOMINI

565 5730 569 5749 ρ
634 5681 895 5758 Regalis
928 5676 1141 5734 castus
1169 5669 1245 5726 sit
1274 5669 1335 5725 in
1365 5669 1477 5725 isto
1510 5671 1774 5758 tempore
1803 5665 1990 5758 laetus,

712 5750 852 5844 Quo
887 5767 1003 5824 lux
1035 5761 1104 5816 in
1140 5757 1388 5815 tenebris
1417 5753 1676 5813 exoritur
1701 5750 1932 5828 populis

999 5888 1283 5951 Parson.
1331 5883 1561 5947 CXLII.

2452 5664 2611 5719 Inter
2636 5659 2956 5718 laetandum
2988 5676 3083 5717 res
3114 5661 3322 5717 suadet
3349 5656 3950 5718 commemorandum,

2525 5750 2688 5820 Quod
2715 5749 2873 5811 Deus
2903 5751 2993 5809 est
3022 5753 3216 5821 natus,
3252 5748 3431 5807 Filius
3462 5750 3587 5824 ipse
3615 5747 3808 5803 datus.

3697 5866 3778 5928 40
