4868 6434
1459 435 1614 495 1269
2686 430 3073 493 WIPPONIS
3116 428 3635 491 PRESBYTER].
4679 430 4789 491 1260

1459 566 1637 621 Parva
1666 565 1829 621 dedit
1859 565 2121 622 Bethlem
2153 566 2224 620 de
2255 581 2467 636 magno
2489 565 2745 637 germine
2775 581 3006 637 panem,
3133 566 3185 629 Α
3220 564 3326 617 Bos
3359 564 3552 619 renuit
3584 564 3778 618 fenum
3811 579 3943 618 cum
3974 563 4118 618 vidit
4148 559 4342 619 nobile
4371 578 4607 636 granum

1529 655 1636 720 Qui
1659 653 1871 710 satiare
1903 653 2051 709 valet
2081 653 2365 727 quidquid
2396 653 2612 725 ubique
2643 657 2854 707 manet.
3288 653 3351 707 Et
3389 668 3638 722 prrcscpc
3669 651 3764 706 Dei
3791 657 4069 724 praecavet
4098 670 4163 708 os
4192 651 4363 708 asini.

1457 745 1676 800 Panem
1707 743 1779 798 de
1807 742 1952 800 ccelo
1983 741 2235 815 porrexit
2265 742 2451 814 gratia
2482 741 2698 795 mundo
2725 759 2737 807 ;
3210 740 3385 810 Virgo
3418 739 3617 805 Maria,
3651 741 3800 805 vide,
3830 741 4098 796 mirando
4129 741 4270 797 talia
4299 741 4422 797 ride
4454 759 4468 798 :

1533 831 1707 887 Panis
1739 833 1903 887 adest
1933 831 2095 887 vivus
2127 835 2555 904 perpetuusque
2587 830 2771 884 cibus.
3285 831 3364 884 Ex
3394 835 3446 883 te
3478 846 3580 900 per
3611 830 3850 884 verbum
3885 847 4054 886 cerne
4084 829 4266 886 Deum
4291 830 4570 903 genitum.

1463 921 1616 977 Fons
1647 919 1914 977 salientis
1945 937 2130 992 aqum,
2163 919 2388 975 diffusae
2421 917 2627 990 pocula
2654 919 2817 982 vitae;
3216 919 3329 974 Rex
3368 919 3457 988 pie
3488 917 3756 982 cmlcstis,
3791 920 4009 974 nostris
4039 918 4277 975 illabere
4309 910 4474 975 festis

1535 1009 1679 1065 Hinc
1709 1010 2041 1083 quicunque
2072 1009 2248 1071 bibet,
2283 1025 2398 1062 non
2428 1008 2636 1062 iterum
2669 1005 2846 1060 sitiet.
3287 1007 3367 1061 Da
3402 1007 3650 1060 fructum
3687 1007 3868 1077 pacis,
3902 1007 4055 1062 sicut
4085 1009 4302 1081 ubique
4336 1008 4501 1076 facis,

1465 1097 1653 1154 Mellis
1683 1097 1926 1154 dulcedo
1956 1115 2058 1171 per
2080 1097 2375 1152 Christum
2411 1095 2572 1150 ﬂuxit
2601 1095 2855 1167 olympo,
3218 1094 3482 1150 Heiurico
3515 1094 3630 1163 regi
3664 1095 3922 1166 digneris
3955 1095 4257 1168 propitiari

1537 1187 1607 1242 Ut
1635 1187 1869 1260 sapiant
1900 1185 2100 1242 famuli
2132 1185 2374 1241 delicias
2406 1183 2634 1240 Domini
2665 1202 2677 1252 ;
3290 1183 3354 1237 Ut
3390 1199 3521 1236 cum
3558 1182 3755 1237 laetitia
3789 1184 4086 1256 pertrahat
4115 1185 4327 1240 officia.

2489 1527 3165 1641 PlIOVEliBlA
3258 1525 3864 1643 WlPl‘ONIS

2080 1743 2314 1804 EDITA
2358 1743 2460 1801 AD
2507 1737 2912 1800 HENRICUM
2958 1736 3356 1798 CUONRADI
3403 1737 3934 1802 IMPERATORIS
3980 1743 4250 1806 FlLlUM

1687 1905 1877 1978 (Apud
1909 1905 2150 1960 Marten.
2183 1903 2364 1972 Ampi.
2399 1900 2614 1954 Collect.
2654 1897 2738 1963 IX,
2777 1897 2932 1962 1095,
2965 1911 3033 1950 ex
3063 1899 3428 1966 "ianusrriplo
3455 1900 3515 1954 S.
3550 1899 3795 1956 Manlii}?
3826 1901 4160 1958 Treviremis
4186 1919 4466 1959 annorum
4493 1905 4634 1973 500.)

1468 2152 1684 2226 Incipit
1707 2152 2030 2217 inventum,
2061 2151 2314 2206 referens
2338 2148 2636 2220 proverbia
2665 2150 2919 2201 centum.
3139 2145 3184 2208 B
3290 2143 3390 2198 Ubi
3428 2152 3648 2216 pugnat
3677 2153 3884 2202 sancta
3915 2151 4121 2215 oratio,
4149 2151 4226 2206 ibi
4257 2152 4518 2208 vincitur
4548 2149 4802 2209 tribulatio.

1534 2243 1708 2298 Decet
1739 2257 1930 2314 regem
1962 2239 2183 2295 discere
2211 2238 2634 2310 legem.Audiat
2667 2253 2760 2290 rex
2793 2235 2944 2306 quod
2970 2251 3109 2305 prae-
3293 2232 3655 2289 lncessantcr
3684 2254 3849 2291 orare
3879 2243 3968 2292 est
4000 2239 4211 2294 delicta
4240 2257 4514 2314 purgare.

1465 2332 1604 2404 cipit
1633 2329 1742 2386 lex.
1778 2330 1984 2401 Legem
2016 2344 2242 2383 servare
2276 2327 2382 2381 hoc
2408 2331 2495 2381 est
2527 2341 2787 2397 regnare.
3295 2321 3443 2375 Bene
3472 2329 3598 2378 orat
3627 2326 3725 2395 qui
3761 2325 3818 2380 in
3849 2327 4019 2382 corde
4047 2327 4255 2399 plorat.

1534 2419 1750 2476 Notitia
1779 2417 2105 2474 litterarum
2135 2415 2234 2470 lux
2263 2419 2353 2469 est
2383 2414 2711 2468 animarum
3289 2410 3584 2479 Jejunium
3616 2415 3758 2468 forte
3785 2413 3993 2470 liberat
4024 2417 4281 2472 secunda
4308 2425 4491 2475 σοι-ιε,

1531 2508 1754 2580 Saepius
1784 2504 2020 2562 otfendit
2048 2503 2148 2576 qui
2178 2503 2376 2559 lumen
2411 2520 2525 2557 non
2559 2502 2822 2556 attendit.
3291 2501 3396 2564 Qui
3423 2517 3534 2554 non
3562 2503 4241 2573 potestjejunare,discat
4261 2507 4800 2582 eleemosynamdare.

1532 2597 1638 2663 Qui
1669 2595 1846 2652 habet
1865 2593 2194 2659 scientiam,
2228 2596 2398 2646 ornat
2429 2589 2801 2645 sententiam.
3295 2587 3440 2641 Bene
3464 2589 3740 2658 jubilabit
3771 2593 3869 2662 qui
3901 2609 3935 2647 a
3965 2593 4117 2649 bono
4148 2612 4262 2649 non
4296 2599 4573 2654 cessabit.

1531 2684 1738 2742 Melior
1765 2687 1854 2739 est
1883 2680 2171 2753 sapientia
2201 2696 2378 2751 quam
2414 2677 2709 2733 saacularis
2743 2675 3016 2748 potentia.
3292 2675 3498 2732 Melius
3528 2683 3615 2732 est
3647 2680 3939 2736 interdum
3971 2682 4230 2740 dormire
4272 2701 4457 2756 quam
4487 2684 4698 2742 diabolo
4723 2698 4801 2738 ser-

1535 2773 1674 2829 Plus
1705 2771 1918 2828 unicus
1950 2785 2162 2824 sensus
2189 2783 2363 2839 quam
2399 2765 2698 2837 multiplex
2725 2781 2956 2819 census.
3221 2765 3357 2819 vire.

1537 2863 1638 2916 Est
1667 2858 1900 2932 sapiens
1933 2855 2186 2912 multum
2219 2855 2316 2927 qui
2353 2860 2509 2910 amat
2541 2855 2638 2909 Dei
2669 2852 2910 2907 cultum.
3293 2853 3552 2908 Dormire
3579 2872 3691 2910 non
3726 2855 3976 2912 multum
4017 2859 4302 2916 exhilarat
4330 2863 4582 2919 vultum.

1535 2949 1639 3004 Vir
1667 2947 1857 3003 ﬁdelis
1891 2949 2206 3002 coronatur
2235 2943 2290 2998 in
2325 2943 2508 2998 cmlis.
3291 2942 3394 3006 Qui
3427 2959 3486 2997 se
3521 2944 3735 3000 fatetur
3767 2947 4152 3018 reum,placat
4184 2950 4392 3006 Deum.

1541 3039 1691 3094 Bene
1713 3033 1896 3092 credit
1925 3033 2024 3107 qui
2057 3033 2348 3088 neminem
2380 3031 2534 3086 laedit
3294 3030 3394 3084 Ubi
3424 3036 3511 3085 est
3540 3049 3672 3087 vera
3703 3034 4062 3105 pmnitentia,
4095 3036 4172 3091 ibi
4207 3037 4308 3094 Dei
4337 3039 4660 3096 clementia.

1541 3126 1646 3192 Qui
1683 3125 1833 3180 fidus
1864 3121 2076 3178 seniori
2107 3121 2470 3194 approximat
2501 3120 2726 3176 honori.
3289 3119 3526 3190 Oportet
3556 3121 3710 3176 enim
3741 3139 3973 3194 parcere
3995 3125 4093 3179 diu
4120 3127 4326 3197 positis
4359 3129 4421 3184 in
4455 3145 4686 3186 carcere.

1542 3214 1649 3282 Qui
1679 3211 1918 3270 confidit
1947 3211 2006 3266 in
2041 3211 2156 3266 Deo
2187 3211 2354 3266 fortis
2385 3214 2472 3264 est
2503 3214 2566 3263 ut
2596 3209 2702 3263 leo.
3292 3207 3470 3262 Valde
3501 3209 3790 3281 decipitur
3819 3213 3918 3282 qui
3944 3230 4249 3285 nunquam
4271 3217 4591 3290 corripitur

1542 3303 1749 3360 Melius
1779 3305 1868 3358 est
1897 3301 1956 3356 in
1987 3299 2103 3356 Deo
2134 3316 2366 3373 sperare
2397 3315 2572 3370 quam
2603 3296 2839 3352 divitias
2869 3312 3110 3367 congre-
3290 3297 3630 3352 Amicabilis
3659 3299 3978 3371 increpatio
4008 3318 4124 3356 non
4155 3308 4245 3358 est
4275 3304 4599 3361 damnatio.

1466 3410 1620 3468 gare_
3291 3384 3492 3440 Oleum
3526 3389 3843 3456 peccatoris
3871 3387 3997 3444 laus
4027 3395 4118 3446 est
4147 3392 4499 3451 adulatoria.

1537 3481 1880 3538 Fortissime
1910 3493 2045 3550 spes
2076 3477 2376 3564 beatificat
2395 3493 2513 3564 res.
3137 3497 3182 3564 α
3431 3473 3601 3546 longa
3631 3475 3900 3564 ebrietas,
3935 3477 4010 3531 ibi
4043 3479 4235 3535 brevis
4265 3486 4358 3537 est
4389 3484 4598 3555 pietas.

1535 3569 1799 3624 Charitas
1829 3583 1946 3622 non
1977 3566 2111 3620 ﬁcta
2139 3564 2262 3618 odit
2291 3563 2524 3618 delicta.
3153 3562 3179 3564 ’⁷
3289 3562 3500 3616 Vinum
3536 3563 3788 3620 multum
3819 3570 3877 3620 et
3908 3567 4051 3622 forte
4081 3584 4290 3640 parum
4322 3570 4512 3627 distat
4533 3590 4567 3627 ε
4594 3572 4760 3626 morte.

1537 3657 1644 3724 Qui
1676 3654 1871 3727 diligit
1901 3653 2166 3724 fratrem,
2191 3651 2382 3724 placat
2411 3650 2592 3706 Deum
2623 3654 2682 3705 et
2715 3655 2956 3721 patrem.
3291 3649 3396 3704 Per
3426 3651 3728 3723 crapulam
3761 3653 3873 3710 cibi
3906 3660 3964 3710 et
3995 3662 4167 3727 potus
4197 3658 4349 3730 perit
4383 3659 4563 3716 homo
4587 3664 4737 3714 totus.

1543 3745 1809 3816 Regnum
1841 3740 2120 3797 calorum
2152 3757 2267 3795 non
2299 3744 2386 3794 est
2416 3739 2768 3794 invidorum.
3290 3742 3397 3793 Per
3422 3739 3842 3797 moderantiam
3876 3744 4213 3814 pervenitur
4241 3747 4313 3802 ad
4346 3747 4761 3804 abundantiam.

1539 3831 1752 3889 Melius
1779 3834 1868 3885 est
1895 3827 2192 3884 humiliari
2225 3843 2398 3900 quam
2433 3827 2695 3882 exaltari.
3292 3827 3655 3883 Mediocriter
3685 3829 3853 3901 plura
3883 3832 4097 3903 gaudet
4121 3839 4352 3891 natura.

1541 3918 1791 3978 Humilis
1821 3918 1996 3974 homo
2017 3916 2342 3989 triumphat
2373 3916 2429 3970 in
2463 3916 2654 3970 domo.
3290 3915 3661 3971 Proverbium
3698 3934 3710 3972 :
3743 3920 3818 3975 Ne
3848 3921 3980 3992 quid
4009 3925 4178 3978 nimis
4209 3922 4491 3981 laudatur
4519 3927 4574 3982 in
4609 3920 4786 3998 primis.

1537 4010 1646 4076 Qui
1675 4025 1780 4082 per
1806 4007 1991 4064 ardua
2019 4005 2196 4070 vadit,
2229 4005 2442 4076 sacpius
2473 4004 2645 4060 cadit.
3288 4003 3529 4060 Juvenis
3561 4007 3864 4063 animosus
3892 4027 4066 4066 senex
4097 4014 4162 4068 fit
4191 4012 4510 4084 gloriosus.

1535 4099 1656 4154 Viri
1687 4098 1859 4154 mites
1889 4099 2144 4152 renuunt
2170 4093 2322 4149 lites.
3291 4093 3396 4157 Qui
3430 4095 3704 4165 torpescit
3733 4096 3874 4153 dum
3900 4099 4069 4166 calet,
4099 4101 4345 4173 frigidus
4379 4103 4530 4159 nihil
4563 4103 4711 4158 valet.

1537 4189 1644 4256 Qui
1674 4185 1906 4242 assidue
1931 4184 2212 4250 rixantur,
2243 4199 2278 4237 a
2309 4181 2510 4254 paucis
2540 4184 2834 4237 amantur.
3292 4183 3398 4247 Qui
3430 4190 3594 4238 vacat
3622 4184 3678 4239 in
3705 4185 4033 4255 juventute,
4057 4192 4332 4247 turbatur
4353 4192 4414 4248 in
4447 4195 4740 4249 senectute.

1538 4276 1720 4334 Malos
1748 4291 1853 4347 pro
1883 4274 2000 4329 Deo
2031 4271 2276 4327 tolerare
2305 4275 2394 4326 est
2424 4287 2718 4342 superare.
3295 4271 3490 4325 Fortes
3521 4271 3624 4326 viri
3655 4277 3930 4332 omnibus
3953 4282 4092 4334 sunt
4123 4280 4277 4335 miri.

1537 4366 1704 4422 Ρειοίε
1737 4364 1958 4418 donum
1990 4360 2267 4416 omnibus
2293 4363 2382 4413 οεῐ
2412 4359 2650 4413 bonum
3294 4359 3477 4430 Reges
3507 4365 3562 4415 et
3592 4363 3864 4434 prasides
3895 4382 4008 4422 non
4041 4367 4206 4424 decet
4233 4386 4362 4425 esse
4393 4371 4648 4427 desides.

1539 4453 1648 4526 Qui
1679 4453 1735 4510 in
1768 4468 1906 4524 pace
1937 4449 2260 4505 fundantur
2285 4465 2398 4502 non
2430 4447 2819 4502 eradicantur.
3293 4445 3491 4501 Mundi
3526 4454 3776 4505 rectores
3799 4459 4029 4524 aequent
4049 4472 4184 4511 cum
4209 4459 4451 4514 nomine
4483 4473 4684 4514 mores.

1539 4541 1877 4599 Incendium
1911 4537 2198 4594 bellorum
2229 4535 2524 4608 corruptio
2557 4539 2643 4590 est
2674 4550 2925 4590 morum.
3293 4534 3410 4589 Viri
3444 4537 3803 4606 pontificales
3834 4543 4054 4598 sanctis
4085 4550 4224 4600 sunt
4253 4547 4537 4619 equales.

1538 4632 1722 4688 Homo
1743 4627 1995 4703 pudicus
2025 4630 2114 4682 est
2144 4623 2350 4681 animae
2385 4623 2629 4680 amicus.
3291 4623 3496 4680 Medici
3529 4625 3858 4684 animarum
3889 4632 4216 4688 exorbitent
4245 4651 4484 4706 parum.

1536 4720 1644 4776 Ubi
1673 4719 1944 4790 frequens
1974 4713 2228 4782 luxuria,
2257 4729 2371 4769 non
2405 4712 2592 4768 deerit
2622 4710 2884 4783 penuria.
3291 4717 3501 4768 Contra
3530 4713 3734 4787 lupum
3768 4717 4005 4790 vigilare
4026 4725 4115 4776 est
4143 4728 4350 4796 raptus
4376 4725 4586 4781 vitare.

1533 4806 1818 4878 Voluptas
1849 4804 2150 4860 mundana
2180 4819 2411 4874 semper
2439 4806 2530 4856 est
2558 4817 2726 4855 vana.
3140 4859 3186 4886 Π
3292 4801 3396 4866 Qui
3422 4801 3656 4859 viduam
3688 4805 3968 4873 defendit,
3996 4809 4067 4864 ad
4103 4809 4402 4868 Christum
4439 4827 4634 4886 regem
4661 4803 4811 4866 tendit-

1535 4859 2128 4952 .iudic‘issententiam
2159 4859 2379 4964 oportet
2413 4889 2575 4962 sequi
2609 4888 2999 4944 clementiam.
3140 4859 3187 4924 D
3289 4859 3396 4954 Qui
3427 4890 3684 4947 vindicat
3717 4859 4702 4966 puiiilluin:_Deus-co;nattillum:

1537 4983 1745 5040 Melius
1774 4986 1862 5038 est
1890 4981 2185 5037 interdum
2231 4979 2532 5053 ignoscere
2582 4995 2759 5050 quam
2791 4976 3107 5032 vindictam
3290 4978 3617 5051 Pauperum
3650 4983 3980 5039 consolator
4001 4990 4092 5041 est
4119 4991 4346 5043 aeterna;
4377 4989 4514 5045 vitae
4541 4990 4754 5044 amator.

1466 5088 1725 5146 poscere,
3289 5065 3527 5138 Oportet
3555 5084 3754 5125 cavere
3783 5073 4097 5129 vanitatem
4129 5073 4345 5132 videre.

1537 5159 1643 5226 Qui
1679 5160 2008 5226 miseretur,
2033 5157 2491 5214 misericordiam
2526 5159 2930 5228 consequetur.
3290 5153 3399 5208 Cor
3427 5154 3683 5212 incendit
3711 5159 3916 5216 oculus
3946 5165 4010 5216 ut
4042 5162 4325 5236 stipulam
4349 5164 4605 5222 foculus.

1536 5249 1792 5304 Verbum
1823 5248 2084 5303 veritatis
2115 5244 2420 5300 subveniet
2445 5244 2742 5315 judicatis.
3289 5241 3570 5314 Voluptas
3601 5263 3717 5302 non
3746 5248 3872 5304 visa
3899 5248 4074 5306 citius
4103 5251 4214 5307 erit
4242 5251 4410 5310 elisa.

1538 5336 1744 5394 Falsus
1775 5337 1833 5392 in
1865 5351 1963 5390 ore
1994 5338 2147 5389 caret
2178 5332 2415 5386 honore.
3287 5332 3394 5394 Qui
3425 5330 3672 5389 libenter
3701 5336 3918 5392 bonum
3953 5321 4137 5410 audit,
4161 5341 4334 5398 corde
4363 5341 4556 5399 Deum
4590 5334 4790 5414 plaudit.

1536 5425 1643 5490 Qui
1676 5423 1932 5480 falsitate
1960 5421 2121 5488 vivit,
2155 5417 2352 5474 omnia
2383 5417 2613 5472 occidit.
3290 5418 3496 5475 Melius
3527 5426 3616 5477 est
3646 5439 3960 5494 pauperem
3991 5427 4195 5484 audire
4215 5445 4392 5500 quam
4417 5430 4675 5487 sonitum
4700 5424 4810 5496 lyr!-

1537 5513 1646 5578 Qui
1675 5513 1767 5568 est
1790 5507 1997 5564 hilaris
2026 5507 2210 5572 dator,
2245 5507 2402 5562 hunc
2434 5511 2592 5560 amat
2621 5505 2901 5562 Salvator.
3288 5507 3591 5564 Incassum
3624 5510 3869 5568 miseros
3891 5513 4074 5581 audit,
4103 5516 4200 5588 qui
4224 5533 4292 5572 os
4305 5521 4362 5572 et
4381 5534 4604 5574 manus
4621 5507 4807 5572 claudit

1537 5599 1744 5659 Omnis
1769 5611 1977 5652 avarus
2009 5594 2150 5651 nulli
2183 5599 2272 5651 est
2300 5594 2536 5652 charus.
3289 5595 3513 5668 Lingua
3543 5598 3845 5670 placabilis
3876 5599 4035 5675 ligno
4061 5603 4190 5660 vita:
4219 5610 4310 5662 est
4337 5602 4754 5682 comparabilis-

1538 5689 1701 5750 Bona
1726 5684 1980 5744 tribuere
2008 5700 2122 5744 non
2148 5689 2234 5744 et
2267 5683 2554 5742 minuere.
3289 5683 3512 5759 Lingua
3541 5686 3744 5748 dolosa
3763 5705 3995 5766 semper
4019 5696 4110 5750 est
4137 5692 4361 5756 odiosa.
