4986 6564
727 674 882 736 1273

1941 671 2144 733 ACTA
2185 670 2473 733 SYNODI
2519 669 2907 733 ATREBAT.

3959 680 4115 746 1274

722 806 1096 866 descendisse
1127 828 1156 859 ‹‹
1184 804 1405 864 donum
1438 829 1460 861 ι
1506 804 1665 877 dicit,
1712 822 1830 863 non
1879 808 1935 863 te
1988 802 2361 870 scandalizet,
2392 803 2447 872 Α
2478 802 2767 862 malorum
2798 804 2956 863 vitiis
2986 807 3348 864 attenuatur:
3384 805 3593 877 «Quia,
3625 825 3815 884 neque
3834 812 3933 887 qui
3955 812 4117 889 plan.

723 899 865 973 quia
911 914 1046 954 cum
1095 896 1396 953 descendit
1437 913 1471 951 a
1500 897 1688 966 Patre,
1723 895 2023 952 descendit
2052 897 2107 950 et
2138 912 2171 949 a
2199 892 2361 958 Filio,

720 987 864 1061 quia
882 987 1006 1061 ipse
1037 986 1147 1042 ait:
1173 987 1332 1059 «Ego
1355 989 1411 1042 et
1432 986 1598 1041 Pater
1615 1002 1799 1040 unum
1821 1001 2027 1040 sumus
2051 984 2231 1056 (Joan.
2246 982 2363 1054 x).»

717 1079 863 1136 Jure
891 1075 1071 1149 igitur
1101 1075 1185 1131 ait
1233 1073 1546 1147 Apostolus
1586 1074 1738 1147 quod
1777 1095 1804 1123 «
1838 1073 1961 1145 ipse
1988 1073 2064 1127 sit
2087 1073 2286 1143 justus
2311 1073 2368 1125 et

707 1164 1051 1239 justiﬁcans
1079 1186 1106 1213 »
1139 1164 1312 1236 (Rom.
1346 1163 1429 1236 111)
1461 1162 1677 1230 omnia,
1694 1179 1807 1218 non
1840 1158 2225 1232 comparative
2243 1158 2366 1230 qui-

717 1257 856 1311 dem
871 1255 1091 1325 justus,
1111 1256 1176 1308 ut
1197 1251 1385 1324 possit
1405 1252 1602 1324 augeri
1624 1249 1709 1306 vel
1733 1250 1942 1316 minui,
1966 1249 2066 1305 sed
2095 1248 2367 1305 immuta-

718 1343 920 1400 biliter
949 1346 1005 1398 et
1034 1339 1425 1398 essentialiter
1446 1341 1668 1411 justus.

793 1432 1209 1487 Verumtamen
1241 1429 1375 1485 talis
1408 1433 1463 1484 et
1489 1432 1686 1484 tantus
1716 1428 1814 1484 Dei
1846 1427 2045 1491 Filius,
2070 1426 2223 1481 sicut
2244 1440 2368 1480 nar-

719 1525 816 1578 rat
845 1520 1217 1592 evangelista,
1249 1518 1406 1573 venit
1435 1516 1492 1572 in
1533 1517 1765 1574 Galilaea
1824 1515 1884 1570 in
1935 1516 2250 1571 Jordancm
2297 1514 2367 1568 ad

719 1611 1106 1675 Joannem,ut
1135 1606 1527 1680 baptizaretur
1555 1607 1628 1662 ab
1657 1605 2014 1676 eo.Cui,cum
2041 1619 2110 1658 ex
2128 1601 2371 1657 infirmi-

720 1699 867 1756 tatis
887 1695 1122 1771 propria
1151 1695 1510 1752 conscientia
1539 1694 1930 1750 ministerium
1962 1694 2274 1756 recusaret,
2290 1690 2371 1745 ait

720 1786 1050 1845 Dominus:
1084 1808 1113 1835 «
1134 1785 1270 1841 Sine
1304 1784 1499 1851 modo;
1524 1784 1607 1839 sic
1638 1783 1792 1839 enim
1825 1783 1987 1838 decet
2006 1798 2113 1836 nos
2135 1797 2369 1835 omnem

707 1875 1016 1951 justitiam
1031 1873 1273 1947 implere
1286 1872 1493 1945 (Matth.
1509 1872 1654 1943 111).»
1667 1872 1813 1937 Quid
1835 1870 2031 1925 enim?
2044 1874 2108 1924 In
2122 1885 2237 1942 quo
2249 1872 2373 1924 erat

714 1965 906 2023 totius
926 1963 1228 2037 plenitudo
1250 1961 1516 2034 justitize,
1533 1965 1589 2016 et
1609 1958 2053 2017 immutabiliter
2069 1962 2125 2013 et
2144 1958 2370 2012 incom—

714 2052 1268 2129 parabiliterjustus
1282 2054 1336 2106 et
1339 2050 1673 2122 justificans
1685 2045 2305 2118 omniaerat;nunquid
2319 2044 2368 2099 ei

712 2141 947 2215 aliquid
964 2138 1495 2213 aperfectajustitia
1511 2138 1727 2205 deerat,
1742 2142 1807 2191 ut
1820 2137 1891 2192 ad
1909 2135 2370 2207 implendamju—

713 2231 949 2289 stitiam
972 2227 1291 2285 materialis
1311 2244 1476 2300 aqum
1499 2227 1735 2282 fluentis
1757 2230 1814 2281 et
1834 2224 2185 2299 baptizantis
2206 2223 2373 2277 mini-

712 2319 907 2380 sterio
925 2316 1250 2390 indigeret?
1273 2316 1444 2371 Porro
1459 2314 1507 2370 si
1528 2314 1636 2370 hoc
1658 2314 2027 2386 baptismatis
2050 2311 2371 2367 ministerio

712 2411 796 2468 ad
820 2407 1210 2481 supplendam
1224 2404 1520 2477 justitiam
1538 2403 1856 2476 indigebat,
1881 2420 1995 2458 non
2018 2401 2267 2474 perfecte
2280 2400 2374 2470 ju~

713 2504 990 2565 stus,nec
1002 2494 1339 2569 justificans
1362 2492 1559 2548 omnia
1581 2490 2053 2547 erat.Nibilenim
2074 2489 2369 2561 impletur,

713 2588 841 2646 nisi
878 2585 972 2642 cui
997 2580 1069 2640 de
1095 2599 1330 2639 summa
1361 2579 1743 2654 plenitudinis
1791 2578 2011 2650 aliquid
2045 2578 2213 2634 desit.
2248 2577 2372 2633 Ple-

712 2675 936 2735 nitudo
959 2673 1115 2729 enim
1138 2674 1498 2728 crementum
1519 2686 1635 2724 non
1660 2672 1852 2742 potest
1872 2667 2193 2740 accipere.J
2202 2671 2372 2721 ustus

713 2766 909 2840 igitur
940 2779 1054 2818 non
1087 2760 1337 2833 perfecte
1367 2762 1525 2831 erat;
1555 2757 1710 2830 quod
1742 2758 1903 2812 nefas
1934 2761 2021 2811 est
2051 2756 2120 2812 de
2152 2755 2374 2825 Deoju-

710 2855 944 2911 dicare.
977 2850 1035 2906 Si
1077 2851 1272 2904 autem
1321 2848 1522 2918 justus
1580 2846 1785 2913 fuerat,
1820 2844 1962 2899 nihil
1997 2861 2030 2899 a
2057 2844 2370 2916 baptismo,

709 2959 845 3018 quo
866 2955 1035 2997 suam
1059 2935 1358 3010 suppleret
1371 2934 1686 3006 justitiam,
1711 2933 1970 3005 accipere
1992 2936 2234 3005 poterat,
2269 2931 2371 2986 sed

707 3026 1193 3094 immutabiliter,
1225 3028 1282 3081 et
1309 3025 1578 3096 perfecte,
1612 3027 1669 3078 et
1698 3038 1928 3078 summe
1966 3022 2169 3092 justus
2215 3024 2370 3088 erat;

705 3120 909 3198 igitur
936 3114 1218 3189 baptizari
1250 3131 1363 3168 non
1400 3111 1716 3184 indigebat.
1763 3114 1876 3165 Cur
1916 3126 2052 3182 ergo
2096 3109 2324 3164 dicebat
2356 3124 2370 3164 :

706 3197 757 3263 «γ
787 3209 887 3265 Sic
916 3207 1082 3262 decet
1111 3220 1218 3259 nos
1249 3217 1482 3257 omnem
1513 3199 1757 3272 implere
1778 3197 2248 3271 justitiam,»qui
2270 3214 2374 3252 nec

701 3295 1010 3371 baptizari
1040 3292 1361 3365 indigebat,
1394 3306 1499 3345 nec
1522 3289 1908 3361 justitia,qua
1938 3286 2146 3360 plenus
2167 3287 2386 3342 redunI

705 3387 927 3453 dabat,
952 3400 1067 3456 quo
1092 3379 1462 3453 suppleretur
1487 3396 1586 3453 per
1608 3377 1964 3450 baptismum
1985 3374 2272 3431 habebat?
2286 3377 2376 3430 ln-

707 3474 973 3549 digebat
1001 3474 1173 3539 certe,
1204 3486 1321 3524 non
1354 3467 1486 3535 sibi,
1516 3467 1618 3522 sed
1659 3466 1844 3521 nobis.
1876 3464 2173 3521 Justitiam
2220 3482 2375 3536 qum-

2472 898 2575 963 tat,
2608 895 2830 968 aliquid
2863 898 2973 963 est,
3001 912 3184 968 neque
3215 895 3314 968 qui
3341 895 3511 970 rigat,
3536 899 3637 955 sed
3668 901 3770 972 qui
3800 900 4118 963 incremen-

2473 988 2600 1039 tum
2632 985 2749 1051 dat,
2784 985 2938 1040 Deus
2969 985 3013 1057 (1
3041 987 3166 1042 Cor.
3196 984 3299 1056 ιιι).
3335 1007 3363 1035 ››
3396 986 3558 1044 Unde
3601 991 3660 1044 et
3688 988 3814 1062 ipse
3844 992 4117 1050 minister

2476 1071 2653 1146 super
2681 1072 3037 1145 baptizatum
3069 1090 3185 1129 non
3215 1072 3380 1129 dicit:
3407 1075 3586 1149 «Ego,
3612 1078 3735 1143 sed,
3762 1080 3912 1137 Deus
3934 1083 4117 1138 omni-

2476 1162 2884 1235 potens,Pater
2912 1161 3143 1217 Domini
3175 1162 3356 1218 nostri
3387 1164 3524 1220 Iesu
3547 1164 3783 1235 Christi,
3807 1169 3907 1241 qui
3942 1178 3994 1227 te
4023 1188 4117 1244 ge-

2477 1251 2700 1307 neravit
2728 1267 2797 1306 ex
2826 1267 2977 1323 aqua
3007 1255 3058 1306 et
3089 1251 3307 1324 Spiritu
3340 1256 3560 1322 sancto,
3585 1255 3804 1327 quique
3829 1257 3990 1315 dedit
4009 1260 4113 1317 tibi

2478 1340 2882 1396 remissionem
2942 1341 3205 1395 omnium
3262 1346 3651 1413 peccatorum,
3684 1343 3811 1416 ipse
3848 1350 3904 1403 te
3932 1346 4119 1405 liaivit

2477 1429 2793 1486 chrismate
2840 1428 3046 1484 salutis
3090 1429 3148 1484 in
3188 1429 3367 1485 vitam
3424 1434 3720 1487 aeternam.
3754 1456 3783 1483 »
3810 1435 3933 1499 Qua
3963 1437 4019 1493 in
4054 1454 4115 1495 re

2479 1517 2852 1591 perspicuum
2883 1522 2973 1573 est
3001 1517 3139 1589 quia
3167 1517 3284 1572 vita
3315 1518 3566 1575 ministri
3593 1520 3735 1577 nihil
3767 1523 4006 1599 derogat
4020 1525 4115 1583 his

2479 1606 2575 1678 qui
2608 1606 2679 1660 de
2709 1606 2926 1677 Spiritu
2958 1610 3158 1661 sancto
3189 1607 3526 1680 concipiunt
3556 1609 3826 1667 virtutem
3857 1615 4115 1670 sanctiﬁ-

2480 1693 2744 1762 cationis,
2778 1694 3096 1766 praesertim
3143 1711 3275 1750 cum
3321 1696 3473 1753 inter
3519 1702 3755 1756 caeteros
3800 1701 4118 1775 discipulos

2478 1782 2510 1839 ,Ι
2516 1783 2691 1839 udam
2716 1783 2975 1839 futurum
2993 1783 3222 1839 Domini
3246 1786 3585 1843 traditorem
3617 1788 3943 1860 baptizasse
3962 1790 4116 1864 lega-

2480 1887 2650 1940 mus;
2684 1875 2740 1927 et
2766 1888 2899 1927 cum
2945 1871 3330 1954 rebqptizatos
3378 1891 3582 1932 omnes
3611 1893 3647 1932 a
3675 1877 3982 1950 discipulis
4006 1879 4118 1938 Deo

2481 1960 2623 2015 mini
2653 1960 3016 2033 fuisse,quos
3044 1961 3299 2019 Joannes
3329 1964 3592 2036 Baptista
3612 1965 3670 2022 in
3692 1983 3847 2040 aqua
3868 1968 4122 2041 baptizau

2478 2049 2951 2116 verat,sciamus;
2977 2048 3203 2104 nullum
3224 2054 3440 2118 tamen,
3455 2068 3627 2124 quem
3640 2054 3664 2107 J
3674 2055 3820 2111 udas
3832 2054 4123 2129 baptizas-.

2482 2141 2588 2202 set,
2608 2137 2813 2193 iterato
2831 2137 2989 2193 fonte
3010 2137 3274 2193 ablutum
3300 2141 3641 2211 reperimus.
3665 2143 3812 2199 Nam
3834 2145 3883 2200 si
3910 2146 4122 2218 improc

2480 2225 2554 2280 ba
2572 2226 2688 2280 vita
2710 2226 3003 2282 traditoris
3034 2227 3329 2284 nocuisset
3349 2229 3735 2301 baptizandis,
3751 2248 4122 2305 nequaquam

2481 2313 2596 2381 ille,
2629 2314 2727 2386 qui
2776 2331 2979 2371 omnes
3026 2320 3260 2371 venerat
3304 2316 3548 2387 salvare,
3583 2323 3880 2390 pateretur
3926 2321 3983 2377 in
4026 2320 4124 2377 illo

2480 2402 2602 2458 solo
2624 2403 2917 2474 baptisma
2936 2403 3146 2474 perire.
3178 2405 3287 2459 Sed
3312 2405 3452 2477 quia
3480 2405 3705 2462 malitia
3729 2406 3993 2465 hominis
4008 2426 4123 2466 non

2481 2495 2670 2563 potest
2701 2491 3046 2547 imminuere
3074 2492 3280 2547 divinae
3305 2510 3453 2565 opus
3483 2494 3732 2563 virtutis,
3759 2494 3948 2552 noluit
3968 2514 4126 2570 repe-

2480 2583 2598 2634 tere
2628 2579 2782 2651 quod
2815 2578 2989 2634 homo
3018 2581 3464 2649 ministraverat,
3497 2583 3749 2654 Spiritus
3793 2585 4123 2642 sanctiﬁca-

2478 2671 2656 2723 verat.
2693 2667 2887 2738 Porro,
2918 2671 3170 2724 testante
3212 2669 3409 2725 divina
3438 2670 3758 2743 Scriptura,
3790 2672 4124 2731 audivimus

2482 2771 2647 2828 reges
2673 2772 2919 2829 magnos
2950 2756 3130 2813 fuisse
3161 2759 3219 2812 in
3248 2757 3592 2827 Jerusalem,
3623 2760 3723 2832 qui
3754 2761 4127 2819 administro»

2481 2845 2623 2901 bant
2679 2862 2770 2900 res
2828 2845 3114 2916 quasdam
3187 2847 3543 2918 pertinentes
3593 2849 3664 2903 ad
3723 2848 4125 2922 Babyloniam,

2482 2933 2767 3006 quosdam
2833 2949 2966 2989 vero
3043 2935 3196 2990 cives
3272 2935 3597 3009 Babyloniae
3683 2937 4127 2996 administrasse

2482 3038 2575 3077 res
2630 3021 2977 3077 Jerusalem.
3026 3023 3118 3077 Sic
3176 3023 3372 3096 itaque
3427 3025 3696 3082 novimus
3751 3026 3904 3082 cives
3963 3028 4127 3084 bona

2482 3109 2734 3165 civitatis
2765 3110 3208 3167 administrasse
3238 3128 3331 3168 res
3370 3112 3535 3168 malae
3566 3115 3840 3183 civitatis,
3872 3119 3930 3172 et
3957 3132 4126 3172 soon»

2482 3202 2572 3253 tra
2600 3199 2751 3253 cives
2783 3197 2948 3253 mala:
2980 3200 3229 3256 civitatis
3260 3201 3705 3258 administrasse
3737 3221 3833 3259 res
3859 3204 4025 3261 bona:
4054 3206 4130 3273 ei;

2481 3287 2696 3342 vitatis.
2738 3288 2795 3341 Si
2845 3303 2981 3360 ergo
3011 3289 3341 3359 respublica
3368 3290 3532 3344 bona:
3564 3291 3812 3347 civitatis
3843 3309 3949 3365 per
3974 3294 4127 3350 cives

2483 3375 2806 3447 Babyloniae
2829 3375 2956 3431 sine
2971 3376 3059 3431 sui
3088 3378 3459 3449 corruptione
3490 3379 3889 3436 administrari
3907 3382 4122 3452 potauit,

2488 3468 2705 3535 quanto
2736 3464 2923 3536 magis
2957 3469 3389 3521 sacramentum
3411 3466 3564 3538 quod
3584 3467 3699 3522 vim
3720 3468 4127 3526 sanctificatio.

704 3533 898 3624 rebat
928 3559 1188 3632 implere,
1205 3575 1321 3613 non
1343 3556 1648 3621 suam,sed
1683 3554 2123 3610 nostram.Nam
2149 3569 2378 3625 semper
2407 3533 2451 3599 (ἶ
2490 3552 2580 3608 nis
2607 3552 3069 3625 perinvisibilem
3092 3554 3275 3609 sancti
3299 3554 3551 3627 Spiritus
3569 3556 3968 3629 operationem
3988 3574 4124 3615 oon-

701 3655 780 3711 in
808 3653 1028 3715 esterno
1052 3646 1180 3719 ejus
1201 3643 1445 3701 consilio
1469 3643 1686 3698 mansit
1705 3642 1935 3714 generis
1956 3640 2200 3697 humani
2224 3657 2383 3712 repa-
2490 3642 2648 3713 cipit,
2673 3658 2706 3697 a
2726 3642 2918 3715 pravis
2945 3643 3229 3698 ministris
3250 3660 3359 3698 non
3379 3645 3790 3717 corrumpitur,
3814 3661 3949 3702 cum
3968 3646 4125 3703 aliud

700 3730 2178 3811 ratio,et,discretisspiritualibussacramentorum
2192 3730 2385 3785 obsero
2491 3730 2567 3786 sit
2599 3731 2753 3803 quod
2784 3731 3037 3787 exterius
3069 3731 3281 3803 agitur,
3312 3732 3618 3790 exhibente
3648 3734 3938 3804 ministro,
3970 3734 4128 3792 aliud

700 3824 1141 3897 vantiis,quod
1164 3822 1537 3896 profuturum
1569 3824 1626 3876 et
1656 3820 2048 3875 necessarium
2072 3819 2142 3874 ad
2171 3823 2381 3875 nostra;
2490 3819 2645 3891 quod
2674 3819 2921 3874 interius
2948 3820 3290 3887 vivificatur,
3324 3821 3623 3879 animante
3651 3822 3873 3895 Spiritu
3903 3829 4126 3881 sancto;

700 3911 1119 3989 reparationis
1140 3915 1265 3968 erat
1286 3911 1578 3979 effectum,
1600 3908 1709 3963 hoc
1733 3925 1834 3980 per
1854 3924 2065 3963 manus
2084 3907 2382 3978 dispensa-
2488 3907 2627 3963 Inde
2657 3911 2747 3963 est
2774 3908 2952 3979 quod,
2983 3925 3115 3963 cum
3144 3909 3400 3965 Joannes
3430 3909 3488 3965 in
3520 3910 3826 3984 Evangelia
3865 3912 4085 3970 diceret
4112 3929 4125 3970 :

697 4014 925 4067 torum
954 3999 1262 4058 visibiliter
1287 3997 1473 4054 voluit
1501 3995 2040 4064 administrari,sed
2074 3994 2379 4050 invisibili-
2495 4015 2517 4044 ι
2551 3996 2697 4060 Quia
2722 3996 3033 4052 audierunt
3063 3996 3333 4053 Pharisaei
3366 3998 3520 4069 quod
3566 4000 3742 4055 Jesus
3774 4000 4126 4073 baptizabat,

2487 4085 2755 4157 quamvis
2812 4085 2937 4157 ipse
2988 4101 3102 4140 non
3155 4085 3494 4157 baptizaret,
3527 4087 3627 4142 sed
3678 4087 3948 4159 discipuli
3997 4090 4127 4161 ejus

2488 4173 2672 4246 (Joan.
2706 4171 2806 4244 ιν),
2842 4194 2870 4221 ››
2904 4173 2962 4227 in
2994 4173 3102 4228 hoc
3142 4174 3458 4245 quamdam
3490 4175 3783 4246 operantis
3808 4175 3910 4231 Dei
3939 4180 3997 4231 et
4024 4177 4124 4233 ad;

2487 4260 2890 4316 ministratorii
2913 4259 3088 4316 ofﬁcii
3120 4260 3529 4317 discretionem
3552 4260 3736 4318 voluit
3755 4261 4001 4337 intelligi
4019 4282 4033 4332 ;
4048 4265 4128 4320 vis,

2487 4349 2693 4404 delicet
2711 4353 2795 4414 ut,
2819 4349 2876 4403 in
2907 4365 2974 4404 eo
3004 4348 3157 4420 quod
3186 4349 3389 4405 Jesum
3416 4350 3557 4405 dicit
3579 4350 3893 4423 baptizare,
3923 4353 4123 4408 invisi.

2485 4437 2661 4493 bilem
2694 4438 2898 4493 divinae
2923 4438 3156 4492 virtutis
3197 4437 3457 4494 insinuet
3500 4440 3936 4511 operationem;
3969 4441 4026 4496 in
4057 4459 4124 4499 eo

2485 4543 2615 4583 vero
2642 4542 2756 4598 quo
2779 4525 3075 4581 subdidit:
3114 4526 3420 4597 «quamvis
3450 4527 3623 4583 Jesus
3646 4544 3759 4583 non
3782 4527 4121 4601 baptisaret,

691 4103 827 4163 ter,
866 4097 1147 4163 operante
1179 4086 1399 4162 Spiritu
1431 4090 1651 4153 sancto,
1684 4083 1937 4157 impleri.

784 4180 979 4251 Cujus
1001 4178 1083 4234 rei
1105 4178 1293 4251 gratia
1315 4175 1572 4248 plurima
1593 4174 1651 4229 in
1676 4177 1880 4229 sancta
1906 4171 2161 4228 Ecclesia
2190 4171 2377 4244 provi-

689 4276 835 4331 dus
866 4265 1157 4325 Dominus
1188 4263 1444 4321 instituit
1493 4265 1877 4328 sacramenta,
1906 4261 1980 4332 [e]
2013 4261 2229 4332 quibus
2260 4260 2377 4331 pri-

688 4373 892 4418 mum
924 4353 999 4409 ad
1021 4352 1478 4426 regenerationis
1504 4349 1850 4422 mysterium
1883 4347 2137 4403 instituit
2158 4347 2376 4419 baptis-

688 4445 906 4507 matis
936 4441 1315 4499 usum.Porro
1339 4438 1697 4512 baptismum
1730 4435 2152 4503 Grece,Latinc
2172 4437 2377 4492 tinctio

689 4534 1165 4605 interpretatur,
1181 4529 1321 4601 quia
1336 4528 1415 4583 ibi
1433 4527 1606 4583 homo
1625 4525 1830 4600 spiritu
1863 4524 2061 4598 gratiae
2083 4524 2141 4579 in
2165 4524 2376 4581 melius

689 4624 1085 4684 immutatur
1111 4623 1169 4676 et
1194 4616 1366 4691 longe
1415 4615 1574 4673 aliud
1628 4631 1805 4688 quam
1861 4615 2050 4669 fuerat
2105 4613 2372 4669 efﬁcitur.
2485 4617 2585 4672 sed
2617 4614 2889 4688 discipuli
2920 4615 3104 4684 ejus,»
3127 4631 3241 4670 non
3268 4616 3337 4670 de
3367 4621 3641 4688 operante
3669 4617 3900 4685 virtute,
3927 4619 4029 4677 sed
4052 4620 4124 4675 de

692 4713 902 4775 Prius
925 4708 1082 4766 enim
1100 4706 1235 4762 findi
1252 4722 1488 4762 eramus
1518 4703 1883 4760 deformitate
1902 4705 2295 4775 peccatorum,
2316 4704 2375 4758 in
2483 4702 2697 4760 visibili
2727 4702 3167 4776 exsequentium
3190 4703 3693 4760 administratione
3713 4704 3931 4760 dictum
3954 4706 4122 4763 iutel.

692 4808 860 4879 ipsa
887 4797 1174 4853 tinctione
1206 4794 1507 4850 reddimur
1534 4792 1760 4865 pulchri
1793 4790 2158 4847 dealbatione
2186 4790 2372 4847 virtu-
2483 4792 2978 4866 ligatur.lgiturin
3002 4792 3366 4864 baptizandis
3389 4790 3658 4848 fidelibus
3678 4792 3836 4849 aliud
3860 4798 3951 4851 est
3964 4796 4121 4867 quod

684 4899 876 4951 tum.
893 4887 1076 4958 Cujus
1097 4884 1442 4957 mysterium
1467 4899 1581 4939 non
1605 4881 1792 4947 aliter,
1807 4879 1919 4936 nisi
1940 4880 2050 4936 sub
2072 4879 2376 4935 Trinitatis
2409 4898 2452 4962 υ
2484 4880 2852 4936 invisibiliter
2878 4880 3127 4936 efficitur
3157 4896 3258 4952 per
3286 4880 3566 4952 Spiritum
3596 4881 4123 4953 operantem,aliud

684 4973 1156 5051 designatione,
1171 4973 1228 5028 id
1246 4977 1353 5039 est,
1368 4971 1575 5038 Patris,
1592 4973 1649 5025 et
1680 4968 1899 5037 Filii,et
1919 4967 2169 5040 Spiritus
2191 4969 2375 5024 sancti
2487 4970 2641 5042 quod
2662 4968 2969 5025 visibiliter
2985 4968 3290 5024 exhibetur
3309 4985 3411 5041 per
3441 4968 3777 5025 ministrum
3799 4971 4122 5044 obsequen-

680 5061 1259 5142 cognominatione,
1292 5058 1634 5133 completur.
1666 5058 1830 5114 Unde
1868 5056 2152 5113 Dominus
2184 5057 2255 5112 ad
2288 5057 2375 5112 di-
2485 5062 2627 5114 tem.

673 5152 989 5228 scipulos
1020 5168 1034 5207 :
1072 5172 1099 5201 ‹‹
1121 5154 1225 5219 Ite,
1247 5147 1458 5222 inquit,
1482 5148 1680 5203 docete
1708 5162 1912 5202 omnes
1941 5148 2162 5218 gentes,
2187 5145 2376 5217 bapti-
2555 5145 2716 5212 Quod
2749 5149 2944 5201 autem
2975 5161 3079 5219 per
3106 5144 3464 5202 materialem
3512 5162 3727 5219 aquam
3758 5146 4121 5220 baptismum

665 5248 930 5310 zantes
985 5257 1086 5296 eos
1134 5239 1194 5294 in
1248 5236 1486 5293 nomine
1532 5236 1739 5303 Patris,
1771 5238 1828 5291 et
1857 5234 2004 5301 Filii,
2036 5237 2093 5289 et
2121 5233 2371 5306 Spiritus
2481 5234 2673 5301 datur,
2706 5234 2828 5289 haec
2858 5235 3003 5290 ratio
3035 5238 3125 5289 est
3158 5252 3170 5289 :
3205 5233 3384 5290 voluit
3413 5236 3569 5291 enim
3618 5235 3904 5292 Dominus
3934 5242 4002 5294 ut
4029 5256 4124 5296 res

662 5329 911 5405 sancti
936 5329 1159 5402 (Matth.
1184 5326 1438 5398 xxv111).»
1452 5324 1612 5389 Quod
1627 5323 1863 5396 quidem
1878 5321 2217 5394 mysterium
2234 5338 2370 5377 ase-
2480 5321 2579 5378 illa
2604 5322 2913 5379 invisibilis
2934 5339 3036 5395 per
3055 5327 3491 5396 congruentem,
3511 5325 3607 5380 sed
3634 5326 3888 5396 profecto
3910 5329 4119 5383 tracta~

654 5421 892 5488 cretis
938 5416 1271 5485 virtutibus,
1304 5413 1391 5474 .vel
1425 5431 1459 5470 a
1507 5412 1690 5469 sacris
1742 5414 2171 5466 sacramentum
2221 5409 2369 5465 dici-
2478 5410 2677 5478 bilem,
2712 5428 2832 5467 rem
2863 5416 2922 5466 et
2946 5410 3174 5466 visibile
3232 5412 3666 5484 impenderetur
3719 5413 4116 5485 elementum;

642 5529 803 5578 tur
832 5528 848 5579 ;
886 5507 1045 5582 quod
1075 5505 1206 5569 ideo
1237 5520 1415 5576 penes
1445 5500 1760 5558 Ecclesiam
1813 5500 2108 5555 fructuose
2151 5498 2363 5571 agitur,
2476 5516 2654 5572 super
2681 5500 2837 5571 quod
2866 5500 3117 5571 Spiritus
3148 5504 3388 5556 sanctus
3414 5501 3707 5558 ferebatur
3736 5504 3793 5558 in
3809 5504 4114 5577 principio.

646 5603 855 5682 quia
879 5599 1124 5654 sanctus
1144 5593 1205 5648 in
1225 5609 1290 5648 eo
1315 5592 1673 5647 descendens
1694 5588 1944 5661 Spiritus
1965 5587 2238 5643 eumdem
2268 5603 2367 5642 sa-
2476 5588 2620 5642 Nam
2653 5588 2806 5643 sicut
2836 5604 2937 5659 per
2966 5603 3177 5659 aquam
3201 5592 3485 5661 purgatur
3511 5591 3766 5646 exterius
3794 5592 4117 5663 corpus,ita

639 5674 1005 5757 c'ramenti
1037 5682 1288 5745 latenter
1314 5684 1586 5752 operatur
1613 5679 1904 5734 effectum.
1942 5674 2102 5731 Unde
2132 5691 2233 5730 seu
2265 5690 2368 5747 per
2475 5675 2721 5731 latenter
2748 5675 2877 5746 ejus
2907 5674 3181 5747 mysteria
3208 5676 3557 5746 purificatur
3575 5684 3631 5733 et
3659 5679 3913 5734 animus.
3949 5682 4112 5732 lavo-

638 5794 925 5849 bonos,
942 5788 1049 5830 seu
1073 5787 1175 5847 per
1204 5768 1388 5825 malos
1409 5769 1714 5837 ministros
1736 5766 1889 5821 intra
1918 5764 2231 5820 Ecclesiam
2252 5764 2365 5819 dis-

633 5869 1021 5957 pensetur,
1037 5863 1233 5957 tamen
1258 5858 1397 5930 quia
1414 5856 1674 5956 Spiritus
1698 5858 1936 5957 sanctus
1956 5852 2204 5957 ‘I'n‘ystice
2219 5852 2361 5908 illud

633 5941 990 6027 ’viviﬂcat,
1033 5961 1142 6003 nee
1188 5945 1475 6002 bonorum
1534 5942 1761 6001 meritis
1820 5941 2226 6014 ampliﬁcatur,
2260 5958 2365 5998 nec

2476 5768 2601 5820 cato
2632 5763 2787 5819 enim
2823 5763 3268 5829 Deo,descendit
3296 5764 3547 5835 Spiritus
3577 5769 3815 5820 sanctus
3834 5765 3909 5819 de
3927 5763 4111 5829 dualis,

2474 5856 2550 5921 et,
2587 5851 2885 5907 medicatis
2915 5852 3105 5923 aquis,
3140 5852 3463 5907 sanctificat
3491 5869 3590 5907 eas
3614 5853 3685 5906 de
3716 5852 4111 5921 semetipso,et

2475 5941 2769 6013 accipiunt
2798 5939 2915 5998 vim
2944 5938 3331 6013 purgationis,
3363 5942 3429 5993 ut
3457 5938 3516 5993 in
3546 5938 3793 5996 eiscaro
3821 5933 3891 5991 et.
3910 5935 4111 5995 anima;
