4986 6566
1513 647 1668 713 12Ἱ5
2471 645 2814 711 GERARDI
2855 646 2879 708 Ι
2923 646 3521 714 CAMEHACENSIS
3563 651 3935 717 EPISCOPI.
4783 656 4907 722 £376

1509 785 1744 844 delictis
1775 785 2082 861 inquinata
2099 783 2430 841 mandetur.
2448 782 2629 846 Etsic,
2645 779 2702 836 in
2727 785 2910 837 morte
2931 778 3143 838 Christi
3180 782 3234 849 Α
3264 789 3637 855 ceptatenere
3653 786 3865 856 dicitis,
3885 793 3942 845 et
3959 785 4053 846 his
4069 788 4364 848 contraria
4389 787 4762 865 praedicatis.
4786 790 4906 850 Nam

1513 878 1643 934 etin
1667 877 2087 933 resurrectione
2107 875 2254 946 ejus,
2281 873 2536 945 potentia
2554 871 2925 943 baptismatis
2945 888 3152 926 novam
3261 878 3317 929 et
3347 877 3702 947 evangelista
3733 877 3905 933 refert
3934 879 4073 951 quia
4102 902 4130 930 ‹‹
4162 879 4336 937 Jesus
4367 881 4528 937 venit
4559 885 4623 938 et
4653 882 4906 955 discipuli

1513 971 1840 1024 creaturam
1873 965 2066 1021 condit
2095 981 2162 1019 ex
2199 969 2406 1028 vetere,
2441 965 2503 1016 ut
2534 962 2590 1015 in
2624 961 3063 1015 renascentibus
3096 965 3154 1015 et
3261 964 3388 1033 ejus
3422 965 3478 1018 in
3509 965 3793 1032 Judzeam,
3825 971 3881 1022 et
3939 968 4017 1023 ibi
4078 969 4500 1026 demorabatur
4548 987 4695 1026 cum
4737 972 4837 1038 eis,
4866 978 4910 1027 et

1513 1073 1674 1113 mors
1703 1056 1916 1112 Christi
1965 1056 2233 1125 operetur
2269 1056 2327 1106 et
2374 1051 2509 1115 vita,
2545 1049 2771 1104 dicente
2803 1049 2969 1103 beato
3001 1052 3148 1120 Apo-
3261 1051 3591 1123 baptizabat
3620 1056 3798 1122 (Joan.
3821 1057 3926 1126 ιιι).
3964 1080 3992 1107 ››
4025 1058 4130 1121 Qui
4160 1058 4442 1130 baptismi
4475 1067 4908 1117 sacramentum

1513 1145 1662 1202 stole
1693 1161 1707 1200 ε
1743 1147 1875 1201 «An
1909 1142 2187 1215 ignoratis
2216 1140 2356 1212 quia
2387 1139 2718 1210 quicunque
2749 1139 3023 1208 baptizati
3057 1156 3148 1191 su-
3257 1146 3312 1195 et
3334 1145 3787 1212 regenerationis
3810 1146 4128 1217 potentiam
4158 1148 4640 1220 sanxit,quando
4659 1149 4732 1206 de
4753 1149 4910 1206 latere

1513 1251 1647 1292 mus
1662 1236 1718 1291 in
1739 1232 2195 1293 ChristoJesu.in
2218 1233 2402 1284 morte
2424 1225 3149 1298 ipsiusbaptizatisumus?
3256 1231 3382 1299 ejus
3408 1233 3768 1302 proﬁuerunt
3800 1235 4043 1306 sanguis
4075 1237 4500 1308 redemptionis
4532 1241 4594 1293 et
4625 1255 4788 1310 aqua
4823 1239 4908 1294 ba-

1509 1324 1832 1396 consepulti
1861 1323 2017 1379 enim
2050 1338 2256 1376 sumus
2287 1336 2420 1372 cum
2455 1316 2550 1370 illo
2585 1334 2683 1387 per
2706 1316 3061 1386 baptismum
3089 1316 3143 1368 in
3257 1320 3570 1389 ptismatis.
3602 1321 3762 1377 Unde
3807 1323 4066 1378 Joannes
4115 1323 4420 1396 apostolus
4454 1341 4468 1380 :
4515 1349 4544 1375 ‹‹
4581 1326 4736 1382 Tres
4764 1333 4909 1392 sunt,

1507 1418 1710 1479 morte,
1743 1417 1808 1469 ut
1837 1411 2126 1484 quomodo
2157 1408 2407 1463 surrexit
2447 1405 2712 1459 Christus
2763 1420 2863 1475 per
2899 1403 3142 1474 gloriam
3257 1407 3577 1481 inquit,qui
3603 1412 4002 1466 testimonium
4027 1412 4431 1480 dantinterra,
4449 1412 4732 1485 spiritus,
4748 1433 4907 1488 aqua,

1504 1501 1809 1567 Patris,ita
1824 1505 1880 1557 et
1911 1517 2017 1555 nos
2049 1500 2103 1553 in
2134 1499 2383 1553 novitate
2415 1495 2538 1548 vitaa
2566 1492 2935 1547 ambulemus
2967 1494 3140 1562 \llom.
3251 1501 3306 1551 et
3338 1500 3578 1567 sanguis
3605 1503 3653 1566 (I
3677 1501 3832 1555 Joun.
3869 1503 3943 1567 v).
3975 1523 4001 1549 ››
4033 1500 4235 1556 Petrus
4267 1517 4421 1568 vero,
4457 1503 4558 1558 cui
4591 1505 4908 1575 primatum

1497 1596 1634 1659 νὴ.»
1660 1590 1820 1646 Unde
1849 1589 2172 1645 notandum
2203 1585 2425 1658 quia,in
2460 1581 2827 1654 baptismatis
2861 1579 3144 1651 regula,et
3251 1585 3514 1640 Ecclesia:
3547 1587 3830 1643 Dominus
3862 1588 4207 1656 contulerat,
4232 1591 4374 1646 dum
4403 1592 4788 1648 credentium
4811 1611 4904 1648 nu-

1499 1698 1659 1738 mors
1685 1680 1985 1735 intervenit
2015 1676 2408 1730 interiectione
2433 1672 2674 1746 peccati,
2699 1675 2753 1725 et
2773 1669 3136 1740 sepulturam
3250 1691 3475 1730 merum
3502 1678 3826 1748 promissus
3848 1679 4036 1733 sancti
4061 1679 4316 1750 Spiritus
4338 1679 4590 1752 replevit
4603 1681 4905 1740 adventus.

1497 1772 1832 1828 triduanam
1865 1770 2126 1824 imitatur
2147 1767 2300 1820 trina
2329 1762 2708 1824 demersio,et
2738 1761 2808 1814 ab
2841 1760 3008 1829 aquis
3031 1757 3140 1813 ele-
3247 1764 3358 1817 tria
3375 1764 3557 1820 millia
3585 1765 3888 1821 hominum
3923 1784 4030 1822 sua
4061 1767 4468 1839 praedicatione
4486 1785 4904 1827 conversorum

1496 1861 1651 1917 vatio
1673 1858 2026 1931 resurgentis
2049 1857 2232 1910 instar
2252 1858 2340 1908 est
2359 1853 2430 1907 de
2451 1849 2736 1931 sepulcro.
2763 1847 2978 1904 Deinde
3005 1863 3136 1901 vero
3245 1869 3398 1923 aqua
3425 1855 3796 1925 baptismatis
3826 1856 4202 1922 consecravit,
4228 1855 4383 1911 sicut
4415 1856 4617 1914 Lucas
4640 1863 4902 1928 testatur,

1497 1948 1648 2004 sacri
1677 1924 2010 2002 chrismatis
2035 1943 2304 1998 unctione
2331 1924 2700 2012 perfun'ditur
2730 1936 3015 2002 infans,ex
3037 1953 3134 1989 cu-
3245 1940 3446 1994 dicens
3469 1957 3482 1995 2
3505 1924 3546 1990 iu
3575 1941 3674 1996 llis
3705 1941 3924 1996 auditis
3946 1943 4284 2014 compuncti
4307 1947 4448 1999 sunt
4469 1945 4751 2012 corde,et
4768 1924 4907 2003 dixe-

1484 2037 1588 2110 jus
1623 2037 1856 2093 nomine
1885 2034 2151 2092 Christus
2181 2031 2477 2094 dicitur,et
2493 2027 2667 2082 homo
2692 2030 2818 2096 post
2840 2025 3132 2080 lavacrum
3243 2030 3460 2083 runtad
3480 2030 3710 2084 Petrum
3728 2035 3786 2085 et
3803 2030 4058 2102 reliquos
4079 2029 4405 2103 apostolos:
4429 2033 4588 2099 Quid
4604 2034 4903 2102 faciemus,

1493 2126 1916 2182 sanetiﬁcatur.
1949 2123 2096 2178 Nam
2139 2121 2292 2176 sicut
2320 2119 2379 2173 in
2427 2117 2718 2188 baptismo
2767 2121 3129 2186 peccatorum
3161 2151 3209 2217 Β
3241 2118 3346 2171 viri
3389 2118 3642 2173 fratres?
3677 2117 3879 2174 Petrus
3934 2135 4068 2175 vero
4124 2119 4196 2174 ad
4253 2117 4384 2176 illos
4417 2136 4431 2175 :
4466 2121 4901 2187 Paenitentiam,

1495 2214 1764 2270 remissio
1795 2215 1990 2280 datur,
2022 2211 2101 2265 ita
2131 2226 2233 2280 per
2263 2207 2592 2262 unctionem
2622 2204 2872 2276 Spiritus
2893 2203 3128 2258 adhibe-
3161 2203 3209 2217 ⁵’
3242 2206 3451 2277 inquit,
3487 2208 3731 2278 agite,et
3764 2207 4090 2280 baptizetur
4117 2208 4536 2282 unusquisque
4566 2215 4902 2269 vestrumin

1492 2307 1610 2359 tur.
1634 2305 1767 2368 Quis
1787 2301 1920 2357 licet
1948 2297 2256 2356 carnaliter
2284 2293 3131 2364 administretur,spiritua|iter
3240 2297 3474 2350 nomine
3501 2296 3639 2351 Jesu
3673 2295 3886 2350 Christi
3920 2297 3977 2351 in
4009 2297 4420 2353 remissionem
4441 2305 4901 2370 peccatorum,et

1491 2394 1688 2446 tamen
1717 2388 1977 2461 proﬁcit;
2004 2386 2155 2442 sicut
2183 2389 2237 2440 et
2270 2385 2396 2455 ipsa
2424 2382 2793 2454 baptismatis
2824 2383 3126 2454 gratia,vi-
3238 2384 3533 2456 accipietis
3565 2386 3848 2456 Spiritum
3880 2389 4149 2440 sanctum
4187 2386 4330 2457 (Act.
4360 2390 4446 2453 ιι).
4486 2409 4517 2436 ››
4549 2387 4717 2446 Aliis
4742 2392 4896 2446 etiam

1488 2477 1679 2534 sibilis
1708 2482 1873 2532 actus
1904 2475 2180 2546 est,quod
2211 2475 2268 2528 in
2297 2489 2449 2544 aqua
2481 2472 2795 2543 mergitur;
2829 2471 2927 2525 sed
2961 2472 3127 2542 spiri-
3236 2472 3505 2544 pluribus
3531 2475 3720 2529 verbis
3758 2473 4175 2530 exhortabatur
4201 2489 4301 2530 eos
4345 2475 4604 2533 dicens:
4645 2502 4680 2528 «
4714 2480 4896 2535 Salva-

1485 2567 1664 2625 tualis
1719 2566 1992 2630 efﬁcitur,
2043 2564 2195 2636 quod
2257 2561 2485 2617 delictis
2543 2561 2881 2614 mundatur.
2918 2559 3126 2615 Manus
3236 2562 3378 2616 mini
3407 2579 3440 2616 a
3470 2564 3840 2634 generatione
3891 2563 4005 2618 ista
4050 2579 4230 2636 prava
4275 2563 4492 2634 (1ὁίά.).
4534 2588 4566 2614 ››
4601 2567 4725 2632 Qui
4780 2586 4895 2642 ergo

1484 2656 1780 2729 impositio
1808 2655 1938 2710 ideo
1971 2654 2036 2708 tit
2065 2657 2130 2707 ut
2155 2669 2255 2723 per
2304 2649 2766 2704 benedictionem
2813 2649 3125 2704 advocatus
3234 2658 3573 2723 receperunt
3603 2669 3932 2708 sermonem
3962 2653 4091 2722 ejus
4123 2652 4400 2725 baptizati
4433 2659 4613 2722 sunt,
4653 2661 4718 2714 et
4747 2675 4902 2731 appo.

1484 2746 1766 2802 invitetur
1805 2743 2058 2816 Spiritus
2101 2743 2358 2796 sanctus.
2391 2739 2555 2793 Tunc
2585 2738 2740 2792 enim
2770 2737 3120 2803 Paracletus,
3233 2742 3356 2796 sitm
3389 2747 3526 2796 sunt
3555 2743 3764 2798 animm
3794 2742 3850 2797 in
3885 2740 3986 2797 illa
4013 2742 4106 2797 die
4129 2741 4358 2798 circiter
4379 2743 4501 2800 tria
4523 2744 4899 2805 millia.Pau-

1485 2839 1617 2908 post
1641 2833 1923 2890 mundata
1950 2846 2212 2902 corpora,
2245 2827 2432 2882 libens
2464 2842 2497 2880 a
2530 2826 2692 2880 Patre
2717 2826 3035 2892 descendit,
3070 2833 3125 2881 et
3232 2829 3325 2884 lus
3356 2831 3551 2896 etiam,
3587 2831 3754 2901 cujus
3786 2847 3885 2886 vos
3915 2831 4242 2886 doctrinam
4276 2835 4478 2888 tenere
4509 2835 4898 2905 proﬁtemini,

1484 2923 1652 2996 quasi
1683 2936 1862 2994 super
1889 2918 2164 2991 baptismi
2197 2931 2407 2988 aquam
2439 2913 2590 2970 velut
2618 2930 2794 2985 super
2816 2915 3121 2986 pristinam
3232 2920 3436 2974 divinae
3470 2920 3694 2989 injuriae
3728 2919 3914 2991 pomis
3935 2921 4195 2986 allectus,
4215 2919 4288 2976 ab
4310 2921 4550 2978 Anania
4571 2922 4903 2998 baptizatus

1485 3011 1684 3068 sedem
1727 3024 2146 3082 recognoscens
2177 3005 2442 3078 quiescit.
2489 3003 2634 3058 Nam
2686 3002 2898 3074 legitur
2934 3006 3073 3075 quia
3105 3023 3118 3060 :
3230 3014 3356 3076 est;
3389 3008 3488 3080 qui
3523 3014 3579 3063 et
3608 3009 3732 3080 ipse
3760 3009 4133 3079 postmodum
4164 3009 4440 3080 Crispum
4491 3015 4558 3066 et
4606 3014 4827 3070 Caium
4858 3021 4903 3070 ρί

1483 3122 1512 3152 ‹‹
1543 3105 1604 3156 ln
1635 3100 1921 3174 principio
1948 3098 2196 3170 Spiritus
2227 3095 2324 3151 Dei
2377 3094 2668 3149 ferebatur
2711 3109 2888 3164 super
2937 3110 3121 3166 aquas
3230 3097 3532 3169 Stephanzn
3547 3097 3786 3152 domum
3802 3113 3862 3152 se
3881 3097 4904 3173 baptizassedicit.Philippusetiam

1481 3189 1692 3264 (Cenes.
1725 3191 1785 3258 ι).
1824 3211 1846 3239 ι»
3228 3187 3574 3242 Eunuchum
3607 3185 3889 3242 Candacis
3921 3187 4151 3259 reginae,
4183 3186 4257 3242 ab
4288 3186 4644 3246 Jerusalem
4673 3193 4906 3248 redeun-

1543 3278 2028 3352 Hocestprimum
2044 3277 2251 3330 nostra:
2266 3272 3116 3344 reparationissacramentum,
3224 3280 3365 3340 tem,
3400 3275 3458 3328 in
3491 3291 3644 3346 aqua
3675 3273 4006 3345 baptizavit,
4029 3275 4182 3329 sicut
4207 3273 4382 3330 Liber
4410 3278 4886 3347 Apostolicusin

1477 3369 1550 3426 ad
1581 3367 1737 3441 quod
1768 3364 2236 3424 conﬁrmandum
2266 3361 2570 3426 Dominus,
2597 3358 2816 3414 nullius
2849 3361 3116 3432 indigens
3225 3365 3378 3420 dicat
3407 3365 3541 3430 (Act.
3576 3364 3720 3434 vm).
3754 3365 3937 3429 Quam
3969 3363 4043 3417 ab
4070 3362 4351 3435 apostolis
4383 3364 4799 3424 traditionem
4821 3386 4904 3424 ca-

1475 3458 1820 3516 remissione
1835 3454 2052 3528 peccati
2069 3467 2175 3508 nec
2197 3449 2450 3506 remedio
2475 3447 2974 3513 renascendi,cum
2999 3465 3112 3504 non
3148 3515 3184 3528 Α
3223 3453 3438 3508 tholica
3469 3452 3657 3508 adhuc
3690 3455 3880 3507 servat
3907 3450 4180 3507 Ecclesia.

1473 3546 1712 3604 haberet
1741 3515 1897 3618 quod
1945 3543 2114 3614 aquis
2159 3540 2446 3612 potuisset
2484 3537 2777 3603 mundari,
2809 3542 3004 3592 tamen
3037 3540 3110 3594 ad
3143 3515 3185 3582 Ο
3294 3543 3442 3598 Unde

2936 3554 3004 3592 en
3037 3540 3110 3594 ad
3143 3515 3185 3582 Ο
3294 3543 3456 3598 Unde
3488 3539 3784 3612 colligitur
3811 3539 3969 3612 quia,
3994 3539 4321 3612 quamlibet
4342 3539 4512 3610 juste
4534 3548 4598 3599 et
4623 3545 4905 3604 innocen-

1471 3634 1756 3692 Joannem
1786 3632 1958 3704 aquis
1986 3627 2314 3686 Jordanicis
2343 3625 2749 3697 baptizandus,
2778 3627 2928 3680 sicut
2947 3643 3114 3682 evan-
3219 3635 3308 3687 ter
3321 3631 3454 3703 quis
3478 3629 3742 3688 videatur
3768 3629 3978 3699 vivere,
3996 3626 4206 3684 salvari
4225 3632 4422 3684 tamen
4449 3631 4709 3704 absque
4725 3636 4902 3690 divini

1475 3721 1685 3796 gelista
1710 3721 1899 3786 docet,
1931 3717 2242 3774 festinaVit-
2273 3715 2374 3768 (ἰαί
2422 3714 2716 3768 recusanti
2756 3713 2836 3768 ait
2865 3731 2880 3768 ε
2916 3737 2942 3763 α
2977 3716 3112 3772 Sine
3219 3721 3398 3777 fontis
3421 3720 3645 3774 lavacro
3669 3734 3782 3772 non
3803 3715 4226 3788 possit.Verum
4241 3721 4554 3791 utcunque
4578 3723 4902 3796 originalis

1475 3810 1768 3876 ωοάοςθίϐ
1787 3808 1944 3864 enim
1967 3807 2130 3861 decet
2159 3819 2265 3858 n08
2293 3819 2524 3857 omnem
2558 3801 2797 3874 implere
2817 3804 3110 3873 justitiam
3219 3808 3422 3881 culpas,
3444 3811 3545 3862 aut
3565 3805 3808 3878 proprias
3830 3807 4074 3860 actionis
4098 3808 4260 3863 reatu
4277 3809 4564 3864 teneatur
4583 3814 4902 3872 astrictus.

1477 3899 1697 3971 illam“
1731 3901 1817 3965 ω)
1843 3915 1856 3964 ἓ
1884 3917 1912 3946 ”
1946 3911 2013 3950 ⁸ο
2059 3893 2107 3949 εί
2165 3891 2380 3946 diceret
2410 3906 2424 3944 ³
2459 3888 2797 3960 Exemplum
2858 3893 3112 3963 Praebere
3218 3900 3412 3952 tamen
3432 3895 3587 3950 fonte
3605 3893 4228 3960 renatus,mundus,et
4249 3895 4429 3950 totius
4451 3901 4708 3967 peccati
4735 3901 4898 3957 sorde

1477 3987 1672 4045 omnis
1692 3985 1964 4058 justitiae,
1996 3986 2059 4037 ut
2085 3979 2352 4038 videlicet
2397 3979 2627 4034 discant
2669 3995 2872 4034 omnes
2911 3979 3110 4037 ﬁdeles
3220 3989 3525 4058 purgatus,
3557 3982 3700 4038 adeo
3734 3983 4044 4038 innovatur
4075 3985 4156 4048 ut,
4188 3983 4290 4054 qui
4351 3981 4517 4040 ﬁlius
4573 3987 4822 4044 diaboli
4856 3991 4904 4042 in

1477 4075 1769 4132 nemiuem
1783 4087 1955 4146 posse
1970 4072 2190 4142 absque
2208 4067 3112 4140 baptismojustiﬁcari,quamvis
3220 4073 3376 4129 fonte
3407 4071 3805 4137 descenderat,
3839 4069 3996 4126 ﬁlius
4026 4070 4126 4126 Dei
4159 4076 4400 4126 renatus
4433 4077 4754 4134 ascendat
4780 4100 4795 4148 ξ
4818 4078 4902 4150 qui

1477 4167 1812 4222 innocenter
1853 4179 1921 4218 ac
1957 4161 2119 4232 juste
2171 4158 2341 4213 vivat.
2372 4156 2628 4212 Joannes
2657 4173 2790 4211 vero
2819 4157 2902 4214 ait
2931 4173 2946 4213 :
2988 4178 3008 4227 ς
3043 4159 3113 4214 Et
3223 4161 3378 4217 ﬁlius
3410 4157 3898 4232 praevaricationis
3929 4159 4332 4228 descenderat,
4361 4159 4529 4218 ﬁlius
4553 4167 4904 4222 reconcilia-

1475 4271 1582 4328 ego
1613 4251 1944 4310 nesciebam
1975 4265 2108 4305 eum
2142 4247 2552 4317 (Joan.1);»ac
2581 4245 2632 4300 si
2663 4245 2916 4301 diceret:
2951 4247 3114 4320 Igno-
3223 4249 3402 4305 tionis
3460 4247 3758 4303 ascendat.
3792 4247 3884 4314 Et,
3934 4251 4000 4302 ut
4043 4251 4254 4303 cuncta
4309 4246 4626 4321 colligam,
4667 4254 4904 4326 qualem

1472 4343 1675 4400 rabam
1704 4357 1840 4398 eum
1870 4339 2160 4412 primum;
2193 4335 2296 4391 sed
2325 4334 2528 4390 videns
2555 4350 2688 4389 eum
2724 4335 2834 4389 sibi
2867 4336 3113 4392 retinere
3223 4338 3479 4410 primum
3514 4336 3810 4391 hominem
3842 4351 3911 4390 ex
3939 4335 4201 4409 virginea
4251 4340 4420 4392 terras
4473 4354 4702 4398 massa
4745 4343 4906 4398 ﬁnxit

1471 4425 2124 4504 baptismum,intellexi
2150 4423 2290 4496 quia
2314 4423 2408 4478 hic
2438 4426 2560 4478 erat
2589 4423 2689 4494 qui
2714 4422 3112 4495 baptizaturus
3221 4425 3508 4498 sapientia
3535 4424 3819 4488 Creontis,
3851 4421 4028 4479 talem
4058 4423 4232 4480 etiam
4283 4423 4445 4481 hunc
4469 4443 4546 4482 ex
4579 4432 4905 4501 puriﬁcate

1471 4525 1596 4578 erat
1623 4521 1682 4576 in
1720 4518 1942 4590 Spiritu
1989 4517 2211 4580 sancto,
2245 4516 2302 4568 et
2331 4511 2434 4583 [in]
2466 4511 2869 4566 remissionem
2913 4529 3112 4584 pecca-
3223 4515 3398 4570 fontis
3429 4518 3592 4568 utero
3623 4513 3897 4584 produxit
3924 4511 4236 4569 clementia
4268 4513 4904 4588 Redemptoris.0uod

1469 4613 1684 4665 torum.
1716 4607 1880 4664 Sicut
1909 4605 2034 4676 ipse
2064 4603 2240 4658 dixit:
2274 4623 2302 4650 α
2337 4599 2526 4672 Super
2555 4616 2726 4672 quem
2759 4600 2972 4656 videris
2989 4602 3114 4674 Spi-
3222 4609 3426 4660 contra
3467 4600 3731 4657 inﬁdeles
3780 4601 4002 4674 garrire
4060 4600 4272 4668 solent,
4324 4602 4596 4660 dicentes
4631 4609 4903 4680 primum

1468 4697 1646 4754 ritum
1679 4694 2122 4752 descendentem
2154 4695 2211 4748 et
2242 4692 2573 4744 manentem
2605 4705 2781 4760 super
2809 4705 2891 4755 se,
2914 4689 3009 4746 ille
3026 4695 3114 4746 est
3221 4693 3540 4757 hominem,
3573 4690 3624 4746 si
3657 4707 3771 4746 non
3797 4695 4112 4763 peccasset,
4141 4691 4614 4750 immortalitatis
4651 4712 4904 4752 munere

1469 4786 1572 4858 qui
1593 4785 1849 4857 baptizat
1869 4783 1928 4838 in
1950 4781 2170 4854 Spiritu
2194 4781 2396 4835 sancto
2421 4776 2683 4848 (lbid.).»
2707 4779 2894 4843 Quare
2915 4783 3114 4834 notan-
3221 4781 3545 4847 donatum;
3605 4779 3785 4834 istum
3855 4795 4009 4846 vero,
4069 4778 4398 4850 quamlibet
4449 4781 4630 4852 juste
4693 4790 4760 4840 et
4821 4787 4902 4840 in-

1468 4873 1612 4930 dum
1637 4876 1728 4928 est
1754 4871 1893 4944 quia
1921 4866 2285 4942 impossibile
2314 4870 2402 4922 est
2433 4881 2789 4936 quemquam
2821 4865 2891 4920 ad
2923 4867 3109 4938 perfe-
3143 4881 3188 4946 D
3219 4872 3491 4924 nocenter
3540 4865 3710 4934 vivat,
3759 4882 4136 4940 nequaquam
4187 4872 4384 4923 tamen
4436 4886 4620 4942 posse
4693 4873 4904 4930 mortis

1469 4959 1882 5030 ctumjustitia
1904 4959 2030 5014 sine
2051 4954 2449 5029 regenerantis
2471 4969 2632 5024 aqua
2657 4954 2932 5026 mysterio
2953 4956 3108 5026 aspi-
3218 4957 3400 5011 vitare
3467 4955 3786 5027 jacturam,
3864 4959 3922 5010 et
3997 4955 4126 5011 ideo
4209 4955 4465 5011 multum
4556 4976 4904 5036 repugnare

1470 5065 1618 5116 rare,
1652 5047 1901 5104 maxime
1943 5063 2077 5103 cum
2129 5060 2304 5117 opera
2343 5042 2592 5114 justitize
2651 5041 2801 5096 hanc
2857 5043 3108 5114 gratiam
3218 5061 3254 5100 a
3305 5059 3461 5109 vero,
3515 5047 3582 5097 ut
3661 5041 3855 5115 qualis
3939 5042 4036 5100 ille
4119 5042 4311 5100 fuerat
4390 5044 4590 5102 factus
4651 5066 4693 5105 a
4756 5052 4904 5107 Con-

1468 5137 1729 5194 Cornelio
1759 5133 2098 5192 Caesariensi
2127 5135 2266 5189 dare
2295 5149 2410 5187 non
2433 5130 2750 5202 potuerint,
2774 5131 2956 5186 donec
2973 5149 3108 5188 eum
3218 5133 3425 5199 ditore,
3458 5130 3593 5187 talis
3623 5136 3680 5187 et
3707 5131 3802 5186 hic
3832 5138 4208 5204 regeneratur
4243 5149 4312 5189 ex
4343 5133 4531 5189 fonte.
4569 5135 4782 5200 Quam
4813 5158 4906 5196 eo-

1469 5243 1603 5284 cum
1633 5225 1793 5282 omni
1824 5223 2048 5280 familia
2075 5237 2184 5277 sua
2215 5219 2454 5275 salutari
2506 5218 2663 5274 unda
2703 5219 2910 5274 Petrus
2943 5220 3108 5276 inno-
3219 5238 3350 5276 rum
3383 5220 3830 5292 repugnantiam
3864 5219 4030 5275 facile
4057 5225 4148 5276 est
4171 5220 4386 5276 inﬂecti
4408 5221 4483 5277 ad
4520 5239 4901 5301 consequen-

1465 5315 1636 5383 vavit,
1669 5331 1847 5386 super
1873 5328 2023 5384 quos
2047 5308 2299 5379 Spiritus
2327 5312 2565 5362 sanctus
2594 5312 2726 5363 ante
2747 5308 3108 5380 baptismum
3217 5310 3381 5375 tiam,
3415 5309 3462 5362 si
3495 5307 3629 5380 quis
3655 5307 3861 5363 divinas
3891 5308 4127 5380 pietatis
4155 5307 4473 5365 consilium
4502 5315 4904 5373 considerare

1466 5403 1729 5459 inaudito
1761 5397 2077 5472 praeeuntis
2107 5394 2306 5468 gratia:
2351 5393 2613 5464 exemplo
2643 5396 2871 5462 cecidit,
2907 5405 2969 5452 ut
2998 5397 3109 5454 hac
3217 5397 3491 5469 potuerit.
3525 5396 3670 5451 Nam
3699 5413 3767 5451 ex
3797 5413 3912 5452 uno
3933 5397 4256 5469 eodemque
4284 5397 4444 5453 fonte
4474 5399 4714 5458 divina
4739 5406 4904 5461 ratio-

1466 5491 1780 5548 manifestﬂ
1807 5487 1908 5542 Dei
1937 5486 2152 5540 Virtute
2176 5483 2471 5537 animatus
2503 5481 2705 5538 Petrus
2737 5500 2979 5556 regnum
3005 5486 3108 5542 Dei
3218 5486 3309 5542 nis
3329 5485 3650 5550 descendit,
3665 5489 3723 5540 et
3744 5485 3897 5556 quod
3921 5483 4086 5540 illum
4111 5485 4512 5543 immortalem
4531 5491 4905 5550 mirabiliter

1465 5579 1742 5653 gentibus
1781 5574 2053 5644 aperiret,
2084 5587 2260 5643 quem
2308 5586 2442 5625 cum
2501 5569 2722 5626 caeteris
2778 5571 3104 5645 discipulis,
3217 5577 3526 5638 creaverat,
3551 5578 3608 5629 et
3637 5574 3793 5646 quod
3827 5573 4008 5630 istum
4035 5580 4220 5629 morte
4267 5574 4606 5635 obnoxium
4664 5582 4902 5638 miseri-

1467 5684 1538 5724 ne
1587 5667 1648 5721 in
1705 5661 1860 5718 viam
1917 5661 2179 5734 gentium
2231 5658 2438 5725 abiret,
2471 5656 2752 5714 Dominus
2799 5665 2934 5716 ante
2974 5678 3106 5718 mo-
3217 5662 3918 5720 corditerreformaverat.
3954 5663 4130 5720 Porro
4151 5663 4320 5720 facile
4337 5664 4533 5722 fuerat
4557 5668 4768 5728 istum
4803 5674 4902 5727 im-

1469 5756 1695 5810 nuerat.
3219 5751 3592 5808 mortalitatis
3612 5751 3799 5825 gloria
3827 5751 4032 5807 donari
4055 5755 4340 5825 tanquam
4362 5757 4421 5808 et
4441 5752 4652 5825 illum,
4681 5761 4742 5816 si
4769 5761 4903 5815 fuis-

1541 5839 1704 5904 Quod
1725 5854 1857 5893 cum
1883 5839 1962 5894 ita
1981 5837 2078 5904 sit,
2090 5835 2349 5908 profecto
2371 5835 2429 5890 in
2461 5833 2568 5890 hoc
2596 5834 2758 5889 vobis
2784 5851 3109 5908 repugnare
3218 5845 3306 5896 set
3334 5841 3394 5896 in
3427 5857 3510 5896 con

2932 5852 3109 5908 gnare
3218 5845 3306 5896 set
3334 5841 3394 5896 in
3427 5840 3668 5915 consilio
3701 5841 4112 5898 Creantis.Sed
4135 5842 4458 5914 quia,dum
4491 5842 4681 5904 illum
4718 5848 4901 5905 libera

1473 5926 1883 5986 convincimini
1909 5925 2064 5999 quod
2091 5922 2422 5997 evangelica
2440 5939 2542 5980 vos
2561 5925 2618 5978 et
2644 5921 2962 5992 apostolica
2975 5941 3114 5996 prae-
3217 5927 3486 5986 voluntas
3515 5933 3571 5985 et
3601 5929 3971 5987 mortalitatis
4004 5930 4288 5987 securitas
4317 5931 4579 6007 decepit,
4605 5951 4728 6010 per
4759 5955 4898 6012 pra-
