4986 6572
1583 619 1738 706 me
2541 640 2879 706 causam
2924 640 2948 704 ι
2991 633 3584 706 CAMERACENSIS
3628 643 4000 712 EPISCOPI.
4333 593 4340 600 ’
4853 651 4952 719 uno

1579 781 1791 851 sponte
1818 793 1924 851 per
1953 773 2244 852 passionis
2273 774 2610 851 mysterium
2642 794 2852 852 corpus
2896 795 3069 835 suum
3117 796 3221 852 pro
3248 771 3307 844 Α
3333 778 3501 852 quasi
3531 777 3642 836 hoc
3669 785 3872 839 contra
3901 786 4173 842 naturam
4193 787 4354 845 esset
4369 774 4706 847 hominum
4721 785 4956 862 (videlicet

1582 867 1753 924 nobis
1781 867 1843 924 in
1876 872 2122 924 mortem
2152 867 2471 924 traditurus
2501 871 2644 934 erat,
2678 869 2828 924 sicut
2864 868 3222 942 evangelista
3330 868 3652 926 humanam
3682 887 3916 928 carnem
3949 871 4008 929 in
4041 873 4235 932 cibum
4276 881 4542 948 sumere)
4593 878 4781 952 quasi
4825 879 4886 934 de
4919 895 4959 935 η

1565 957 1775 1024 refert,
1804 979 1832 1007 «
1864 957 2101 1030 Accepit
2150 972 2383 1029 panem,
2433 961 2491 1012 et
2539 957 2851 1025 benedixit,
2906 976 2970 1014 ac
3024 959 3217 1031 fregit,
3329 958 3671 1015 difﬁcillima
3718 965 3775 1016 et
3819 960 4169 1034 impossibili
4219 965 4549 1024 dixerunt:
4588 990 4624 1020 α
4677 968 4871 1024 Durus
4904 976 4962 1024 est

1581 1046 1856 1120 deditque
1893 1045 2194 1118 discipulis
2238 1045 2382 1113 suis,
2415 1046 2617 1102 dicens
2651 1065 2664 1102 :
2697 1047 2942 1112 Sumite,
2976 1047 3084 1102 hoc
3131 1053 3219 1104 est
3327 1046 3420 1102 hic
3468 1065 3696 1115 sermo;
3749 1049 3849 1120 qui
3901 1056 4090 1122 potest
4137 1069 4272 1109 eum
4323 1054 4586 1112 audire?
4649 1079 4679 1105 ι»
4739 1056 4891 1114 Unde
4927 1066 4962 1112 et

1579 1152 1790 1208 corpus
1819 1134 2325 1191 meum.Similiter
2352 1140 2407 1190 et
2437 1135 2674 1190 calicem
2707 1135 3018 1208 accipiens,
3043 1138 3214 1191 bene-
3326 1135 3640 1192 Dominus:
3665 1162 3692 1188 ‹‹
3727 1138 3810 1203 Si,
3841 1137 4335 1211 inquit,videritis
4367 1143 4592 1201 Filium
4626 1145 4964 1202 hominis»-

1576 1224 1739 1293 dixit,
1762 1228 1819 1281 et
1848 1225 2005 1280 dedit
2031 1223 2338 1296 discipulis
2369 1224 2513 1284 suis.
2538 1223 2736 1279 dicens
2757 1242 2769 1279 :
2789 1224 2974 1280 Bibite
3008 1242 3075 1280 ex
3108 1226 3214 1282 hoc
3324 1226 3665 1282 cendentem
3699 1227 3795 1283 ubi
3828 1231 3953 1283 erat
3983 1228 4179 1300 prius:
4206 1254 4235 1282 ‹‹
4267 1231 4814 1290 Βιώαυάἰοηῐθωεα
4835 1237 4961 1291 Tum:

1575 1312 1897 1384 omnes,hic
1923 1316 2010 1368 est
2040 1311 2186 1368 calix
2220 1313 2356 1367 Novi
2391 1313 2770 1376 Testamenti,
2795 1314 2893 1384 qui
2929 1331 3029 1386 pro
3060 1314 3210 1370 mul-
3321 1313 3591 1370 videbitis
3618 1316 3756 1388 quia
3787 1333 3899 1372 non
3930 1333 3997 1372 eo
4029 1319 4202 1374 modo
4231 1337 4350 1392 quo
4377 1321 4612 1394 putatis
4649 1339 4845 1380 meam
4875 1343 4961 1380 car

1568 1403 1646 1459 tis
1660 1402 2007 1458 fundeturin
2024 1401 2426 1456 remissionem
2443 1403 3037 1473 peccatorumWatth.
3058 1421 3207 1471 xxvn;
3321 1420 3452 1458 nem
3489 1405 3858 1461 cred~ntibus
3887 1405 4198 1476 distribﬁn,
4231 1410 4333 1465 sed
4364 1409 4626 1482 spiritali
4661 1413 4854 1486 gratia
4891 1431 4958 1470 me

1563 1495 1740 1549 Marc.
1773 1509 1925 1560 xxn;
1962 1493 2086 1546 Luc.
2124 1492 2285 1557 xxii).
2323 1512 2350 1540 »
2385 1491 2545 1554 Quod
2579 1507 2710 1546 vero
2751 1492 2950 1546 subdit
2984 1509 2996 1547 :
3033 1516 3059 1543 ‹‹
3095 1493 3209 1549 Hoc
3321 1491 3434 1547 illis
3466 1492 3678 1560 dando,
3711 1493 3872 1566 ipsos
3900 1493 3959 1549 in
4006 1512 4202 1552 meum
4234 1515 4450 1572 corpus
4497 1503 4893 1567 transfundo;
4920 1509 4958 1559 et

1561 1581 1812 1652 facitejn
1844 1597 2032 1635 meam
2066 1580 2814 1643 commemorationem,»ad
2851 1579 2956 1635 hoc
2990 1582 3206 1653 retulit,
3319 1579 3436 1635 haec
3467 1581 3656 1653 gratia
3678 1599 3792 1636 non
3825 1583 4195 1640 consumitur
4225 1587 4528 1644 morsibus
4561 1602 4678 1645 nec
4709 1591 4958 1648 dentibus

1562 1671 1718 1744 quod
1746 1687 1850 1743 per
1879 1669 2270 1724 ministerium
2303 1669 2670 1724 sacerdotum
2695 1669 2952 1742 quotidie
2975 1688 3008 1726 a
3031 1672 3206 1727 fideli-
3313 1670 3539 1735 teritur,
3569 1671 3668 1725 sed
3703 1671 3994 1728 interioris
4025 1671 4284 1730 hominis
4323 1675 4544 1748 palato,
4577 1677 4700 1734 hoc
4748 1685 4860 1748 est,
4890 1699 4957 1737 ra-

1559 1759 1672 1815 bus
1703 1759 1824 1814 ﬁeri
1878 1759 2193 1826 mandavit,
2227 1757 2368 1812 dum
2421 1758 2713 1830 passionis
2762 1776 2878 1814 suae
2923 1763 3206 1818 memoria
3314 1758 3469 1814 tione
3514 1763 3569 1814 et
3619 1759 3909 1815 intellectu
3960 1762 4175 1818 mentis
4225 1765 4569 1837 percipitur.
4627 1789 4658 1816 ι»
4711 1768 4874 1826 Unde
4913 1777 4955 1827 ει

1561 1848 1834 1922 agitur,et
1867 1847 1976 1904 sub
2009 1850 2372 1902 sacramento
2402 1847 2903 1903 communicanda:
2924 1851 3116 1904 carnis
3147 1856 3203 1906 et
3311 1849 3647 1902 communio
3681 1849 3966 1904 Dominici
3999 1849 4280 1923 corporis,
4301 1853 4456 1909 sicut
4485 1869 4682 1928 supra
4701 1857 4954 1926 diximus,

1559 1937 1866 2008 sanguinis
1896 1935 2065 2009 panis
2103 1938 2341 1990 sanctus
2389 1938 2445 1991 et
2492 1935 2640 1990 calix
2691 1943 3081 1994 consecratur.
3116 1941 3196 1995 Ad
3309 1936 3504 1990 Graeco
3535 1936 3910 2008 quidem,sed
3947 1938 4167 1996 Latinis
4199 1939 4414 1997 usitato
4437 1959 4734 2002 sermone
4763 1948 4954 2004 Eucha-

1555 2027 1708 2084 hanc
1755 2024 2079 2099 spiritalem
2133 2024 2496 2090 alimoniam,
2528 2025 2598 2080 ad
2632 2025 2740 2079 hoc
2782 2028 3088 2098 mysticum
3143 2035 3199 2084 et
3310 2026 3494 2094 ristia,
3532 2026 3584 2080 id
3617 2031 3724 2091 est,
3760 2027 3898 2082 bona
3925 2030 4109 2099 gratia
4138 2029 4491 2101 appellatur.
4531 2031 4790 2092 Videtur
4827 2040 4955 2092 enim

1555 2117 1818 2178 divinum
1851 2114 2093 2186 epulum
2126 2131 2234 2169 nos
2267 2113 2551 2168 Dominus
2603 2114 2826 2179 invitat,
2857 2120 3196 2190 tantamque
3229 2145 3277 2213 Β
3310 2121 3550 2169 sanctus
3584 2114 3676 2169 ille
3715 2117 3905 2186 panis,
3931 2133 4048 2189 quo
4080 2133 4291 2190 corpus
4323 2119 4564 2176 Domini
4593 2133 4956 2182 consecratur

1557 2204 1967 2260 necessitatem
1999 2201 2268 2258 sumendi
2291 2201 2469 2272 hujus
2485 2202 2744 2257 alimenti
2769 2204 2933 2259 nobis
2957 2206 3194 2273 indicat,
3229 2201 3275 2213 “”
3307 2207 3363 2257 et
3394 2203 3698 2258 visibiliter
3727 2219 3825 2258 ore
3858 2203 4206 2276 percipitur;
4241 2207 4344 2262 sed
4395 2207 4594 2266 virtus
4628 2209 4737 2268 Dei
4787 2213 4954 2281 Verbi,

1556 2295 1622 2350 ut
1652 2293 1820 2357 aliter
1848 2293 1903 2348 in
1939 2292 2105 2348 nobis
2134 2292 2313 2347 vitam
2346 2291 2556 2347 habere
2587 2308 2700 2346 non
2733 2294 3047 2364 possimus,
3082 2297 3193 2350 nisi
3306 2291 3362 2346 id
3395 2297 3484 2346 est
3515 2291 3810 2360 divinitas,
3845 2308 3961 2364 qua
3991 2293 4189 2350 anima
4214 2295 4606 2368 percipientis
4640 2304 4954 2360 sanctiﬁca-

1553 2399 1785 2446 carnem
1817 2382 1946 2457 ejus
1977 2381 2519 2438 manducaverimus
2549 2386 2606 2436 et
2655 2383 2999 2454 sanguinem
3034 2385 3192 2440 bibe-
3305 2385 3421 2447 tur,
3455 2381 3633 2435 videri
3671 2398 3783 2436 non
3816 2386 4023 2453 potest.
4059 2384 4337 2439 Ascendit
4365 2401 4508 2459 ergo
4539 2387 4829 2448 Christus
4855 2411 4951 2466 per-

1550 2473 1758 2531 rimus.
3306 2469 3451 2525 fecto
3485 2485 3720 2542 corpore
3750 2486 3879 2537 suo,
3907 2475 3964 2526 et
4008 2470 4246 2544 reliquit
4292 2475 4464 2530 nobis
4520 2488 4945 2538 sacramentum

1617 2562 1729 2618 Sed
1762 2561 2008 2618 fortasse
2057 2557 2292 2632 aliquis,
2347 2559 2524 2614 nimis
2570 2559 2882 2616 carnaliter
2932 2561 3041 2616 hoc
3088 2579 3190 2618 au-
3303 2559 3561 2630 corporis
3593 2559 3707 2613 sui.
3738 2559 3998 2631 Denique
4039 2577 4110 2616 ne
4141 2565 4416 2634 putarent
4444 2565 4564 2621 sibi
4603 2566 4672 2624 in
4707 2570 4824 2628 isto
4849 2573 4947 2625 cibo

1545 2651 1732 2720 diens,
1760 2651 1999 2724 objiciat
2026 2649 2321 2705 neminem
2354 2665 2525 2720 posse
2556 2648 2732 2703 vitam
2766 2648 2978 2706 habere
3011 2651 3066 2706 in
3099 2669 3189 2706 se-
3301 2652 3356 2702 et
3388 2652 3523 2719 potu
3556 2648 3638 2702 sic
3671 2646 3928 2719 promitti
3961 2647 4138 2705 vitam
4159 2655 4436 2706 aeternam
4455 2657 4525 2708 ut
4546 2653 4692 2726 jam
4727 2675 4834 2714 nec
4851 2677 4950 2714 rer.

1547 2740 1820 2814 metipso,
1849 2755 1983 2794 cum
2015 2737 2281 2794 Christus
2312 2752 2568 2801 carnem,
2602 2752 2778 2808 quam
2811 2739 3043 2810 proprio
3059 2757 3190 2812 ges-
3301 2753 3436 2809 pore
3489 2740 3854 2792 morerentur
3897 2753 4030 2793 cum
4077 2738 4366 2795 dixisset:
4404 2762 4433 2791 κ
4476 2742 4598 2807 Qui
4657 2749 4954 2804 mandarat

1548 2829 1710 2884 tabat
1739 2843 1997 2900 corpore,
2030 2825 2250 2881 nemini
2283 2824 2566 2880 edendam
2590 2841 2883 2898 erogasse,
2913 2828 3011 2882 sed
3061 2846 3189 2900 per-
3302 2841 3490 2880 meam
3517 2841 3749 2881 carnem
3779 2843 3792 2892 ;
3831 2847 3858 2873 ››
3909 2827 4188 2883 continuo
4241 2829 4561 2902 subjunxit
4596 2849 4612 2889 :
4673 2859 4708 2886 κ
4763 2838 4828 2893 Et
4871 2855 4957 2910 ego

1548 2915 1697 2972 fecto
1722 2919 1779 2970 et
1801 2915 2027 2986 integro
2059 2929 2297 2984 corpore
2328 2912 2536 2968 caelum
2567 2919 2903 2986 penetrasse
2933 2915 3186 2988 legatur;
3299 2914 3690 2970 ressuscitabo
3720 2931 3854 2969 eum
3895 2914 3953 2970 in
4005 2916 4326 2974 novissimo
4373 2917 4469 2974 die
4508 2920 4737 2995 (Ibid)
4775 2949 4804 2974 ι.
4835 2928 4956 2982 Sam

1549 3009 1654 3062 aut
1680 3008 1856 3072 certe,
1889 3003 2044 3078 quod
2077 3003 2238 3058 nefas
2267 3002 2424 3058 dictu
2465 3006 2570 3070 est,
2605 3003 2919 3060 Dominum
2971 3007 3030 3060 in
3081 3007 3188 3062 hoc
3297 3003 3396 3075 qui
3430 3003 3602 3075 digne
3651 3019 3886 3059 carnem
3915 3003 4130 3060 Christi
4181 3006 4461 3074 comedit,
4497 3013 4557 3064 et
4615 3017 4957 3087 sanguinem

1545 3093 1720 3152 verbo
1750 3091 1984 3166 culpam
2016 3091 2302 3148 mendacii
2347 3091 2620 3158 subiisse,
2647 3109 2782 3148 cum
2812 3093 2976 3149 multi
3009 3095 3185 3152 vitam
3295 3093 3423 3163 ejus
3451 3092 3615 3159 bibit,
3650 3091 3784 3146 licet
3817 3097 4083 3149 mortuus
4108 3110 4367 3166 corpore,
4388 3095 4578 3154 habet
4610 3099 4864 3159 interim
4893 3121 4958 3160 se-

1547 3183 1608 3238 in
1639 3199 1701 3239 se
1731 3181 1944 3238 habere
1974 3181 2262 3246 videntur,
2296 3180 2396 3252 qui
2423 3197 2655 3236 carnem
2689 3185 2792 3235 aut
2839 3183 3186 3255 sanguinem
3294 3181 3554 3238 cundum
3604 3180 3878 3253 spiritum
3926 3180 4103 3238 vitam
4153 3187 4452 3239 aeternam.
4489 3186 4678 3250 Quod
4729 3207 4870 3248 vero
4901 3194 4958 3248 ad

1545 3272 1675 3342 eius
1705 3275 1972 3346 gustasse
2002 3269 2317 3342 aliquando
2349 3286 2410 3324 se
2441 3286 2550 3324 non
2586 3271 3000 3327 meminerunt.
3023 3273 3184 3338 Quod
3294 3287 3504 3342 corpus
3537 3269 3766 3341 attinet,
3799 3285 3902 3324 nec
3935 3269 4131 3342 ipsum
4161 3272 4282 3328 vita
4310 3277 4533 3330 caterua
4562 3273 4958 3351 fraudabitur,

1541 3377 1670 3432 nos,
1701 3359 1816 3416 Deo
1846 3357 2092 3422 volente,
2125 3356 2226 3412 tali
2256 3357 2430 3412 modo
2462 3355 2762 3412 solvimus.
2783 3359 3036 3415 Possunt
3065 3362 3188 3432 qui-
3294 3359 3432 3432 quia
3462 3358 3906 3413 resuscitabitur
3929 3357 3987 3414 in
4022 3359 4340 3416 novissimo
4366 3361 4484 3432 die,
4507 3363 4686 3422 ultra
4705 3369 4842 3439 jam
4863 3387 4960 3424 non

1539 3450 1672 3508 dem
1702 3447 1972 3505 homines
1999 3445 2128 3502 sine
2157 3445 2266 3502 hoc
2294 3445 2422 3501 cibo
2437 3445 2814 3518 temporalem
2834 3446 2983 3503 hanc
3004 3448 3182 3505 vitam
3225 3513 3256 3518 _
3294 3445 3666 3502 moriturum.
3696 3445 3812 3500 Hoc
3844 3444 4026 3518 igitur
4051 3446 4226 3502 modo
4269 3445 4555 3505 Veritatis
4588 3467 4812 3511 nemo
4856 3458 4962 3511 sine

1539 3537 1598 3594 in
1643 3535 1910 3610 praesenti
1958 3533 2170 3596 saeculo
2218 3533 2470 3602 habere;
2503 3513 2775 3590 aeternam
2824 3552 2956 3592 vero
3003 3537 3180 3592 vitam
3213 3513 3257 3582 C
3294 3533 3466 3606 culpa
3497 3533 3783 3588 mendacii
3815 3513 3944 3600 fuit,
3977 3533 4180 3590 dicens
4217 3534 4520 3592 neminem
4552 3539 4763 3598 vitam
4811 3545 4868 3600 in
4912 3561 4962 3600 se

1538 3623 1752 3682 habere
1779 3627 2232 3696 nequeunt,quae
2265 3621 2407 3678 solis
2429 3621 2696 3678 fidelibus
2718 3639 2952 3680 carnem
2976 3629 3032 3680 et
3048 3643 3180 3682 san-
3290 3621 3640 3692 habere,nisi
3675 3622 3774 3694 qui
3806 3621 4308 3678 communicandis
4338 3625 4542 3682 carnis
4572 3630 4730 3700 ejus
4757 3636 4822 3688 et
4843 3649 4958 3690 san-

1540 3714 1778 3792 guinem
1809 3711 2023 3768 Christi
2055 3710 2229 3784 digne
2249 3710 2616 3766 sumentibus
2633 3713 3182 3783 promittitur.Unde
3289 3711 3487 3784 guinis
3518 3709 3879 3782 spiritalibus
3909 3709 4206 3768 alimentis
4238 3718 4616 3784 placaretur.

1543 3805 1600 3858 et
1624 3801 1748 3874 ipse
1777 3800 1920 3858 dicit
1953 3817 1966 3856 :
2007 3822 2035 3850 «
2067 3798 2189 3854 Nisi
2235 3799 2720 3855 manducaveritis
2769 3817 3000 3856 carnem
3052 3803 3178 3859 Filii
3360 3801 3591 3856 Poterat
3618 3815 3750 3854 vero
3781 3797 3924 3854 illud
3956 3799 4209 3856 infirmis
4238 3801 4634 3862 auditoribus
4666 3807 4822 3866 huic
4849 3823 4957 3865 sse-

1540 3889 1884 3956 hominis,et
1911 3887 2174 3944 biberitis
2205 3888 2333 3959 ejus
2364 3887 2856 3961 sanguinem,non
2889 3889 3180 3950 habebitis
3288 3887 3483 3944 tentia:
3512 3887 3870 3944 contrarium
3900 3887 4082 3944 videri
4115 3888 4270 3962 quod
4303 3889 4662 3950 subditurm
4677 3897 4840 3954 Caro
4865 3913 4954 3952 nos

1541 3977 1718 4035 vitam
1748 3977 1806 4032 in
1837 3975 2000 4032 vobis
2030 3977 2206 4048 (Joan.
2239 3976 2338 4047 v1),
2375 3999 2404 4027 »
2433 3977 2610 4032 vitam
2653 3977 2917 4034 videlicet
2947 3979 3178 4051 animus,
3288 3977 3524 4052 prodest
3552 3977 3876 4048 quidquam
3899 3978 4225 4049 (Joan.v1),»
4255 3994 4391 4034 cum
4417 3984 4730 4054 superius
4743 3985 4954 4043 nullum

1539 4066 1735 4141 ipsum
1764 4065 2080 4132 Christum,
2115 4064 2214 4136 qui
2252 4063 2388 4127 alibi
2435 4065 2578 4120 dicit
2610 4083 2623 4122 :
2657 4087 2684 4115 «
2717 4067 2835 4138 Ego
2881 4083 3014 4122 sum
3064 4069 3176 4142 via,
3287 4065 3466 4122 vitam
3496 4064 3710 4121 habere
3736 4065 3795 4120 in
3826 4082 3889 4121 se
3917 4064 4162 4122 dixisset
4185 4066 4312 4124 sine
4342 4072 4756 4142 perceptione
4785 4077 4952 4132 semis

1535 4155 1767 4230 veritas,
1786 4158 1844 4210 et
1871 4153 1990 4215 vita
2019 4153 2352 4225 (Joan.x1v).
2373 4177 2398 4202 n
2430 4153 2638 4210 Filium
2669 4170 2801 4210 vero
2831 4154 3086 4212 hominis
3116 4173 3178 4213 se
3286 4169 3428 4210 suae.
3489 4153 3601 4208 Sed
3661 4153 3746 4209 ita
3798 4152 4242 4227 intelligendum
4295 4159 4386 4212 est
4427 4172 4442 4212 :
4507 4158 4574 4214 8i
4645 4163 4956 4220 carnaliter

1536 4239 1785 4312 dicebat,
1815 4243 1988 4314 cujus
2017 4258 2228 4315 corpus
2259 4242 2518 4315 quotidie
2547 4259 2650 4315 per
2691 4243 3019 4300 sacerdotes
3073 4246 3179 4301 im-
3284 4242 3460 4298 verba
3489 4258 3618 4297 mea
3645 4239 3966 4314 intelligere
3990 4241 4190 4309 vultis,
4222 4248 4288 4300 ut
4338 4243 4426 4300 sic
4471 4261 4741 4308 carnem
4777 4265 4952 4308 meum

1535 4331 1788 4392 molatur
1815 4330 1874 4386 in
1906 4329 2095 4386 altari.
2129 4331 2210 4386 De
2239 4347 2355 4404 quo
2394 4330 2711 4404 Apostolus
2757 4331 2882 4387 ait:
2917 4355 2946 4381 «
2980 4333 3175 4402 Panis,
3285 4330 3438 4387 sicut
3485 4329 3667 4387 alium
3709 4330 3906 4386 cibum
3952 4332 4342 4402 manducetis,
4382 4348 4526 4391 eam
4575 4337 4752 4395 nihil
4805 4340 4952 4396 inibis

1533 4437 1709 4494 quem
1739 4419 2288 4493 frangimus,nonne
2304 4436 2514 4492 corpus
2529 4419 2760 4475 Domini
2791 4419 2982 4476 est?Et
3005 4421 3175 4494 calix,
3285 4419 3540 4492 prodest.
3573 4441 3600 4467 »

1532 4509 1627 4566 cui
1656 4508 2078 4577 benedicimus,
2097 4523 2291 4564 nonne
2321 4507 2842 4564 excommunicatio
2872 4510 3177 4582 sanguinis
3355 4506 3463 4572 Qui
3494 4506 3649 4563 enim
3683 4511 3874 4580 potest
3901 4508 3982 4564 ita
4009 4524 4186 4565 suum
4210 4525 4427 4582 corpus
4451 4516 4958 4584 per'toteoclesias

1533 4595 1764 4656 Domini
1791 4595 1916 4652 est?
1949 4619 1977 4646 ››
2009 4597 2056 4664 (Ι
2085 4597 2206 4654 Cor.
2239 4600 2317 4664 x).
2353 4595 2516 4652 Unde
2545 4612 2680 4652 cum
2707 4596 2990 4653 Dominus
3022 4598 3174 4654 dice-
3283 4595 3344 4652 in
3375 4599 3494 4652 toto
3524 4595 3662 4652 orbe
3691 4594 3936 4652 diﬂusas
3967 4596 4264 4665 distribui,
4297 4614 4403 4670 per
4427 4603 4558 4657 tam
4603 4601 4960 4662 innumera-

1531 4689 1620 4742 ret
1649 4701 1662 4740 :
1699 4708 1728 4736 α
1754 4685 1874 4760 Ego
1904 4703 2035 4742 sum
2065 4685 2237 4758 panis
2266 4685 2559 4758 vivus,qui
2591 4685 2662 4741 de
2688 4683 2831 4742 oculo
2862 4685 3172 4756 descendi;
3284 4683 3432 4740 biles
3460 4682 3707 4756 populos
3755 4687 3814 4739 et
3861 4683 4036 4758 longe
4081 4687 4366 4758 tempore,
4409 4686 4690 4761 singulis
4741 4691 4961 4752 ﬂebas

1529 4773 2271 4848 siqnismanducaveritex
2295 4773 2401 4829 hoc
2424 4789 2592 4845 pane,
2614 4773 2765 4830 vivet
2794 4773 2852 4829 in
2870 4779 3171 4842 aeternum,
3284 4771 3534 4844 singulis
3565 4771 3904 4830 hominibus
3933 4773 4292 4831 sumendum
4343 4775 4672 4850 distribui,
4709 4787 4778 4840 σε
4827 4797 4968 4838 ειη,-

1531 4861 1843 4936 litigabunt
1871 4862 2056 4919 Judaei
2106 4863 2179 4918 ad
2231 4861 2478 4918 invicem
2526 4862 2824 4919 dicentes:
2877 4863 3176 4927 Quomodo
3209 4879 3258 4946 υ
3286 4875 3464 4933 quam
3491 4860 3786 4916 deiicere?

1533 4953 1722 5022 potest
1751 4949 1846 5006 hic
1871 4950 2040 5008 nobis
2065 4951 2202 5008 dare
2231 4965 2468 5007 carnem
2499 4967 2668 5007 suam
2695 4951 2768 5006 ad
2817 4950 3178 5007 manducan-
3359 4951 3482 5014 Quo
3539 4951 3742 5006 contra
3806 4949 3972 5006 vobis
4042 4951 4492 5024 respondemus,
4555 4954 4724 5012 dum

1531 5036 1707 5094 dum?
1736 5059 1766 5088 »
1799 5039 1974 5113 (Joan.
1997 5039 2095 5112 vx).
2115 5041 2240 5096 Non
2270 5038 2428 5096 enim
2459 5039 2616 5095 hunc
2645 5056 2857 5112 panem
2889 5039 3176 5113 intellige-
3285 5037 3678 5111 evangelicam
3707 5041 3766 5094 et
3794 5037 4171 5097 traditionem
4201 5039 4602 5114 apostolicam
4655 5059 4778 5102 vos
4809 5047 4965 5104 fateri

1533 5125 1696 5194 bant,
1727 5128 2032 5190 audientes
2057 5144 2290 5184 carnem
2321 5127 2838 5196 exhorrescebant;
2873 5145 2987 5185 non
3019 5128 3177 5184 enim
3285 5125 3581 5182 audimus.
3631 5125 3888 5184 Verbum
3937 5129 4094 5200 quod
4151 5129 4212 5185 in
4259 5129 4558 5204 principio
4607 5139 4758 5190 erat
4821 5134 4963 5208 apud

1531 5219 1698 5272 erant
1727 5217 1990 5273 membra
2019 5215 2258 5282 Christi,
2287 5217 2502 5272 idcirco
2546 5216 3094 5273 scandalizabantur
3116 5216 3176 5271 in
3285 5213 3492 5284 Deum,
3524 5215 3583 5270 id
3614 5231 3749 5271 caro
3778 5215 3996 5272 factum
4027 5215 4086 5272 in
4119 5218 4236 5274 ﬁne
4262 5222 4637 5291 temporum,
4659 5224 4968 5297 quomoda

1531 5319 1702 5365 carne
1730 5305 1965 5364 Christi.
1989 5303 2102 5358 Sed
2133 5307 2190 5358 et
2217 5319 2352 5358 cum
2377 5303 2668 5378 discipuli,
2687 5305 2862 5362 verba
2891 5306 3020 5378 ejus
3051 5321 3175 5362 car-
3286 5306 3474 5358 totum
3504 5319 3640 5359 cum
3671 5303 3838 5361 Patre
3867 5303 3981 5360 fuit
4005 5321 4256 5378 semper,
4287 5311 4348 5362 et
4387 5311 4586 5364 totum
4647 5327 4726 5368 se
4755 5313 4965 5369 damn

1531 5391 1740 5449 naliter
1762 5390 2136 5464 accipientes,
2168 5390 2466 5447 dicerent:
2501 5417 2526 5443 ‹‹
2563 5394 2756 5449 Durus
2787 5398 2875 5449 est
2921 5393 3018 5450 hic
3056 5410 3178 5450 ser-
3285 5391 3345 5448 in
3376 5395 3540 5448 utero
3590 5392 3899 5470 Virginis?
3927 5392 3977 5450 si
4027 5398 4188 5450 totus
4235 5393 4295 5450 in
4343 5395 4619 5470 Virgine,
4659 5401 4966 5474 quomodo

1529 5497 1648 5548 mo,
1695 5480 1832 5552 quis
1881 5482 2074 5551 potest
2113 5495 2248 5534 eum
2297 5480 2540 5536 audire?
2570 5503 2598 5532 »
2632 5482 2816 5554 (Ibid)
2854 5481 3177 5554 Respondit
3282 5484 3443 5538 totus
3481 5497 3616 5537 cum
3663 5481 3847 5538 Patre.
3881 5483 3989 5540 Sed
4040 5483 4178 5540 audi
4225 5488 4402 5540 tanta
4453 5486 4720 5548 virtutis
4749 5496 4962 5564 myste-

1529 5567 1820 5625 Dominus
1852 5583 1865 5622 :
1899 5588 1927 5616 ‹‹
1962 5566 2078 5621 Ηοο
2108 5583 2208 5621 vos
2239 5567 2635 5632 scandalizat?
2662 5570 2712 5626 si
2745 5586 2881 5644 ergo
2914 5570 3176 5627 videritis
3282 5569 3460 5625 rium.
3491 5572 3858 5628 Ascensurus
3888 5571 3947 5626 in
3997 5571 4209 5629 omium
4255 5572 4356 5630 Dei
4407 5573 4600 5633 Filius
4645 5579 4962 5652 discipulis

1531 5654 1744 5713 Filium
1763 5653 2440 5718 hominisasccndentem
2465 5658 2562 5713 ubi
2581 5658 2878 5730 eratprius
2910 5659 3116 5732 (Ib-id);
3147 5681 3175 5708 ν
3284 5675 3388 5732 pro
3432 5658 3698 5714 discessu
3749 5660 3878 5731 ejus
3925 5657 4193 5717 sollicitis
4246 5663 4548 5734 promittit
4595 5681 4680 5724 ea
4727 5685 4961 5726 mansu-

1532 5759 1820 5815 suspensa
1847 5749 1906 5800 et
1935 5745 2102 5820 quasi
2151 5743 2436 5801 defectiva
2487 5746 2671 5803 oratio
2725 5747 2854 5802 fuit.
2887 5747 3178 5804 Putabant
3282 5763 3416 5802 rum
3447 5763 3580 5802 cum
3612 5747 3697 5804 eis
3728 5749 4004 5805 omnibus
4049 5749 4257 5806 diebus
4306 5765 4500 5824 usque
4551 5753 4632 5810 ad
4695 5771 4962 5814 nonsum-

1534 5829 1692 5918 enim
1723 5831 1990 5918 discipuli
2025 5831 2324 5896 Christum
2346 5834 2750 5918 carnem,quia
2771 5834 3012 5890 indutus
3030 5839 3174 5902 erat,
3285 5836 3600 5892 mationem
3654 5836 3872 5906 saeculi,
3919 5838 4136 5910 quibus
4183 5839 4360 5912 paulo
4406 5845 4551 5899 ante
4597 5847 4958 5918 predizmi

1537 5917 1930 5996 particulatim
1959 5919 2210 5976 incisam
2241 5917 2614 5974 credentibus
2643 5919 3180 5990 distributurum,et
3286 5941 3349 5982 se
3378 5925 3460 5982 ire
3488 5925 3561 5982 ad
3589 5925 3843 5984 Patrem.
3875 5928 4041 5992 Quod
4069 5928 4309 6000 quidem
4359 5917 4682 6006 refugeret
4735 5937 4960 5996 unde!
