4986 6522
659 457 680 514 1
693 452 805 514 285

1866 446 2069 510 ACTA
2113 445 2400 510 SYNODI
2445 440 2833 509 ATREBAT.

3892 450 4047 516 1286

662 603 770 642 non
803 582 1132 640 discedebat
1163 581 1233 638 de
1266 581 1503 655 templo.
1541 581 1800 654 Denique
1832 583 2116 637 Dominus
2147 581 2292 635 duo-
2329 582 2372 647 Α
2412 596 2738 635 sermonem
2787 582 2996 637 faceret
3045 582 3114 637 ad
3149 582 3449 655 pOpulum,
3485 601 3548 639 ac
3578 583 3896 643 divinitatis
3931 605 4049 644 sua:

657 674 861 730 dennis
879 689 1036 744 puer,
1056 672 1358 743 ignorante
1378 675 1559 725 matre
1577 675 1631 726 et
1649 670 2218 742 cognatis,remansit
2238 669 2298 724 in

658 763 889 835 templo.
913 761 1074 816 Unde
1101 761 1224 831 ipse
1248 760 1682 831 requirentibus
1705 759 1812 814 ait:
1831 781 1857 807 «
1877 759 2023 824 Quid
2037 763 2125 814 est
2147 757 2298 829 quod

656 869 745 907 me
770 848 1119 922 quaerebatis
1138 849 1165 902 ?
1186 848 1544 903 Nesciebatis
1572 848 1709 919 quia
1739 847 1797 902 in
1831 847 1924 902 his
1955 864 2079 918 quae
2114 847 2299 902 Patris

656 939 766 996 mei
800 942 959 1007 sunt,
992 942 1217 1009 oportet
1257 954 1348 991 me
1397 954 1522 992 esse
1545 938 1572 990 ?
1600 959 1626 985 ››
1658 939 1806 1004 (Luc.
1843 937 1929 1006 ιι.)
1977 935 2299 1007 Appropin-

654 1031 868 1100 quante
881 1043 1018 1081 vero
1032 1025 1175 1080 hora
1187 1026 1479 1096 passionis
1495 1023 2057 1096 suaz,Jerosolymam
2074 1024 2300 1090 adiens,

655 1117 850 1172 statim
873 1115 1114 1170 intravit
1137 1115 1195 1169 in
1230 1113 1538 1185 templum,
1557 1115 1803 1169 formam
1827 1113 1997 1168 nobis
2020 1112 2300 1184 religiosae

651 1203 1134 1266 conversationis,
1164 1219 1339 1274 quam
1372 1202 1537 1273 sequi
1578 1203 1920 1266 debeamus,
1968 1201 2299 1267 ostendens,

649 1291 918 1348 videlicet
946 1296 1036 1359 ut,
1061 1308 1196 1346 cum
1229 1290 1531 1362 oppidum,
1564 1295 1665 1345 aut
1694 1289 2023 1356 castellum,
2054 1290 2174 1345 sive
2203 1288 2303 1343 ali-

648 1398 820 1453 quem
853 1380 1077 1449 locum,
1112 1380 1210 1434 ubi
1245 1380 1456 1436 domus
1505 1379 1786 1434 orationis
1836 1384 1949 1433 Deo
1981 1379 2059 1434 sit
2102 1395 2304 1433 conse-

653 1473 830 1538 crata,
865 1468 1258 1540 ingredimur,
1291 1467 1454 1540 prius
1485 1468 1556 1522 ad
1603 1466 1764 1522 illam
1812 1467 2084 1523 festinare
2132 1467 2303 1522 debe-

651 1574 802 1624 mus,
826 1556 929 1613 ubi
955 1557 1242 1613 orationis
1265 1561 1475 1611 nostra:
1504 1560 1636 1611 vota
1666 1555 1972 1620 solventes,
1993 1555 2307 1628 nosmetip-

648 1646 876 1702 sosDeo
891 1645 1977 1717 commendemus.lngressusigiturin
1998 1645 2304 1717 templum,

647 1733 820 1806 coepit
853 1735 1074 1806 ejicere
1107 1734 1422 1789 vendentes
1467 1734 1524 1787 in
1565 1750 1631 1788 eo
1663 1737 1718 1788 et
1747 1739 2026 1805 ementes,
2059 1733 2260 1790 dicens
2292 1753 2305 1790 :

648 1844 673 1872 ‹‹
707 1823 939 1878 Domus
995 1839 1150 1888 mea,
1204 1823 1416 1877 domus
1466 1822 1746 1876 orationis
1792 1825 1879 1876 est
1926 1823 2075 1891 (Luc.
2107 1824 2244 1893 vix).
2280 1845 2306 1871 ››

2408 672 2771 725 sacramenta
2802 671 3052 742 pandere
3080 673 3438 744 dignaretur.
3469 673 3630 728 Unde
3663 673 3794 730 licet
3825 675 4048 732 nullum

2407 755 2598 810 locum
2631 775 2832 814 vacare
2863 776 2894 812 a
2921 761 3228 832 praesentia
3260 761 3583 832 majestatis
3614 763 3743 830 ejus
3773 763 4050 832 sciamus,

2389 844 2465 923 in
2501 844 2608 899 hac
2641 850 2833 901 tamen
2871 848 3211 920 przesertius
3242 855 3416 920 atque
3449 849 3684 904 uberius
3715 866 3834 905 suae
3857 851 4054 923 gratia

2410 921 2688 989 beneﬁcia
2736 936 3067 1007 petentibus
3116 937 3338 1004 tribuit,
3377 937 3472 991 ubi
3522 938 3780 1010 corporis
3826 921 3952 1009 ejus
4002 944 4058 995 et

2411 1021 2714 1093 sanguinis
2747 1028 3116 1079 sacrosancta
3140 1025 3418 1096 mysteria
3447 1025 3818 1082 celebrantur
3845 1031 3903 1082 et
3931 1027 4057 1082 lau-

2412 1109 2512 1164 des
2540 1110 2743 1165 divinaa
2776 1118 2832 1166 et
2861 1118 2991 1167 vota
3040 1113 3362 1169 solvuntur.
3398 1118 3458 1167 In
3506 1115 3724 1186 templo
3772 1115 4058 1173 Dominus

2410 1197 2702 1253 Salomoni
2727 1201 2784 1255 in
2810 1202 2961 1256 nube
2993 1202 3185 1274 gloriae
3217 1220 3334 1257 suae
3358 1203 3644 1275 apparuit,
3666 1204 3866 1260 dicens
3888 1221 3950 1261 se
3977 1205 4057 1261 ibi

2411 1287 2744 1356 petentibus
2774 1290 3047 1344 daturum
3079 1291 3404 1363 cuicunque
3435 1291 3830 1347 tribulationis
3868 1296 3926 1348 et
3953 1309 4056 1348 an-

2412 1376 2616 1445 gustiae
2649 1378 2994 1446 remedium,
3017 1384 3073 1434 et
3092 1386 3293 1434 contra
3319 1385 3692 1452 tempestates
3715 1385 3774 1436 et
3803 1381 4060 1437 mortali-

2411 1467 2614 1532 tatem,
2647 1466 2922 1522 adversus
2969 1466 3228 1540 gladium
3278 1475 3335 1524 et
3377 1469 3611 1536 famem,
3646 1469 3963 1526 siccitatem
3999 1469 4060 1526 et

2415 1568 2647 1607 omnem
2681 1553 3080 1627 intemperiem
3115 1557 3282 1625 aeris,
3319 1558 3606 1629 quidquid
3646 1558 3724 1613 ibi
3758 1576 3791 1613 a
3815 1558 4061 1631 petenti-

2415 1640 2525 1695 bus
2547 1648 2919 1712 quareretur,
2945 1645 3216 1701 effectum
3245 1646 3343 1701 Dei
3367 1647 3553 1718 gratia
3581 1648 4062 1719 praestaret.Quo—

2416 1728 2554 1784 tidie
2585 1734 2736 1786 certe
2769 1731 3050 1787 Dominus
3073 1739 3332 1788 sanctam
3363 1734 3743 1806 spiritualiter
3772 1735 3949 1791 intrat
3976 1752 4062 1792 ec-

2418 1816 2672 1884 clesiam,
2702 1837 2816 1874 non
2852 1822 3003 1892 quod
3032 1821 3109 1875 ibi
3144 1822 3446 1877 altitudine
3477 1839 3798 1891 murorum,
3834 1828 3933 1879 aut
3960 1841 4058 1879 va-

642 1911 867 1966 Domus
898 1909 1009 1966 illa
1041 1910 1144 1966 Dei
1175 1911 1245 1965 ad
1280 1910 1387 1965 hoc
1418 1927 1452 1965 a
1473 1909 1778 1966 Salomone
1805 1910 2080 1982 primum,
2105 1916 2160 1966 et
2182 1928 2310 1984 pos-
2339 1941 2386 2006 Β
2419 1907 2618 1962 rietate
2650 1909 3112 1979 pavimentorum
3161 1910 3515 1980 delectetur;
3550 1912 3649 1967 sed
3699 1913 3837 1984 quia
3884 1913 3962 1967 ibi
3994 1913 4061 1968 ﬁt

640 2004 733 2055 tea
763 2017 800 2055 a
825 1999 977 2055 Jesu
1014 1999 1317 2054 sacerdote
1354 2005 1409 2054 et
1458 1998 1770 2054 Zorobabel
1822 2004 2152 2055 constructa
2184 2001 2309 2055 fue-

641 2093 751 2155 rat,
787 2105 910 2144 non
939 2089 1106 2160 quod
1140 2088 1292 2142 Deus
1326 2088 1383 2142 in
1417 2087 1766 2142 manufactis
1797 2088 2028 2159 templis
2061 2088 2308 2155 habitet;

640 2179 739 2233 sed
774 2182 843 2232 ut
873 2177 960 2232 ibi
1018 2193 1234 2231 nomen
1286 2177 1414 2246 ejus
1458 2177 1840 2241 invocaretur,
1874 2177 2069 2248 ibique
2099 2177 2310 2232 devotae

642 2265 836 2338 plebis
869 2266 1181 2322 orationes
1230 2265 1476 2330 audiret,
1522 2269 1654 2319 vota
1696 2264 2033 2336 susciperet,
2071 2283 2314 2321 munera

636 2360 692 2410 et
722 2356 1038 2411 orationes
1073 2358 1418 2424 acceptaret.
1452 2354 1530 2408 De
1564 2370 1677 2424 quo
1711 2353 1882 2424 paulo
1914 2360 2044 2426 post
2071 2370 2312 2425 evange-

636 2441 772 2498 lista
795 2443 978 2498 dicit:
1005 2466 1033 2493 ‹‹
1061 2443 1209 2505 Quia
1230 2447 1599 2497 accesserunt
1620 2442 1690 2496 ad
1710 2459 1842 2496 eum
1870 2442 2001 2496 caci
2026 2449 2079 2496 et
2098 2442 2311 2512 claudi,

633 2536 687 2586 et
709 2532 947 2588 curavit
971 2547 1086 2587 eos
1109 2531 1168 2584 in
1201 2530 1416 2601 templo
1449 2530 1675 2600 (Matth.
1705 2531 1840 2600 XXI).
1869 2552 1895 2578 »
1919 2531 2128 2602 Ejectis
2155 2548 2316 2585 nam-

635 2636 748 2691 que
798 2619 1093 2692 indignis
1141 2623 1196 2673 et
1244 2619 1711 2690 profanatoribus
1761 2617 1982 2690 templi,
2035 2635 2212 2674 caecos
2261 2622 2318 2672 et

631 2708 883 2764 claudos
921 2708 989 2763 in
1025 2722 1101 2762 eo
1133 2707 1396 2774 sanavit;
1431 2723 1544 2761 non
1575 2707 1729 2778 quod
1780 2705 1839 2760 in
1883 2706 2091 2778 platea,
2123 2713 2224 2762 aut
2255 2707 2315 2762 in

634 2797 873 2853 civitate
930 2794 1272 2851 curationis
1323 2793 1372 2849 ei
1429 2795 1614 2866 gratia
1667 2794 1983 2864 defuisset;
2016 2795 2117 2851 sed
2163 2800 2318 2850 certa

628 2905 812 2943 causa
845 2883 1140 2959 mystcrii
1187 2901 1304 2938 sum
1336 2883 1568 2938 virtutis
1599 2882 1917 2954 potentiam
1948 2884 2221 2951 exercuit,
2258 2889 2320 2940 ut

631 2977 903 3047 profecto
941 2973 1292 3030 ostenderet
1323 2976 1529 3042 praeter
1557 2970 1862 3026 ecclesiam
1888 2973 2102 3027 nemini
2125 2972 2317 3028 locum

628 3070 834 3136 patere
869 3062 1131 3125 salutis,
1166 3061 1266 3131 [et]
1298 3060 1477 3116 istum
1509 3076 1636 3115 esse
1680 3060 1894 3127 locum,
1925 3060 1984 3115 in
2034 3078 2148 3132 quo
2183 3062 2319 3116 ube-

627 3153 755 3209 rius
790 3154 1015 3209 divina
1050 3149 1338 3205 beneficia
1361 3149 1755 3219 quaerentibus
1784 3149 2094 3204 donantur.
2116 3150 2178 3205 In
2213 3150 2321 3205 hoc

625 3242 1011 3314 publicanus
1048 3240 1323 3311 peccator
1351 3236 1600 3301 advenit,
1625 3237 1984 3308 justiﬁcatus
2017 3239 2204 3294 rediit.
2247 3244 2320 3294 De

625 3304 737 3388 hoc
770 3333 968 3388 etiam
1008 3304 1162 3384 dicit
1192 3327 1361 3382 Liber
1385 3304 1798 3397 apostolorum,
1831 3327 1966 3398 quia
1995 3349 2022 3376 «
2056 3328 2320 3393 Quotidie
2351 3304 2394 3370 C

621 3421 1070 3494 perdurabant
1122 3415 1476 3470 unanimiter
1526 3415 1582 3469 in
1634 3415 1851 3486 templo
1896 3418 2027 3483 (Act.
2061 3417 2145 3487 ιι).
2181 3439 2207 3467 ››
2259 3417 2325 3472 Et

621 3511 805 3582 paulo
829 3513 984 3584 post
1013 3525 1028 3563 :
1063 3528 1093 3556 ‹‹
1118 3505 1322 3560 Petrus
1345 3508 1400 3558 et
1419 3504 1672 3559 Joannes
1694 3505 2082 3559 ascenderunt
2103 3506 2161 3560 in
2185 3510 2326 3560 tem-

618 3599 793 3672 plum
825 3599 908 3655 ad
948 3597 1178 3652 horam
1208 3592 1488 3648 orationis
1518 3608 1729 3647 nonam
1759 3593 1891 3662 (Act.
1926 3596 2031 3662 ιιι).
2057 3615 2084 3643 ››
2112 3594 2191 3649 De
2215 3593 2325 3650 hoc

618 3688 933 3744 Dominus
969 3685 1108 3741 ait:
1144 3704 1172 3731 ‹‹
1208 3681 1329 3736 Duo
1362 3681 1628 3735 homines
1676 3682 2063 3736 ascenderunt
2090 3682 2146 3736 in
2180 3687 2324 3738 tem~

615 3777 820 3851 plum,
882 3778 961 3830 ut
1016 3775 1266 3827 orarent
1315 3771 1464 3841 (Luc.
1515 3774 1691 3835 xvm).
1729 3792 1757 3819 »
1812 3770 1983 3826 Porro
2033 3771 2322 3841 inﬁrmus,

615 3885 805 3939 quem
843 3866 1168 3921 diuturno
1199 3859 1476 3931 languore
1500 3859 1892 3914 tabescentem
1928 3860 2209 3916 Dominus
2239 3877 2329 3916 sa-

613 3961 876 4013 navemt
931 3967 1138 4024 super
1193 3948 1549 4020 pro-baticam
1600 3947 1905 4019 piscinam,
1952 3965 2072 4004 suae
2120 3949 2328 4006 salutis

611 4052 945 4101 auctorem
1015 4054 1404 4110 nequaquam
1453 4053 1766 4109 agnoscere
1815 4038 2000 4109 potuit
2048 4039 2105 4092 in
2157 4040 2330 4095 turba

611 4136 980 4197 sedentem,
1023 4130 1221 4183 donec
1252 4141 1385 4180 eum
1416 4124 1586 4179 Jesus
1617 4125 1837 4179 invenit
1868 4125 1925 4179 in
1957 4126 2193 4198 templo,
2226 4127 2329 4182 ibi-

608 4241 728 4296 que
765 4240 836 4278 se
890 4214 1262 4288 recognosci
1297 4213 1498 4280 voluit,
1532 4218 1728 4285 aperte
1764 4214 1996 4281 docens,
2032 4221 2094 4269 ut
2124 4215 2171 4270 si
2202 4231 2329 4288 gra-

608 4313 760 4367 tiam
796 4304 1178 4365 Conditoris
1219 4301 1399 4356 nostri
1435 4317 1782 4372 cognoscere
1811 4306 1867 4356 et
1897 4302 1966 4356 ad
2002 4303 2127 4373 ejus
2155 4304 2328 4359 visio-

601 4419 748 4457 nem
788 4397 1254 4455 desideramus
1279 4389 1594 4462 pervenire,
1619 4389 2026 4460 confugiamus
2048 4391 2230 4446 devoti
2256 4393 2328 4448 ad

602 4488 936 4562 templum
979 4481 1126 4546 Dei,
1153 4479 1249 4535 ubi
1275 4477 1356 4532 illi
1379 4479 1448 4533 de
1473 4477 1758 4550 perceptis
1790 4478 2086 4534 beneficiis
2115 4479 2332 4552 gratias

598 4596 815 4653 agere,
857 4582 930 4632 et
967 4573 1058 4628 de
1108 4567 1498 4641 percipiendis
1536 4583 1768 4621 exorare
1799 4571 2156 4638 satagamus,
2193 4586 2332 4626 nos-

2419 2001 2737 2052 conventus
2760 1997 3016 2053 fidelium
3040 2018 3052 2066 ;
3080 1999 3155 2054 ibi
3181 2005 3372 2072 grates
3393 2017 3494 2072 pro
3517 2000 3740 2073 largitis
3762 2001 4061 2058 beneflciis

2419 2100 2452 2136 a
2483 2085 2752 2140 fidelibus
2795 2087 3038 2158 accipit;
3073 2088 3320 2160 hymnos
3361 2095 3417 2143 et
3447 2089 3669 2146 cantica
3716 2090 4060 2161 spiritualia,

2418 2178 2476 2226 et
2505 2173 2718 2229 devotae
2750 2174 2940 2229 laudis
2973 2177 3255 2232 sacrificia
3277 2178 3539 2249 suscipit,
3565 2184 3621 2233 et
3647 2183 3848 2234 sancta
3867 2195 4064 2252 corpo-

2421 2263 2500 2315 ris
2527 2263 2617 2316 sui
2641 2268 2697 2317 et
2715 2265 3017 2336 sanguinis
3041 2265 3129 2319 sui
3150 2267 3498 2320 commercia
3525 2267 3748 2323 tribuit.
3767 2267 4062 2324 Postremo

2422 2351 2608 2405 Lucas
2639 2353 2707 2406 ad
2759 2353 3144 2425 Theophilum
3189 2355 3468 2419 scribens,
3504 2355 3582 2410 ait
3613 2355 3750 2427 quia
3782 2356 4062 2411 Dominus

2421 2436 2589 2492 Jesus
2630 2462 2656 2488 «
2689 2444 2820 2511 post
2869 2440 3200 2510 passionem
3233 2458 3421 2504 suam,
3470 2441 3772 2514 discipulis
3799 2443 4059 2515 seipsum

2423 2527 2618 2581 vivum
2653 2528 2896 2599 praebuit
2926 2529 2986 2584 in
3017 2529 3217 2584 multis
3248 2531 3626 2602 argumentis,
3650 2548 3752 2603 per
3774 2531 3898 2587 dies
3925 2548 4065 2604 qua-

2424 2615 2691 2688 draginta
2721 2633 3006 2688 apparens
3032 2618 3114 2673 eis
3145 2623 3200 2673 et
3229 2617 3474 2690 loquens
3501 2619 3569 2674 de
3599 2636 3776 2693 regno
3801 2621 3899 2676 Dei
3925 2621 4062 2690 (Act.

2425 2709 2568 2774 xm).
2604 2727 2629 2753 ››
2664 2705 2808 2770 Quid
2856 2711 2945 2760 est
2985 2705 3144 2777 loqui
3191 2708 3262 2762 de
3310 2724 3486 2780 regno
3515 2709 3632 2778 Dei,
3667 2709 3779 2764 nisi
3810 2709 3880 2764 de
3910 2713 4066 2764 statu

2426 2792 2710 2861 Ecclesia,
2745 2811 2871 2865 qua
2902 2811 3144 2866 regnum
3178 2796 3391 2850 dicitur
3427 2798 3544 2864 Dei,
3579 2797 3892 2852 ordinare?

2500 2882 2684 2953 Igitur
2704 2883 2854 2954 quod
2880 2884 3171 2955 congestis
3193 2883 3484 2955 lapidibus
3502 2887 3742 2941 domum
3765 2887 4069 2958 Dei,quam

2428 2987 2535 3026 nos
2589 2970 2888 3026 ecclesiam
2941 2971 3342 3039 nominamus,
3401 2973 3763 3044 fabricatam,
3808 2975 4072 3047 nihilque

2429 3065 2695 3114 sanctum
2729 3077 2796 3115 ex
2825 3077 2890 3116 ea
2911 3059 3139 3132 lapidea
3161 3061 3404 3116 materia
3425 3062 3652 3118 trahere
3673 3062 3732 3118 in
3759 3080 3821 3120 se
3843 3069 4076 3120 conten-

2430 3148 2587 3214 ditis,
2620 3153 2676 3202 et
2724 3149 2850 3204 ideo
2897 3149 3042 3208 nihil
3094 3149 3360 3217 dill‘erre;
3394 3149 3535 3220 quin
3582 3150 3640 3204 in
3673 3150 3986 3207 domiciliis
4016 3154 4074 3207 et

2431 3237 2671 3310 privatis
2696 3237 3100 3294 mansionibus
3123 3239 3328 3294 vestris
3345 3237 3633 3294 orationes
3653 3238 3812 3294 facta:
3839 3242 4070 3294 tantum

2431 3325 2660 3381 valeant
2689 3330 2971 3398 quantum
3006 3331 3062 3382 et
3093 3327 3148 3381 in
3172 3326 3386 3398 templo
3408 3331 3608 3382 sancto
3635 3326 3766 3393 Dei;
3791 3327 4071 3383 adversus

2432 3413 2552 3469 hazc
2584 3414 2949 3470 considerare
2997 3419 3221 3486 oportet
3267 3432 3371 3470 cur
3414 3415 3692 3471 Dominus
3721 3419 3880 3470 tanto
3909 3413 4071 3470 cultu

2431 3503 2871 3558 tabernaculum
2897 3503 3126 3558 fmderis
3148 3504 3257 3559 sibi
3281 3521 3382 3576 per
3403 3505 3635 3576 Moysen
3651 3503 3830 3575 jussit
3854 3503 3996 3570 fieri,
4012 3503 4072 3558 in

2434 3609 2567 3664 quo,
2602 3592 2948 3665 posthabitis
2978 3594 3199 3649 caeteris
3248 3593 3521 3648 omnibus
3569 3593 3730 3661 locis,
3763 3590 4075 3665 specialius

2433 3682 2618 3752 gloria
2646 3683 2773 3754 ejus
2805 3687 3172 3754 apparuerat.
3193 3682 3389 3753 ibique
3414 3681 3788 3754 singulariter
3811 3681 3870 3736 in
3902 3680 4075 3736 rebus

2435 3771 2630 3826 dubiis
2661 3769 3226 3842 consultus,judicia
3246 3775 3301 3825 et
3330 3770 3516 3842 legem
3551 3769 3689 3826 filiis
3718 3769 3891 3825 Israel
3913 3785 4078 3841 expo-

2435 3865 2649 3916 suerat.
2675 3859 2837 3915 Unde
2859 3864 2916 3914 et
2936 3858 3243 3931 Apostolus
3269 3859 3338 3913 ad
3366 3858 3694 3914 Corinthios
3718 3859 3796 3912 ait
3825 3874 3836 3912 :
3863 3881 3889 3908 ‹‹
3915 3858 4074 3912 Nun-

2435 3950 2574 4022 quid
2600 3965 2711 4004 non
2734 3948 2962 4004 habetis
2981 3948 3185 4003 domos
3208 3948 3276 4002 ad
3298 3947 3769 4001 manducandum
3797 3950 3852 4001 et
3871 3945 4074 4000 biben-

2436 4041 2598 4107 dum,
2633 4043 2732 4092 aut
2762 4037 3060 4093 ecclesiam
3104 4037 3197 4091 Dei
3233 4033 3648 4091 contemnitis?
3680 4054 3707 4080 »
3737 4033 3786 4099 (1
3816 4032 3938 4087 Cor.
3970 4033 4072 4104 χι.)

2435 4130 2504 4184 Et
2551 4124 2721 4199 paulo
2754 4131 2885 4198 post
2919 4143 2929 4180 :
2964 4149 2991 4175 «
3029 4126 3244 4197 Itaque,
3281 4125 3482 4179 fratres
3525 4122 3658 4189 mei,
3693 4120 3902 4192 inquit,
3937 4137 4071 4177 cum

2436 4215 2756 4271 convenitis
2789 4215 2859 4268 ad
2892 4214 3385 4279 manducandum,
3420 4212 3662 4266 invicem
3709 4213 4069 4282 exspectate;

2438 4305 2485 4359 si
2519 4304 2649 4375 quis
2680 4307 2872 4357 autem
2905 4303 3107 4370 esurit,
3129 4303 3282 4357 domi
3313 4301 3640 4367 manducet,
3660 4303 3727 4354 ut
3755 4315 3868 4354 non
3902 4298 4074 4369 inju-

2438 4391 2656 4448 dicium
2715 4391 3069 4447 conveniatis
3127 4391 3332 4463 (Ibid.).
3379 4411 3404 4440 η
3469 4390 3824 4444 Monstrante
3881 4386 4077 4458 itaque

2439 4480 2634 4548 Paulo,
2670 4484 2973 4552 propterea
3001 4481 3378 4536 convenimus
3408 4480 3478 4535 ad
3511 4477 3813 4535 ecclesiam
3856 4481 3923 4531 ut
3951 4493 4077 4532 ore-

2440 4587 2572 4625 mus
2600 4574 2655 4624 et
2684 4569 3107 4624 manducemus
3138 4585 3361 4624 omnem
3394 4567 3644 4624 Domini.
3676 4565 3798 4622 Duo
3829 4563 4078 4620 audistis

599 4651 725 4740 que
761 4670 959 4738 ipsos
990 4655 1303 4729 templum
1351 4655 1471 4722 Dei,
1505 4655 1561 4708 in
1615 4671 1730 4726 quo
1762 4655 2214 4711 misericorditer
2239 4674 2332 4712 ve-
2365 4666 2410 4730 Ι)
2442 4675 2545 4714 cur
2573 4657 2874 4713 conveniat
2896 4657 3146 4730 populus
3169 4657 3240 4712 ad
3264 4655 3567 4713 ecclesiam
3593 4673 3608 4724 ;
3637 4671 3822 4710 unum
3843 4669 3910 4709 ex
3934 4651 4082 4707 anti-

594 4758 761 4825 nire,
801 4758 870 4811 et
908 4745 1318 4807 mansionem
1350 4743 1535 4799 facere
1566 4743 1853 4815 dignetur,
1883 4759 2204 4815 praeparare
2232 4762 2331 4801 cu-

594 4861 850 4902 remus.

670 4935 824 4991 Haec
861 4940 1147 4997 semper
1169 4920 1473 4978 familiaris
1499 4921 1682 4976 fuerat
1704 4921 2060 4976 consuetudo
2082 4921 2333 4989 Domini,

590 5029 664 5080 ut
717 5024 788 5077 in
826 5027 1303 5092 quamcunque
1335 5009 1627 5065 civitatem
1663 5009 1981 5077 introisset,
2017 5009 2218 5065 statim
2249 5011 2335 5065 di-

587 5109 884 5171 verteret
945 5106 1022 5160 in
1075 5098 1390 5172 templum.
1424 5098 1586 5154 Unde
1634 5098 1887 5153 Joannes
1935 5097 2332 5170 evangelista:

593 5226 621 5251 ‹‹
659 5194 977 5258 Perrexit
1014 5191 1055 5246 J
1063 5204 1210 5243 esus
1239 5187 1299 5242 in
1332 5190 1591 5242 montem
1621 5185 1841 5252 Oliveti,
1867 5189 1922 5240 et
1952 5185 2208 5242 diluculo
2238 5187 2339 5243 ite-

583 5309 733 5349 rum
771 5283 974 5345 venit
1013 5279 1091 5334 in
1126 5273 1410 5346 templum
1446 5276 1618 5347 (Joan.
1642 5277 1787 5343 vm).
1812 5296 1839 5325 ››
1868 5275 1936 5329 Et
1963 5275 2147 5331 Lucas
2169 5291 2337 5331 evan-

580 5381 828 5455 gelista
857 5392 874 5430 ;
915 5395 950 5423 ‹‹
997 5364 1267 5425 Intravit
1294 5365 1465 5420 Jesus
1497 5364 1817 5418 secundum
1853 5363 2333 5419 consuetudinem

576 5451 643 5528 ἷη
707 5469 1179 5542 synagogam,
1213 5457 1270 5508 et
1316 5452 1567 5542 surrexit
1599 5451 1804 5542 legere
1853 5453 1998 5542 (Lac.
2034 5454 2130 5522 ιν).
2167 5473 2194 5500 ››
2226 5451 2332 5507 Ubi

577 5538 780 5614 audis
807 5557 1261 5626 synagogam,
1287 5540 1571 5614 templum
1596 5538 1872 5610 intellige,
1894 5539 1993 5594 ubi
2017 5543 2333 5595 conventus

569 5647 991 5708 Judaeorum
1057 5632 1216 5687 erat.
1263 5630 1386 5684 Haec
1433 5643 1662 5698 semper
1709 5627 1952 5683 Domino
2000 5627 2334 5700 gratissima

567 5739 768 5827 8edes
808 5725 1083 5792 fuerat,
1126 5716 1270 5772 adeo
1317 5722 1381 5773 ut
1428 5718 1486 5774 in
1536 5730 1664 5773 eam
1717 5731 1948 5791 semper
1976 5715 2329 5792 ingrediens,

2444 4764 2559 4819 qua
2581 4747 2910 4814 traditione,
2934 4750 2998 4800 ut
3011 4745 3234 4816 judicia
3259 4762 3452 4801 rerum
3478 4748 3536 4800 et
3565 4743 3923 4816 cognitiones
3943 4739 4085 4796 acci-

2444 4837 2601 4910 piat;
2637 4834 2882 4890 alterum
2923 4851 2992 4890 ex
3037 4834 3192 4890 Novo
3237 4835 3631 4904 Testamento,
3664 4837 3728 4887 ut
3771 4831 4085 4887 manducet

2445 4941 2655 4996 corpus
2685 4923 2914 4978 Christi.
2949 4922 3200 4994 Utraque
3247 4922 3402 4977 enim
3453 4923 3771 4992 quaerimus
3803 4920 3872 4975 ad
3903 4917 4084 4974 eccle-

2446 5014 2612 5081 siam,
2631 5013 2875 5068 scilicet:
2897 5012 3033 5066 utin
3053 5028 3118 5067 ea
3138 5010 3888 5081 audiamusjudicianostra
3909 5006 4082 5076 mala,

2446 5103 2564 5158 sive
2591 5103 2762 5165 bona,
2797 5104 2854 5156 et
2901 5099 3288 5173 cognitionem
3327 5098 3447 5167 Dei,
3479 5102 3536 5152 et
3565 5103 3631 5152 ut
3661 5097 4084 5152 manducemus

2445 5206 2655 5263 corpus
2693 5188 2927 5244 Christi.
2961 5188 3106 5254 Quia
3146 5204 3279 5244 vero
3310 5186 3549 5259 quidam
3580 5185 3685 5240 viri
3718 5200 3944 5240 comam
3977 5200 4085 5238 nu-

2444 5279 2716 5346 triebant,
2762 5281 2818 5332 et
2849 5276 3121 5332 mulieres
3148 5277 3364 5332 nudato
3396 5274 3580 5346 capite
3609 5272 3996 5346 procedebant
4025 5271 4086 5326 in

2444 5366 2768 5432 ecclesiam,
2801 5364 3115 5437 gloriantes
3149 5366 3205 5420 in
3239 5364 3520 5432 crinibus,
3557 5362 3712 5434 quod
3745 5378 3858 5416 non
3891 5357 4087 5414 solum

2445 5455 2815 5510 inhonestum
2839 5459 2981 5520 erat,
3001 5455 3101 5510 sed
3127 5455 3297 5508 etiam
3325 5451 3808 5524 concupiscentiae
3831 5448 4089 5502 fomenta

2444 5543 2774 5614 praestabat,
2799 5543 2869 5597 ab
2902 5542 3008 5598 hac
3037 5541 3456 5599 consuetudine
3485 5537 3795 5611 Apostolus
3815 5550 3910 5590 eos
3931 5547 4092 5586 com-

2444 5646 2706 5704 pescens,
2740 5629 2970 5685 dicebat
2993 5648 3006 5686 :
3032 5654 3058 5680 ‹‹
3085 5631 3254 5686 Decet
3276 5627 3577 5684 mulierem
3610 5642 3724 5680 non
3754 5621 3993 5677 velatam
4015 5615 4084 5671 in

2443 5719 2688 5777 ecclesia
2717 5733 2879 5775 orare
2919 5719 3140 5792 Deum;
3175 5733 3276 5775 nec
3324 5716 3449 5794 ipsa
3495 5717 3704 5770 natura
3749 5707 3909 5766 docet
3948 5713 4076 5771 νοεο
