4986 6628
675 23 4040 285 Μ

893 661 1047 725 £987

1851 660 2194 722 GERARDI
2239 659 2263 720 Ι
2306 657 2896 726 CAMEBACENSIS
2943 666 3315 731 EPISCOPI.

4140 678 4290 739 £288

889 795 1041 868 quod
1075 795 1163 850 vir
1193 793 1430 868 quidem
1481 793 1531 848 si
1563 809 1788 850 comam
1825 792 2059 861 nutriat,
2093 791 2415 865 ignominia
2442 797 2531 846 est
2556 792 2611 859 Α
2640 794 2817 852 altare
2845 799 3108 869 Domino,
3127 806 3183 858 et
3206 803 3416 861 tollens
3435 804 3507 861 de
3537 805 3844 878 pecoribus
3868 811 3928 864 et
3951 807 4288 868 volucribus

889 883 974 939 illi
1007 901 1020 938 :
1056 883 1269 939 mulier
1316 899 1448 938 vero
1480 882 1531 938 si
1579 898 1804 937 comam
1850 879 2305 952 nutriat,'gloria
2327 883 2416 934 est
2446 877 2528 934 illi

891 973 1098 1045 (lbid.).
1159 995 1190 1024 »
1247 972 1504 1044 Denique
1562 972 1792 1028 beatum
1852 969 2148 1026 Urbanum
2216 974 2529 1040 martyrem

891 1062 965 1135 (si
997 1079 1129 1119 vere
1176 1067 1460 1135 martyres
1504 1061 1740 1117 creditis
1787 1060 1994 1116 debere
2040 1058 2280 1130 imitari)
2329 1059 2529 1114 audire

889 1169 992 1209 vos
1020 1155 1266 1225 oportet,
1299 1151 1398 1224 qui
1426 1151 1667 1205 domum
1697 1152 1908 1206 sanctae
1935 1147 2169 1204 Caeciliae
2202 1152 2413 1202 sanctae
2441 1165 2528 1204 ec-

889 1241 1078 1300 clesia
1109 1241 1328 1298 nomini
1377 1239 1604 1296 dicavit.
1639 1239 1798 1296 Unde
1845 1239 2044 1294 doctor
2091 1238 2360 1310 egregius
2410 1239 2525 1292 Au-

886 1333 1178 1404 gustinus,
1213 1332 1272 1387 in
1303 1330 1526 1404 psalmo
1559 1347 1701 1385 Lxxx
1725 1347 1738 1385 :
1766 1352 1793 1378 «
1829 1328 1957 1384 Hzec
1989 1345 2114 1400 quae
2145 1331 2528 1384 exstruuntur

885 1422 955 1478 ad
988 1426 1218 1494 tempus
1266 1423 1335 1476 ad
1369 1419 1699 1493 recipienda
1738 1435 1980 1490 corpora
2022 1416 2108 1471 vel
2140 1416 2400 1470 vivorum
2435 1415 2522 1470 vel

881 1517 1246 1570 mortuorum
1299 1509 1628 1568 necessaria
1673 1513 1834 1575 sunt,
1867 1507 1968 1564 sed
2015 1511 2274 1578 tempore
2323 1510 2522 1578 praete-

877 1607 1067 1658 reunt.
1099 1601 1376 1674 Nunquid
1399 1604 1531 1674 post
1555 1598 1850 1670 judicium
1883 1597 1982 1652 Dei
2012 1597 2156 1652 istas
2187 1595 2436 1650 fabricas
2461 1593 2520 1650 in

877 1690 1088 1751 calum
1136 1688 1503 1747 levabimus?
1533 1688 1667 1743 Sine
1715 1687 1807 1742 his
1855 1690 2050 1742 tamen
2084 1685 2194 1740 hoc
2237 1689 2516 1757 tempore,

875 1795 1004 1852 quas
1037 1779 1108 1836 ad
1141 1776 1588 1852 possidendumf
1603 1775 1812 1832 ccelum
1843 1774 2152 1848 pertinent,
2185 1790 2354 1847 agere
2402 1791 2516 1830 non

877 1869 1220 1940 poterimus.
1254 1889 1283 1917 ››
1314 1868 1485 1922 Porro
1517 1866 1642 1938 ipsa
1668 1865 1882 1921 domus
1913 1863 2126 1921 idcirco
2170 1863 2515 1919 vocabulum

877 1956 1053 2013 habet
1078 1955 1354 2021 ccclesim,
1385 1955 1524 2028 quia
1552 1955 1810 2010 continet
1839 1953 2170 2020 Ecclesiam,
2205 1952 2260 2006 id
2297 1958 2386 2009 est
2417 1971 2514 2025 po-

874 2045 1079 2117 pulum
1109 2051 1488 2104 convocatum
1519 2044 1593 2098 ab
1639 2061 1726 2110 eo,
1760 2042 1860 2114 qui
1891 2042 2027 2098 facit
2068 2042 2375 2098 unanimes
2408 2043 2515 2098 ha-

2641 886 2897 953 mundis,
2923 889 3132 945 obtulit
3159 891 3498 949 holocausta
3527 911 3705 968 super
3731 898 4292 973 eum,odoratusque
4337 904 4341 908 ’

2637 978 2727 1028 est
2756 974 3040 1034 Dominus
3065 979 3302 1037 odorem
3324 983 3630 1040 suavitatis
3658 985 3869 1056 (Germ.
3889 986 4041 1059 vui).
4072 1010 4102 1036 η
4125 988 4296 1045 Simi-

2636 1060 2768 1117 liter
2787 1067 2844 1118 et
2867 1065 3181 1134 Abraham,
3207 1069 3364 1125 Isaac
3386 1075 3442 1126 et
3461 1071 3661 1128 Jacob.
3685 1074 3792 1138 Qui
3813 1073 4000 1131 Jacob
4021 1091 4298 1149 egressus

2635 1150 2706 1205 de
2739 1151 3038 1221 Bersabee,
3067 1156 3209 1212 vidit
3235 1158 3452 1215 scalam
3485 1177 3518 1216 a
3541 1164 3694 1218 terra
3717 1162 3896 1220 cmlos
3925 1181 4121 1237 usque
4149 1167 4293 1223 emi-

2635 1245 2890 1309 nentem,
2922 1260 3025 1314 per
3053 1261 3232 1317 quam
3263 1249 3502 1321 angelos
3533 1249 3633 1305 Dei
3667 1252 4055 1308 ascendentes
4087 1257 4148 1309 et
4165 1254 4298 1310 des-

2634 1331 2964 1397 cendentes,
2989 1333 3181 1405 ipsum
3225 1337 3401 1393 etiam
3434 1339 3744 1396 Dominum
3777 1338 4122 1413 loquentem
4154 1343 4292 1411 sibi,

2631 1420 2794 1476 vidit.
2819 1421 2923 1486 Qui
2951 1438 3120 1479 mane
3142 1440 3459 1498 exsurgens
3481 1443 3494 1482 :
3525 1447 3548 1476 ·
3570 1427 3740 1495 Vere,
3763 1427 3976 1502 inquit,
3998 1430 4296 1488 Dominus

2631 1513 2720 1564 est
2737 1509 2794 1564 in
2819 1509 2941 1566 loco
2966 1511 3100 1580 isto,
3120 1518 3176 1568 et
3197 1531 3302 1585 ego
3324 1516 3674 1573 nesciebam.
3701 1517 4068 1590 Pavensque,
4101 1519 4292 1584 Quam

2630 1598 2906 1654 terribilis
2937 1605 3044 1665 est,
3095 1601 3306 1674 inquit,
3341 1603 3502 1660 locus
3549 1605 3697 1661 iste!
3732 1621 3847 1662 non
3879 1605 3974 1662 hic
3999 1611 4095 1664 est
4125 1608 4291 1666 aliud

2629 1689 2740 1744 nisi
2773 1689 2983 1746 domus
3016 1689 3114 1745 Dei
3147 1695 3202 1746 et
3233 1696 3400 1763 porta
3444 1693 3594 1750 cmli.
3629 1694 3890 1768 Surgeus
3937 1711 4082 1769 ergo
4114 1714 4294 1756 mane

2627 1777 2760 1833 tulit
2784 1777 3057 1850 lapidem,
3079 1795 3250 1852 quem
3269 1787 3658 1854 supposuerat
3676 1782 3856 1855 lapidi
3876 1801 4008 1849 suo,
4023 1790 4084 1842 et
4105 1789 4297 1845 erexit

2626 1865 2684 1921 in
2709 1866 2970 1934 ti‘ulum,
2988 1867 3352 1940 fundensque
3373 1869 3564 1927 oleum
3587 1871 3838 1944 desuper
3858 1873 4016 1929 vovit
4037 1876 4296 1934 Domino

2627 1956 2841 2026 (Ibid).,
2869 1957 3083 2026 xxvm).
3113 1980 3141 2005 »
3170 1957 3369 2029 Ibique
3401 1959 3658 2016 decimas
3687 1963 3746 2016 et
3768 1959 3998 2018 hostias
4025 1961 4294 2034 obtulit;

2625 2045 2693 2098 ad
2728 2045 2898 2114 cujus
2933 2045 3116 2100 instar
3143 2045 3333 2101 adhuc
3364 2047 3421 2102 in
3455 2052 3658 2102 sancta
3685 2047 3934 2104 ecclesia
3959 2049 4090 2106 oleo
4115 2067 4298 2109 sacro

872 2138 1056 2194 bitare'
1084 2137 1142 2192 in
1175 2137 1369 2192 domo.
1391 2137 1533 2226 Quae
1550 2133 1676 2188 ideo
1699 2132 2097 2226 sanctiﬁcatur
2125 2132 2196 2186 ab
2223 2133 2510 2226 episcopo,
2545 2159 2590 2226 Β
2623 2133 2827 2226 altaria
2859 2139 3282 2226 perunguntur.
3315 2135 3394 2189 De
3421 2135 3529 2190 hoc
3561 2135 3846 2192 Dominus
3874 2136 3934 2192 iu
3967 2137 4296 2213 Eh'angelio

872 2232 937 2284 ut
960 2227 1020 2282 in
1049 2243 1119 2284 ea
1145 2224 1286 2280 velit
1309 2240 1437 2280 esse
1469 2222 1751 2277 adventus
1777 2219 2136 2292 angelorum,
2164 2225 2221 2276 et
2246 2220 2510 2277 homines
2545 2219 2584 2226 ⁷
2619 2221 2760 2276 dicit
2792 2239 2804 2276 :
2840 2245 2866 2270 ‹‹
2901 2222 2958 2276 Si
2992 2222 3162 2276 oll'ers
3196 2239 3412 2278 munus
3441 2227 3608 2278 tuum
3639 2225 3712 2280 ad
3746 2224 3952 2298 altare,
3983 2231 4047 2283 et
4077 2228 4164 2285 ibi
4196 2246 4291 2287 re.

873 2317 932 2372 in
962 2332 1092 2373 eam
1118 2315 1480 2370 introeuntes
1508 2311 1577 2366 ab
1600 2309 1757 2364 omni
1781 2308 2156 2381 turpiloquio,
2176 2314 2232 2363 et
2254 2309 2510 2364 scurrili-

871 2408 1010 2474 tate,
1041 2408 1099 2460 et
1130 2401 1318 2458 inutili
1353 2399 1698 2473 cogitatione
1729 2397 1922 2453 norint
1947 2413 2008 2454 se
2041 2397 2356 2454 continere.
2389 2401 2510 2454 Au-

869 2495 1033 2550 diant
1061 2492 1160 2566 qui
1193 2491 1413 2546 intrant
1458 2487 1762 2545 ecclesiam
1795 2487 1949 2558 quod
1997 2487 2220 2541 audivit
2260 2488 2504 2560 Moyses,

865 2583 1098 2656 quando
1113 2580 1295 2636 voluit
1314 2579 1498 2634 visere
1519 2577 1731 2632 rubum
1756 2575 2049 2631 ardentem
2073 2593 2087 2643 ;
2106 2580 2162 2632 et
2187 2577 2502 2650 Dominus}:

863 2673 944 2728 Ne
987 2670 1316 2744 appropies,
1347 2667 1558 2740 inquit,
1591 2665 1726 2732 huc,
1760 2663 1916 2720 solve
1943 2663 2401 2722 calceamentum
2433 2669 2506 2723 de

862 2761 1108 2833 pedibus
1137 2757 1295 2826 tuis;
1325 2757 1488 2812 locus
1518 2754 1675 2810 enim
1704 2753 1763 2808 in
1794 2769 1910 2824 quo
1939 2756 2080 2822 stas,
2114 2758 2269 2810 terra
2304 2761 2506 2812 sancta

861 2853 949 2906 est
977 2847 1170 2923 (Exod.
1203 2845 1309 2916 ιιι).
1345 2867 1372 2894 η
1404 2845 1472 2899 Et
1512 2841 1756 2915 angelus
1786 2841 1855 2895 ad
1885 2840 2061 2896 Josue
2094 2859 2106 2896 :
2137 2865 2164 2890 «
2199 2842 2382 2910 Solve,
2417 2845 2500 2900 in-

861 2937 1012 3010 quit,
1043 2935 1500 2992 calcea‘mentum
1531 2931 1602 2985 de
1632 2928 1915 3001 pedibus;
1939 2927 2100 2984 locus
2121 2931 2274 2986 enim
2307 2932 2365 2988 in
2387 2949 2502 3006 quo

861 3029 985 3082 stas
1012 3028 1170 3080 terra
1198 3027 1399 3079 sancta
1439 3023 1528 3075 est
1572 3019 1699 3087 (los.
1733 3017 1806 3088 v).
1846 3039 1874 3065 ››
1909 3018 1973 3072 Et
2018 3019 2328 3090 Apostolus
2376 3022 2497 3079 ait:

861 3137 892 3165 ‹‹
922 3112 1230 3186 Templum
1261 3109 1413 3166 enim
1457 3107 1558 3163 Dei
1605 3110 1870 3162 sanctum
1903 3110 2009 3175 est,
2041 3107 2196 3178 quod
2228 3109 2368 3166 estis
2397 3127 2499 3166 vos

860 3204 910 3276 (Ι
938 3203 1060 3259 Cor.
1114 3203 1220 3269 HI).
1256 3220 1284 3249 ››
1318 3198 1603 3254 latrantes
1651 3195 1828 3268 igitur
1874 3195 2113 3251 domum
2162 3195 2284 3263 Dei,
2315 3199 2498 3256 eccle-

857 3291 1031 3362 siam,
1050 3289 1149 3347 ubi
1179 3287 1461 3346 Dominus
1481 3289 1540 3341 et
1567 3283 1757 3356 angeli
1789 3284 1918 3355 ejus
1949 3289 2105 3356 sunt,
2140 3291 2363 3358 oportet
2391 3306 2496 3345 nos

853 3396 1062 3438 exuere
1091 3382 1331 3435 mortua;
1361 3373 1605 3432 actionis
1625 3371 2053 3441 calceamentis,
2073 3379 2130 3428 et
2149 3376 2403 3448 cogitare
2425 3377 2496 3432 dc

851 3468 1285 3528 conversatione
1305 3463 1664 3538 angelorum,
1682 3466 1741 3517 et
1759 3461 1830 3517 de
1845 3462 2152 3534 praesentia
2173 3465 2494 3536 maiestatis

2618 2311 2890 2364 cordatus
2922 2309 3100 2365 fueris
3133 2311 3286 2382 quod
3319 2311 3496 2367 frater
3525 2316 3665 2368 tuus
3695 2312 3875 2369 habet
3913 2314 4150 2388 aliquid
4181 2319 4290 2374 ad-

2617 2414 2850 2453 versum
2884 2402 2958 2463 te,
3010 2397 3272 2471 relinque
3304 2399 3383 2454 ibi
3418 2417 3636 2456 munus
3669 2405 3840 2458 tuum
3873 2403 4098 2474 (Matth.
4132 2409 4217 2475 v).
4255 2431 4286 2456 ι.

2617 2489 2683 2543 Et
2713 2487 2850 2542 alibi
2878 2504 2890 2541 :
2917 2511 2944 2536 «
2970 2488 3139 2555 Quid,
3165 2487 3378 2560 inquit,
3402 2490 3598 2560 majus
3619 2494 3708 2546 est
3729 2491 3976 2558 donum,
3997 2510 4074 2550 an
4094 2494 4288 2552 altare

2615 2577 2768 2648 quod
2819 2576 3146 2632 sanctificat
3194 2577 3462 2632 donum?
3493 2599 3520 2627 ››
3551 2579 3757 2648 (Ibid.,
3791 2584 3986 2649 χχιιι.)
4035 2583 4122 2639 De
4173 2583 4286 2641 hoc

2616 2667 2802 2721 Lucas
2827 2665 2905 2721 ait
2931 2683 2944 2721 :
2975 2689 3002 2715 ‹‹
3037 2665 3183 2731 Quia
3211 2666 3350 2722 dum
3380 2666 3688 2723 Zacharias
3710 2670 4042 2730 sacerdotio
4075 2673 4287 2747 funge-

2613 2759 2774 2810 retur
2793 2755 2848 2809 in
2873 2753 3108 2826 templo,
3132 2754 3372 2826 angelus
3395 2756 3622 2812 Domini
3645 2759 3919 2830 apparuit
3941 2759 4018 2828 ei,
4039 2766 4216 2818 stans
4249 2779 4285 2818 ι

2611 2844 2828 2899 dextris
2855 2841 3056 2900 altaris
3083 2843 3303 2899 incensi
3327 2845 3476 2913 (Luc.
3505 2849 3566 2912 ι).
3586 2866 3614 2895 η
3644 2846 3712 2902 Et
3740 2846 4002 2905 Joannes
4033 2849 4097 2906 in
4128 2853 4286 2924 Apo-

2610 2931 2826 3004 calypsi
2860 2949 2873 2987 :
2908 2954 2936 2982 ‹‹
2968 2931 3120 2999 Vidi,
3155 2931 3365 3004 inquit,
3399 2933 3512 2988 sub
3551 2932 3731 2990 altare
3777 2934 3879 2991 Dei
3911 2937 4155 2996 animas
4185 2941 4283 2996 iu-

2611 3022 2978 3076 tcrfectorum
3012 3021 3193 3092 (Apoc.
3226 3025 3324 3089 vr).
3350 3043 3378 3070 »
3402 3022 3469 3077 Et
3499 3021 3710 3078 iterum
3735 3040 3749 3080 :
3776 3046 3804 3074 «
3827 3023 4000 3082 Alius
4019 3027 4283 3100 angelus

2608 3111 2784 3178 venit,
2816 3114 2874 3165 et
2904 3109 3062 3164 stetit
3091 3114 3225 3165 ante
3255 3109 3459 3178 altare,
3499 3111 3723 3169 habens
3753 3113 4134 3171 thuribulum
4167 3134 4286 3174 au-

2607 3217 2796 3265 reum,
2839 3203 2896 3255 et
2942 3198 3077 3253 data
3126 3203 3266 3253 sunt
3305 3197 3355 3254 ei
3386 3197 3626 3255 incensa
3655 3199 3862 3268 multa,
3896 3206 3966 3256 ut
3993 3201 4172 3260 daret
4204 3207 4288 3263 de

2605 3287 2968 3345 orationibus
2999 3291 3336 3343 sanctorum
3366 3304 3543 3360 super
3569 3287 3752 3344 altare
3780 3290 3938 3361 quod
3969 3297 4104 3347 erat
4135 3299 4288 3351 ante

2603 3377 2878 3434 thronum
2931 3377 3128 3449 (Ibid.,
3159 3377 3305 3446 vni).
3342 3398 3370 3424 ››
3402 3377 3467 3431 Et
3513 3376 3688 3448 paulo
3730 3382 3902 3450 post:
3941 3399 3964 3428 ι
3999 3381 4284 3454 Accepit,

2605 3467 2812 3540 inquit,
2847 3463 3091 3536 angelus
3139 3464 3530 3534 thuribulum,
3573 3470 3632 3522 et
3677 3465 3942 3540 implevit
3987 3467 4145 3524 illud
4201 3471 4287 3527 de

849 3525 1052 3628 Diei,et
1071 3555 1328 3616 assiduis
1358 3525 1595 3626 hymnis
1623 3525 1681 3608 et
1709 3525 1953 3624 psalmis
1983 3525 2389 3623 spiritualihus
2413 3555 2495 3611 in-
2525 3525 2568 3592 ϐ
2605 3525 2737 3628 igne
2769 3525 2970 3610 altaris
3000 3553 3219 3624 (Ibid).
3252 3572 3279 3604 ι

847 3665 1050 3706 vocare
1079 3661 1291 3703 nomen
1317 3641 1572 3707 Domini,
1597 3645 1662 3696 ut
1692 3639 1835 3694 illud
1857 3639 2216 3712 compleatur
2243 3642 2302 3698 in
2325 3643 2494 3701 nobis

847 3737 1007 3810 quod
1051 3735 1131 3792 ait
1175 3731 1488 3790 Psalmista
1518 3746 1532 3784 :
1567 3753 1595 3779 ‹‹
1629 3729 1923 3784 Conﬂrma
1966 3728 2095 3798 hoc,
2129 3730 2304 3799 Deus,
2334 3734 2489 3804 quod

849 3827 1122 3896 operatus
1145 3839 1210 3877 es
1240 3820 1299 3874 in
1329 3818 1498 3874 nobis
1528 3834 1562 3872 a
1590 3815 1806 3888 templo
1838 3821 2038 3872 sancto
2067 3821 2187 3887 tuo,
2219 3821 2372 3891 quod
2405 3827 2493 3878 est

849 3913 910 3968 in
943 3910 1268 3967 Jerusalem
1299 3907 1467 3980 (Psal.
1502 3906 1691 3982 vau).
1727 3927 1754 3954 ››

1367 3995 1461 4052 ιν.
1493 3995 1568 4050 De
1594 4009 1747 4049 sacro
1775 3995 1966 4050 altari.

919 4089 1082 4154 Quod
1113 4092 1304 4145 autem
1353 4085 1424 4142 de
1475 4100 1679 4140 mensa
1723 4083 1953 4138 Domini
1999 4087 2056 4140 et
2101 4085 2173 4141 de
2205 4087 2486 4144 materiali

843 4182 1141 4236 structura
1169 4177 1298 4248 ejus
1328 4171 1558 4230 fabulas
1592 4171 1831 4245 ﬁngitis,
1852 4172 2006 4244 quod
2039 4173 2185 4228 nihil
2207 4173 2362 4232 aliud
2388 4177 2485 4245 sit,

842 4269 958 4324 nisi
988 4283 1228 4324 acervus
1257 4263 1542 4337 lapidum,
1561 4265 1617 4317 et
1639 4261 1764 4317 ideo
1791 4260 1948 4316 inani
1979 4261 2276 4335 religionis
2295 4266 2486 4322 cilicio

839 4357 1005 4414 illam
1032 4353 1330 4424 venerari;
1363 4369 1480 4409 non
1511 4355 1600 4407 est
1629 4367 1735 4406 vox
1764 4349 1878 4406 ista
1908 4349 2182 4422 hominis,
2229 4354 2329 4409 sed
2361 4355 2484 4411 dia-

837 4446 980 4515 boli,
1003 4457 1138 4502 cum
1161 4443 1362 4500 nullus
1382 4442 1459 4498 sit
1478 4441 1642 4498 locus
1664 4428 1723 4496 in
1744 4440 1882 4497 orbe
1911 4439 2087 4510 alius,
2109 4441 2208 4497 ubi
2229 4441 2486 4515 legitime

836 4535 1166 4592 veneranda
1223 4531 1483 4605 corporis
1541 4532 1670 4601 ejus
1727 4534 1784 4586 et
1842 4529 2150 4602 sanguinis
2204 4529 2486 4589 libamina

837 4627 1058 4697 queant
1085 4620 1434 4680 sanctiﬁcari
1457 4637 1472 4688 ;
1496 4619 1682 4676 nescit
1703 4619 1859 4674 enim
1881 4619 2070 4675 crucis
2101 4620 2481 4694 pretium,qui

837 4729 956 4769 non
983 4711 1166 4769 credit
1195 4726 1432 4768 manere
1461 4708 1520 4764 in
1541 4707 1708 4764 altari
1739 4707 1969 4764 caeleste
2000 4709 2365 4782 mysterium.
2387 4710 2482 4767 Al-

835 4807 960 4859 tarc
988 4801 1060 4858 de
1086 4805 1244 4858 terra
1277 4798 1558 4855 Dominus
1588 4814 1688 4870 per
1719 4797 1953 4870 Moysen
1998 4797 2108 4853 sibi
2141 4797 2264 4852 fieri
2313 4797 2480 4854 insti-

3179 3643 3253 3698 De
3279 3642 3662 3715 thymiamatc.

2673 3733 2957 3800 Quoniam
2988 3732 3060 3787 de
3089 3748 3253 3788 sacro
3284 3730 3451 3788 altari
3498 3733 3742 3790 verbum
3793 3733 4082 3790 facientes
4133 3736 4288 3811 thy-

2601 3821 2898 3878 miamatis
2929 3837 3160 3893 quoque
3207 3825 3264 3876 et
3313 3820 3534 3876 incensi
3589 3821 3945 3878 mentionem
3977 3821 4286 3895 fecimus,

2597 3927 2845 3984 quorum
2881 3926 3052 3965 usum
3083 3913 3140 3964 et
3171 3909 3226 3964 in
3261 3908 3420 3964 caelis
3450 3909 3712 3981 angelico
3738 3911 4097 3980 ministerio,
4115 3919 4180 3972 et
4217 3917 4286 3970 in

2598 3999 2769 4056 terris
2801 4015 2902 4070 per
2933 3997 3205 4070 antiquos
3236 4001 3291 4052 et
3321 4015 3500 4054 novos
3533 3997 3730 4056 Patres
3773 3999 4080 4055 observari
4115 4001 4285 4075 legi-

2597 4087 2938 4154 mus,talem
2965 4103 3032 4142 ex
3054 4087 3164 4142 hoc
3189 4085 3397 4142 divinae
3431 4086 3820 4143 institutionis
3841 4089 4286 4148 auctoritatem

2596 4178 2902 4233 habemus.
2926 4176 3100 4231 Porro
3123 4175 3275 4230 inter
3295 4179 3522 4242 cetera,
3547 4192 3676 4248 quae
3700 4177 3772 4232 ad
3803 4176 4039 4233 cultum
4071 4180 4292 4237 taber-

2596 4264 2786 4322 naculi
2821 4263 3083 4320 facienda
3113 4264 3397 4320 Dominus
3423 4265 3826 4332 constituerat,
3858 4265 3984 4321 hinc
4013 4283 4290 4342 quoque

2586 4355 2770 4427 jussit
2801 4354 3002 4426 Moysi,
3035 4353 3236 4408 dicens
3269 4370 3282 4409 :
3319 4375 3346 4402 ‹‹
3382 4353 3578 4409 Facies
3609 4353 3756 4409 mihi
3788 4353 3973 4411 altare
4003 4357 4084 4412 ad
4119 4359 4293 4414 ado-

2593 4443 2833 4500 lendum
2882 4441 3205 4516 thymiama
3249 4443 3320 4498 de
3364 4440 3542 4513 lignis
3593 4442 3766 4499 sctim
3798 4443 3994 4514 (Exod.
4031 4451 4214 4515 xxx).
4255 4471 4292 4498 »δ

2592 4534 2660 4589 Et
2689 4534 2900 4588 iterum
2925 4548 2938 4587 :
2976 4552 3004 4582 «
3045 4531 3229 4587 Pones
3256 4531 3436 4588 altare
3465 4535 3669 4586 contra
3696 4528 3894 4586 velum
3926 4535 4096 4604 quod
4128 4541 4292 4592 ante

2591 4638 2785 4679 arcam
2817 4621 3029 4693 pendet
3057 4635 3250 4676 coram
3283 4618 3706 4692 prepitiatorio,
3741 4619 3842 4676 ubi
3876 4618 4101 4693 loquar
4130 4625 4289 4694 tibi,

2589 4714 2647 4766 et
2667 4709 2923 4766 adolebit
2941 4708 3247 4764 incensum
3269 4723 3444 4780 super
3466 4723 3532 4762 eo
3549 4709 3762 4775 Aaron,
3782 4724 3961 4766 suave
3991 4708 4293 4784 ﬂagrans

2591 4815 2781 4855 mane.
2808 4797 3048 4864 Quando
3065 4799 3374 4869 componet
3403 4795 3690 4864 lucernas,
3711 4795 3985 4853 incendat
4009 4797 4204 4868 illud,
4224 4809 4296 4859 et

833 4893 970 4964 tuit,
999 4907 1176 4964 super
1203 4889 1356 4962 quod
1389 4887 1729 4944 holocausta
1757 4891 1818 4942 et
1846 4886 2133 4943 sacriﬁcia
2161 4886 2352 4942 offerri
2382 4887 2482 4944 de-
2510 4889 2558 4956 D
2589 4887 2822 4961 quando
2853 4884 3095 4942 collocat
3124 4902 3223 4942 eas
3271 4885 3343 4941 ad
3390 4899 3723 4958 vesperum,
3758 4889 3891 4941 uret
3919 4884 4298 4959 thymiama

833 4980 1102 5036 buissent
1123 4999 1139 5049 ;
1161 4979 1234 5034 de
1263 4995 1378 5050 quo
1405 4977 1551 5034 liber
1581 4975 1868 5033 Leviticus
1888 4979 2138 5032 testatur
2167 4976 2307 5048 quia
2335 4993 2482 5050 prae-

837 5071 1068 5140 ceperat
1086 5067 1276 5123 eidem
1299 5065 1477 5140 Moysi
1507 5064 1812 5132 Dominus,
1830 5069 1897 5120 ut
1925 5068 2166 5138 poneret
2183 5065 2477 5134 sacerdos,

838 5156 938 5230 qui
991 5159 1202 5213 unctus
1231 5161 1374 5220 erat,
1407 5155 1478 5210 de
1508 5155 1794 5227 sanguine
1821 5153 2024 5210 hostias
2055 5169 2233 5228 super
2259 5171 2481 5212 cornua

838 5245 1038 5302 altaris
1059 5244 1462 5318 thymiamatis
1481 5242 1798 5315 gratissimi
1819 5243 2084 5312 Domino,
2101 5244 2257 5316 quod
2273 5248 2398 5300 erat
2417 5244 2476 5300 in

837 5333 1212 5390 tabernaéulo
1241 5331 1584 5389 testimonii;
1625 5332 1788 5398 Quod
1819 5331 2055 5403 quidem
2087 5331 2267 5390 altare
2297 5333 2356 5389 in
2387 5336 2478 5390 ta-

835 5421 1150 5479 bernaculo
1179 5437 1345 5490 novo,
1365 5419 1422 5475 id
1453 5424 1542 5476 est
1569 5419 1628 5474 in
1651 5423 1854 5475 sancta
1871 5419 2134 5488 ecclesia,
2161 5421 2478 5495 imaginem

835 5511 1094 5584 corporis
1113 5509 1328 5566 Christi
1355 5513 1410 5564 et
1435 5507 1688 5580 sepulcri
1711 5511 1866 5565 tenet
1884 5509 1940 5564 in
1964 5525 2078 5582 quo
2099 5511 2341 5584 sanguis
2361 5511 2478 5568 veri

832 5601 983 5675 Agni
1011 5604 1071 5655 et
1093 5596 1455 5656 immaculati
1485 5595 1700 5653 Christi
1729 5597 1986 5668 quotidie
2015 5615 2049 5654 a
2073 5598 2342 5656 fidelibus
2375 5599 2482 5656 im-

836 5687 1113 5755 molatur,
1135 5687 1238 5758 qui
1269 5686 1530 5758 seipsum
1552 5702 1654 5758 pro
1676 5685 1848 5742 nobis
1863 5685 2072 5743 obtulit
2091 5686 2342 5744 hostiam
2363 5688 2476 5746 Deo

838 5774 1016 5832 Patri.
1041 5774 1156 5831 Hoc
1179 5767 1416 5847 quidem
1437 5774 1626 5848 primo
1647 5791 1684 5830 a
1700 5773 2067 5847 patriarchis,
2088 5781 2310 5848 postea,
2329 5777 2480 5835 sicut

842 5863 1120 5930 diximus,
1150 5881 1186 5920 a
1213 5863 1458 5922 Domino
1503 5880 1606 5936 per
1655 5864 1892 5936 Moysen
1939 5868 2339 5922 consecratum
2369 5871 2475 5924 est.

838 5951 994 6015 Nam
1015 5949 1265 6030 legimus
1291 5952 1430 6034 quia
1475 5953 1596 6014 Noe
1619 5956 1753 6032 post
1799 5950 2083 6012 diluvium
2113 5977 2142 6006 ‹‹
2175 5955 2481 6018 aediﬁcavit

1693 6121 1726 6154 κ

2590 4975 3014 5048 sempiternum
3041 4973 3286 5030 Domino
3318 4974 3545 5044 (Ibid.).
3573 4995 3602 5024 »ι
3624 4973 3844 5034 Dehinc
3866 4973 3928 5030 in
3956 4981 4298 5049 sequenti-

2589 5066 2701 5122 bus
2730 5063 2848 5120 ait:
2877 5063 3102 5119 «Sume
3131 5061 3236 5120 tibi
3269 5066 3550 5131 aromata,
3581 5066 3640 5118 et
3669 5066 3893 5120 stacten
3914 5067 3974 5119 et
4001 5069 4293 5141 onycha,

2589 5153 2904 5228 galbanum
2927 5167 3157 5224 quoque
3178 5151 3608 5220 boniodoris,et
3622 5151 3764 5208 thus
3781 5150 4292 5228 lucidissimum,

2587 5243 2880 5313 faciesque
2909 5239 3232 5314 thymiama
3251 5239 3644 5314 compositum
3667 5255 3844 5314 opere
3861 5249 4296 5314 unguentarii

2588 5332 2831 5388 mistum
2861 5329 3189 5402 diligenter,
3239 5333 3297 5385 et
3341 5344 3555 5402 purum
3600 5334 3660 5386 et
3690 5330 4188 5392 sanctiﬁcatione
4221 5338 4298 5396 in

2587 5419 2992 5476 remissionem
3026 5417 3252 5491 (Ibid.).
3285 5439 3314 5468 »
3344 5441 3372 5469 ‹‹
3405 5419 3725 5477 Predicare
3753 5434 3986 5476 annum
4019 5421 4301 5484 Domini

2587 5511 2888 5582 acceptum
2921 5511 2978 5564 et
3005 5507 3160 5563 diem
3187 5507 3592 5565 retributionis
3611 5509 3763 5580 (Luc.
3791 5507 3892 5580 Iv).
3920 5529 3949 5559 »δ
3983 5509 4062 5566 Et
4085 5517 4299 5585 paulo

2587 5603 2720 5672 post
2744 5596 3182 5654 intendentibus
3211 5596 3270 5653 in
3299 5613 3436 5654 eum
3465 5596 3610 5653 dicit
3639 5613 3656 5656 :
3695 5615 3718 5648 ι
3748 5595 3902 5662 Quia
3928 5596 4120 5657 hodie
4159 5603 4303 5663 im-

2587 5688 2743 5762 pleta
2767 5691 2857 5744 est
2886 5685 3008 5742 hac
3034 5685 3337 5758 Scriptura
3364 5685 3425 5743 in
3454 5686 3700 5746 auribus
3727 5685 3946 5744 vestris
3979 5686 4243 5762 (ηεαδ.
4262 5719 4299 5746 ι.

2587 5777 2698 5835 Sed
2746 5779 2804 5834 et
2848 5775 3085 5840 Paulus,
3120 5775 3220 5848 qui
3269 5790 3500 5849 semper
3529 5792 3564 5832 a
3590 5775 3892 5834 veteribus
3943 5792 4065 5834 nos
4094 5778 4308 5844 docet

2586 5865 2836 5924 transire
2885 5863 2958 5920 ad
3007 5879 3174 5932 nova,
3225 5863 3412 5921 multa
3438 5863 3512 5920 de
3543 5864 3740 5938 Moyse
3769 5867 3829 5922 et
3856 5865 4200 5940 prophetis
4236 5881 4308 5932 et

2587 5955 2855 6036 psalmis,
2888 5954 3012 6016 suis
3042 5953 3276 6030 scriptis
3299 5953 3524 6029 inserit,
3544 5957 3612 6015 ut
3630 5957 3722 6018 est
3741 5952 3892 6017 illud
3913 5953 3979 6015 in
4007 5955 4305 6042 Genesi;
