4986 6526
707 559 851 623 1289

1896 561 2102 622 ACTA
2144 560 2434 623 SYNODI
2477 560 2868 623 ATREBAT.

3919 562 4078 622 1290

706 712 731 740 ‹‹
764 691 964 747 Factus
992 695 1079 746 est
1109 690 1335 763 primus
1366 689 1542 747 homo
1567 692 1751 747 ‘Adam
1772 691 1835 747 in
1867 691 2124 747 animam
2146 691 2331 747 viven-
2358 691 2414 759 Α
2514 692 2687 747 Porro
2716 692 2775 747 in
2800 690 2979 747 veteri
3010 695 3359 746 testamento
3390 691 3579 746 Aaron
3602 708 3635 746 a
3658 691 3847 763 Moyse
3870 696 4081 746 unctus

702 784 810 834 tem
836 782 886 848 (I
910 781 1031 836 Cor.
1063 782 1178 848 xv).
1206 801 1235 829 »
1266 780 1413 843 Quid
1444 779 1662 853 igitur?
1683 779 1957 853 Nunquid
1984 780 2162 835 Vetus
2193 781 2332 835 Tes-

704 870 1015 924 tamentum
1045 868 1387 940 reprobasse
1418 868 1700 924 dicendus
1732 873 1839 934 est,
1863 867 1960 939 qui
1984 868 2042 922 in
2075 866 2335 938 Epistola

699 956 765 1010 ad
805 956 1071 1012 Hebraea
1119 955 1204 1010 ita
1252 955 1455 1012 scribit
1487 974 1499 1011 :
1537 977 1565 1006 «
1595 956 2062 1012 Tabernaculum
2112 956 2331 1010 factum

698 1044 1080 1116 estprimum,
1115 1045 1176 1100 in
1222 1061 1338 1116 quo
1386 1049 1551 1100 erant
1602 1045 1971 1111 candelabra,
2003 1049 2058 1100 et
2104 1061 2329 1110 mensa,

696 1136 747 1187 et
793 1134 1113 1206 propositio
1174 1149 1415 1205 panum,
1445 1134 1600 1205 quod
1661 1133 1877 1188 dicitur
1932 1136 2167 1199 sancta;
2202 1136 2332 1204 post

691 1220 1076 1277 velamentum
1110 1226 1306 1277 autem
1337 1222 1660 1277 secundum
1692 1219 2330 1292 tabernaculum,quod

693 1309 895 1364 dicitur
928 1309 1145 1366 Sancta
1190 1312 1552 1377 sanctorum,
1586 1326 1829 1364 aureum
1876 1309 2100 1364 habens
2146 1307 2334 1363 thuri~

690 1395 904 1466 bulum,
940 1402 1000 1454 et
1044 1408 1242 1454 arcam
1290 1398 1628 1454 testamenti
1680 1397 2115 1453 circumtectam
2166 1395 2326 1451 omni

688 1500 749 1538 ex
776 1489 938 1557 parte
969 1502 1118 1542 auro
1151 1487 1343 1558 (Hebr.
1371 1486 1453 1557 9),
1485 1508 1513 1534 ››
1544 1490 1600 1541 et
1631 1490 1853 1551 caetera,
1878 1502 2003 1556 qua:
2034 1484 2093 1539 in
2125 1484 2327 1540 eadem

685 1572 934 1645 Epistola
961 1575 1035 1631 de
1058 1575 1262 1631 ‘Vetcri
1294 1576 1669 1630 Testamento
1697 1575 2097 1646 prosequitur.

747 1654 1067 1735 Igitur'nos
1102 1668 1439 1718 sanctorum
1463 1668 1699 1735 patrum
1723 1662 1988 1734 exempla
2009 1665 2326 1727 servantes,

682 1748 927 1820 plurima
956 1752 1031 1807 ab
1062 1750 1169 1807 illo
1196 1751 1407 1807 veteris
1447 1750 1825 1807 observantia
1873 1749 2030 1805 cultu
2066 1749 2123 1804 in
2156 1748 2328 1804 mini-

681 1838 913 1895 sterium
963 1838 1114 1895 Novi
1155 1839 1512 1895 Testamenti
1562 1854 1665 1911 per
1711 1838 2014 1893 ministros
2061 1836 2329 1892 Ecclesiae

675 1926 1257 2000 tractanda,apostoli
1285 1931 1344 1982 et
1372 1941 1574 1982 eorum
1605 1943 1970 1982 successores
2015 1923 2328 1980 transtule-

674 2019 822 2117 runt,
853 2021 922 2071 ut
964 2022 1062 2073 est
1116 2016 1237 2072 hac
1286 2015 1435 2088 ipsa,
1469 2016 1540 2070 de
1588 2032 1704 2086 qua
1748 2014 1909 2086 loqui
1961 2013 2327 2120 incoepimus,
2360 2054 2407 2120 Β

671 2104 812 2159 sacri
845 2105 1199 2162 chrismatis
1230 2108 1405 2175 atque
1435 2104 1546 2159 olei
1580 2104 1797 2168 unctio,
1830 2105 1901 2159 de
1934 2121 2047 2175 qua
2072 2102 2210 2157 olim
2245 2118 2331 2156 sa-

671 2194 929 2250 cerdotes
959 2199 1022 2250 et
1044 2208 1237 2266 reges,
1245 2193 1489 2264 jubente
1512 2191 2327 2263 Domino,ungebantur.Nam

668 2280 721 2335 in
769 2283 967 2338 Exodo
1023 2281 1315 2353 scriptum
1366 2285 1457 2336 est
1499 2284 1562 2335 ut
1605 2280 1803 2352 populi
1834 2281 2079 2334 offerant
2109 2277 2324 2346 oleum,

669 2362 893 2427 dicente
924 2372 1186 2428 Domino
1220 2386 1233 2424 :
1269 2391 1298 2419 «
1326 2369 1576 2441 Praecipe
1606 2369 1743 2424 ﬁliis
1771 2368 1943 2423 Israel
1983 2371 2045 2422 ut
2088 2368 2331 2422 offerant

664 2454 951 2529 [afferant]
981 2459 1101 2515 tibi
1136 2457 1329 2513 oleum
1360 2458 1432 2513 de
1454 2457 1759 2513 arboribus
1782 2456 2066 2512 olivarum
2091 2455 2329 2528 purissi-

666 2562 821 2602 mum
854 2548 1066 2620 (Emod.
1118 2546 1318 2617 xxvu).
1355 2567 1383 2595 »
1413 2545 1581 2610 Nam,
1613 2548 1680 2599 ut
1731 2545 1989 2600 Isidorus
2038 2543 2139 2611 ait,
2192 2543 2329 2599 Olea

663 2632 783 2706 ipsa
828 2637 1022 2693 arbor
1073 2638 1190 2701 est,
1243 2635 1469 2689 fructus
1517 2633 1688 2699 oliva,
1718 2649 1929 2689 succus
1983 2633 2196 2687 oleum.
2234 2633 2330 2686 Est

663 2728 852 2781 autem
885 2725 1023 2780 olea
1057 2724 1239 2779 arbor
1268 2722 1428 2794 pacis
1458 2719 1791 2794 insignis,et
1821 2720 1994 2775 habet
2022 2721 2326 2792 pinguedi-

658 2826 808 2882 nem,
845 2826 973 2887 qua
1005 2811 1159 2869 lassi
1189 2816 1364 2883 atque
1406 2810 1625 2865 infirmi
1674 2814 1836 2864 artus
1884 2812 2237 2874 recreantur,
2271 2812 2328 2863 et

657 2902 839 2969 gratia
863 2904 1200 2975 praestatur
1227 2897 1506 2970 luminis;
1538 2898 1709 2968 cujus
1741 2912 1971 2965 succus,
2001 2897 2139 2951 dum
2165 2896 2331 2951 offer-

655 2996 746 3045 tur
768 3006 807 3047 a
834 2990 1096 3064 populo,
1134 2986 1381 3059 simplex
1410 2980 1604 3059 liquor
1627 2992 1844 3058 est,per
1867 2985 2325 3040 benedictionem

654 3094 781 3135 vero
814 3080 1216 3136 sacerdotum
1246 3076 1596 3130 transfertur
1626 3075 1684 3129 in
1717 3072 2328 3139 sacramentum,sicut

653 3165 718 3223 de
737 3182 900 3242 aqua
920 3164 1317 3240 baptismatis
1335 3164 1467 3220 ante
1486 3162 2112 3219 docuimus.Animales
2131 3165 2325 3216 autem

652 3255 768 3312 haec
799 3274 925 3314 non
956 3257 1227 3330 possunt
1256 3252 1573 3325 percipere,
1605 3252 1704 3307 sed
1739 3252 1882 3306 ﬁdes
1932 3251 2123 3322 sapiat
2169 3251 2324 3322 quod

2442 783 2551 849 est,
2584 784 2640 835 et
2670 780 2772 834 filii
2803 779 3059 850 ejus,qui
3084 780 3142 834 in
3173 778 3550 834 tabernaculo
3572 779 3673 833 Dei
3696 778 4085 838 ministraturi

2442 868 2672 923 fuerant
2702 867 2849 923 sicut
2879 867 3163 922 Dominus
3194 866 3425 922 locutus
3471 871 3557 921 est
3604 868 3676 921 ad
3709 867 3964 940 Moysen,
3990 865 4084 921 “di-

2442 973 2578 1011 cens
2612 974 2624 1010 :
2657 980 2684 1007 «
2719 956 2925 1028 Accipe
2953 958 3139 1010 Aaron
3171 959 3228 1010 et
3274 954 3427 1011 {ilios
3477 956 3631 1026 ejus,
3663 959 3720 1010 et
3767 955 4084 1027 applicabis

2441 1045 2513 1100 ad
2543 1045 2757 1100 ostium
2788 1042 3147 1099 tabernaculi
3190 1043 3549 1111 testimonii;
3584 1060 3836 1116 eumque
3877 1043 4084 1099 laveris

2440 1137 2663 1204 patrem
2688 1149 2821 1188 cum
2850 1132 2986 1188 ﬁliis
3029 1149 3199 1203 aqua,
3232 1131 3442 1187 indues
3486 1133 3677 1187 Aaron
3721 1131 4082 1188 vestimentis

2439 1221 2585 1285 suis,
2612 1226 2668 1277 et
2697 1221 2887 1276 oleum
2920 1220 3212 1275 unctionis
3260 1220 3468 1275 fundes
3511 1236 3687 1292 super
3731 1224 3909 1292 caput
3949 1222 4079 1291 ejus

2437 1311 2627 1377 (Exod.
2657 1314 2790 1376 xu).
2819 1332 2845 1359 ››
2877 1310 2945 1364 Et
2976 1310 3186 1365 iterum
3211 1325 3224 1362 :
3258 1330 3285 1359 ‹‹
3309 1307 3653 1375 Pontifex,id
3685 1312 3775 1363 est
3804 1309 4077 1364 sacerdos

2438 1399 2729 1454 maximus
2760 1399 2912 1453 inter
2940 1398 3146 1453 fratres
3178 1413 3336 1465 suos,
3371 1413 3546 1469 super
3584 1397 3752 1468 cujus
3782 1399 3959 1468 caput
3986 1394 4077 1450 fn-

2437 1504 2569 1543 sum
2602 1492 2691 1542 est
2720 1486 3013 1542 unctionis
3044 1485 3322 1554 oleum,et
3350 1487 3518 1557 cujus
3548 1502 3759 1541 manus
3794 1484 3854 1540 in
3887 1500 4076 1539 sacer-

2437 1576 2592 1632 dotio
2624 1580 2975 1632 consecratae
3005 1575 3533 1646 sunt,vestitusque
3555 1578 3644 1631 est
3665 1574 3881 1630 sanctis
3908 1572 4079 1628 vesti-

2437 1666 2570 1735 bus,
2602 1670 2776 1736 caput
2806 1680 2979 1719 suum
3013 1680 3128 1718 non
3156 1663 3318 1719 disco
3349 1661 3941 1735 operiet,vestimenta
3959 1677 4077 1716 non

2438 1753 2682 1820 scindet,
2717 1757 2774 1808 et
2816 1753 2887 1807 ad
2935 1769 3169 1808 omnem
3212 1756 3511 1807 mortuum
3561 1768 3676 1807 non
3722 1744 4082 1823 ingredietur

2438 1842 2695 1897 omnino.
2730 1842 2849 1897 Sub
2882 1844 3041 1912 patre
3073 1857 3303 1912 quoque
3333 1857 3439 1896 suo
3467 1844 3525 1895 et
3554 1842 3739 1896 matre
3786 1855 3901 1894 non
3943 1855 4078 1894 con-

2437 1930 2840 1995 taminabitur,
2870 1946 2974 1984 nec
3005 1929 3331 2002 egredietur
3360 1929 3429 1984 de
3458 1929 3698 1996 sanctis,
3735 1944 3805 1983 ne
3854 1926 4078 2000 polluat

2437 2018 2835 2074 sanetuarium
2869 2017 2993 2085 Dei,
3027 2018 3164 2089 quia
3194 2017 3387 2072 oleum
3418 2022 3630 2073 sanctae
3660 2016 3955 2071 unctionis
3976 2015 4077 2071 Dei

2439 2108 2529 2163 sui
2559 2124 2733 2178 super
2763 2124 2897 2162 eum
2920 2110 3009 2162 est
3028 2109 3215 2178 (Levii.
3235 2106 3371 2177 XXI).
3395 2128 3421 2156 ››
3448 2106 3607 2161 Unde
3627 2104 3940 2161 Psalmista
3958 2104 4077 2159 ait:

2439 2219 2465 2245 ‹‹
2501 2196 2672 2251 Unxit
2719 2198 2774 2249 te
2822 2195 3104 2250 Dominus
3154 2199 3305 2249 Deus
3353 2199 3492 2249 tuus
3541 2193 3664 2249 oleo
3724 2192 3933 2248 laetitiae
3963 2209 4079 2264 praa

2439 2282 2806 2339 consortibus
2855 2282 2974 2337 tuis
3023 2282 3192 2355 (Psal.
3226 2282 3399 2353 κων).
3435 2304 3463 2330 ››
3493 2281 3734 2347 Quando
3782 2284 4079 2337 consortes

2437 2371 2776 2436 nominavit,
2811 2387 2957 2442 quos
3006 2370 3150 2425 alios
3201 2370 3538 2425 intuebatur
3585 2369 3698 2424 nisi
3750 2369 4075 2441 episcopos,

2437 2478 2605 2532 quos,
2639 2459 2874 2529 Christi,
2905 2458 3150 2513 vicarios
3182 2457 3387 2530 spiritu
3420 2457 3756 2530 prephetico
3777 2458 3849 2513 ad
3881 2473 4080 2529 regen-

2437 2550 2571 2604 dam
2606 2552 2866 2605 sanctam
2900 2546 3212 2602 Ecclesiam
3248 2546 3617 2619 praevidebat,
3649 2546 3749 2618 qui
3796 2546 3949 2601 hanc
3976 2562 4082 2600 un-

2439 2637 2647 2693 ctionis
2679 2637 2928 2709 gratiam
2959 2636 3030 2691 ab
3062 2652 3128 2690 eo
3167 2635 3458 2707 accepturi
3507 2638 3691 2702 erant,
3725 2635 3827 2706 qui
3870 2638 3957 2690 est
3983 2649 4079 2689 ve~

2438 2743 2538 2782 rus
2582 2726 2854 2781 sacerdos
2915 2724 3238 2780 secundum
3295 2724 3560 2779 ordinem
3617 2720 4082 2779 Melchisedech?

2437 2816 2612 2870 Porro
2643 2818 2819 2885 caput
2850 2819 3117 2868 nostrum
3145 2812 3412 2868 Christus
3443 2816 3549 2880 est,
3582 2812 3710 2868 ideo
3739 2811 3995 2884 pontifex
4019 2812 4079 2866 in

2436 2904 2625 2975 capite
2658 2902 3023 2974 ungitur,qui
3056 2899 3267 2955 Christi
3294 2900 3546 2956 vicarius
3571 2900 4081 2957 efficitueritan-

2435 2992 2510 3047 do
2541 2991 2699 3046 enim
2732 2990 2920 3056 illum,
2950 2990 3049 3060 qui
3084 2994 3171 3044 est
3208 2989 3388 3044 totius
3438 2993 3615 3062 caput
3658 2989 3947 3055 Ecclesiae,
3977 3004 4080 3060 per

2436 3081 2543 3136 hoc
2575 3078 2870 3135 unctionis
2902 3078 3246 3149 mysterium
3277 3077 3341 3131 fit
3366 3081 3424 3132 et
3450 3077 3575 3149 ipse
3614 3082 3788 3149 caput
3812 3076 4076 3133 Ecclesiae

2435 3169 2545 3223 sibi
2579 3167 2924 3223 commissae.
2960 3167 3028 3220 Et
3057 3165 3210 3220 sicut
3235 3164 3502 3221 Christus
3532 3181 3635 3238 pro
3678 3166 3951 3220 universa
3980 3164 4070 3218 in—

2435 3254 2701 3328 terpellat
2730 3253 3000 3321 Ecclesia,
3019 3253 3098 3307 ita
3125 3253 3433 3325 episcopus
3462 3269 3566 3325 pro
3594 3251 3706 3308 sibi
3733 3251 4069 3308 commissa.

609 3334 612 3336 ’
649 3340 844 3403 cornei
876 3345 1048 3402 oculi
1078 3356 1203 3399 non
1236 3345 1484 3415 possunt
1512 3338 1918 3410 contemplari,
1944 3344 2009 3393 ut
2038 3340 2139 3393 fiat
2181 3337 2324 3393 illud
2434 3350 2498 3399 In
2530 3360 2595 3399 eo
2621 3347 2817 3399 autem
2850 3343 3005 3414 quod
3038 3341 3117 3397 ait
3156 3341 3437 3413 propheta
3481 3344 3723 3396 unctum
3771 3339 4068 3395 Christum

647 3436 799 3505 quod
835 3436 929 3491 ait
960 3429 1294 3506 Apostolus
1329 3447 1342 3485 :
1376 3452 1404 3479 «
1439 3428 1755 3484 Invisibilis
1782 3427 1969 3499 ipsius
2001 3445 2034 3482 a
2062 3431 2326 3482 creatura
2354 3416 2398 3481 C
2437 3450 2550 3505 prae
2581 3431 2951 3488 consortibus
2981 3429 3452 3502 suis,spiritualis
3483 3429 3677 3504 gratia:
3709 3430 4071 3501 donum,quo

646 3522 854 3578 mundi
887 3539 1007 3596 per
1037 3537 1116 3576 ea
1146 3535 1274 3590 quae
1300 3518 1452 3573 facta
1480 3515 1937 3583 sunt,intellecta
1959 3514 2327 3586 conspiciun-
2434 3519 2701 3576 Christus
2739 3537 2852 3592 pra:
2901 3519 3289 3588 consortibus,
3322 3517 3380 3574 id
3432 3523 3522 3575 est
3565 3518 3785 3575 caeteris
3832 3517 4073 3585 sanctis,

641 3614 784 3668 tur:
822 3610 1218 3683 sempiterna
1263 3622 1495 3679 quoque
1542 3606 1669 3677 ejus
1719 3604 1903 3659 virtus
1953 3609 2009 3659 et
2057 3604 2330 3659 divinitas
2437 3613 2649 3665 unctus
2679 3614 2788 3676 est,
2817 3607 3098 3673 insinuat,
3134 3608 3303 3679 cujus
3342 3608 3540 3664 unctio
3588 3606 3687 3664 illo
3733 3606 3963 3681 expleta
3992 3610 4081 3662 est

645 3703 823 3767 (Rom.
852 3704 923 3769 ι).
944 3722 978 3750 ››
1005 3697 1185 3755 Unde
1206 3696 1412 3751 beatus
1441 3693 1889 3766 Augustinus,in
1926 3692 2151 3764 psalmo
2180 3709 2328 3759 XLIV,
2438 3703 2721 3770 tempore,
2754 3697 2986 3769 quando
3017 3697 3348 3769 baptizatus
3377 3700 3466 3752 est
3493 3696 3553 3752 in
3580 3694 3854 3766 Jordane,
3869 3700 3926 3752 et
3950 3694 4079 3767 Spi-

640 3786 965 3862 explanat:
995 3786 1208 3843 Oleum
1236 3782 1466 3839 visibile
1494 3782 1554 3837 in
1587 3782 1754 3854 signo
1785 3781 2102 3849 est,oleum
2133 3780 2333 3836 invisi-
2440 3786 2589 3843 ritus
2619 3791 2857 3842 sanctus
2892 3786 2950 3840 in
3000 3785 3190 3855 specie
3235 3784 3516 3840 columbaa
3563 3785 3865 3841 descendit
3909 3800 4087 3857 super

642 3876 757 3932 bile
790 3877 854 3932 in
891 3876 1289 3933 sacramento
1321 3874 1429 3927 est.
1462 3869 1666 3926 Oleum
1694 3869 1998 3940 spirituale
2045 3869 2333 3924 invisibile
2441 3879 2661 3944 eum,et
2691 3874 2911 3930 mansit
2940 3873 2998 3927 in
3032 3872 3166 3941 illo;
3199 3872 3259 3928 in
3290 3890 3355 3929 eo
3384 3890 3517 3929 vero
3548 3874 3701 3945 quod
3723 3872 3934 3929 Christi
3954 3888 4086 3927 con-

638 3970 746 4022 est.
776 3967 999 4022 Potest
1028 3964 1194 4020 Deus
1224 3975 1326 4032 per
1374 3976 1436 4015 se
1485 3957 1679 4015 oleum
1730 3956 2033 4029 spirituale
2079 3958 2334 4013 tribuere
2442 3967 2627 4019 sortes
2658 3966 2864 4017 unctos
2894 3961 3018 4017 oleo
3045 3961 3210 4027 dixit,
3241 3960 3562 4015 materialis
3611 3959 3904 4015 unctionis
3950 3974 4084 4032 gra-

641 4054 769 4110 sine
798 4049 1258 4127 corporali,sed
1284 4052 1520 4121 propter
1549 4046 1832 4102 animales
1863 4051 2117 4119 aguntur
2138 4045 2334 4102 visibi-
2441 4051 2606 4119 tiam,
2637 4067 2754 4122 qua
2784 4049 2979 4105 vicarii
3005 4047 3241 4117 Christi,
3274 4048 3331 4103 id
3361 4052 3452 4104 est
3488 4047 3809 4120 pontiﬁces,
3844 4046 4083 4119 perfun-

639 4142 816 4210 lia,ut
849 4137 1205 4199 invisibilia
1234 4136 1464 4192 facilius
1481 4134 2068 4208 capiantur.Apostoli
2086 4134 2336 4206 denique
2443 4140 2681 4203 duntur,
2713 4138 2993 4193 insinuat.
3025 4136 3169 4192 Nam
3202 4135 3251 4190 si
3282 4134 3658 4192 sacerdotalis
3703 4134 3900 4209 gratiae
3938 4150 4083 4190 une—

637 4230 749 4287 hac
782 4236 923 4288 arte
957 4227 1088 4285 olei
1122 4225 1438 4282 utebantur
1465 4224 1523 4279 in
1555 4223 2042 4296 redintegratione
2072 4223 2333 4278 inlirmo-
2443 4228 2659 4283 tionem
2692 4225 3050 4299 singularem
3084 4224 3242 4280 solus
3272 4224 3383 4280 sibi
3411 4223 3677 4280 Christus
3724 4222 4082 4286 retinuisset.

635 4337 795 4389 rum,
829 4324 898 4377 et
926 4313 1260 4391 apostolici
1307 4313 1415 4369 viri
1461 4311 1520 4367 in
1553 4312 1989 4384 consignatione
2020 4310 2337 4383 neophyto-
2447 4331 2815 4388 nequaquam
2846 4313 3156 4386 Apostolus
3186 4313 3336 4369 hanc
3366 4312 3589 4368 caeteris
3616 4311 3859 4384 gratiam
3891 4311 4084 4367 inesse

636 4409 918 4465 rum.Sie
954 4405 1137 4463 enim
1164 4401 1451 4474 scriptum
1481 4406 1572 4457 est
1600 4402 1659 4456 in
1692 4399 2002 4472 Evangelia
2027 4417 2039 4455 :
2068 4423 2095 4450 ‹‹
2120 4400 2339 4455 Exeun-
2446 4402 2696 4467 doceret,
2738 4417 2873 4456 cum
2918 4400 2997 4455 ait
3031 4416 3042 4453 :
3079 4422 3106 4449 «
3140 4399 3342 4456 Plures
3388 4399 3523 4455 facti
3571 4401 3710 4454 sunt
3756 4398 4085 4454 sacerdotes

632 4502 720 4555 tes
754 4493 1293 4572 prmdicabant,ut
1323 4488 1725 4563 paenitentiam
1754 4492 2011 4560 agerent,
2037 4492 2093 4544 et
2124 4489 2336 4544 daemo-
2447 4490 2767 4547 secundum
2799 4490 3006 4561 legem,
3040 4486 3254 4543 idcirco
3286 4487 3440 4558 quod
3473 4490 3656 4542 morte
3704 4487 4087 4559 prohiberen-

632 4587 735 4641 nia
766 4583 1148 4658 ejiciebant,
1179 4584 1238 4636 et
1260 4579 1561 4652 ungebant
1591 4577 1715 4633 oleo
1750 4577 1967 4632 multos
1989 4577 2340 4644 inﬁrmos,et
2447 4586 2545 4635 tur
2572 4594 2914 4650 permanere
2946 4579 3123 4649 (Hebr.
3156 4576 3313 4649 xvu).
3348 4598 3378 4625 »

631 4674 957 4731 sanabant
988 4672 1205 4740 (Marc.
1230 4671 1331 4736 v1).
1358 4689 1387 4715 »
1412 4664 1683 4733 Unde,ait
1713 4664 2012 4737 apostolus
2043 4665 2297 4721 Jacobus
2322 4681 2335 4721 :
2518 4669 2700 4742 Igitur
2729 4668 2884 4723 hunc
2918 4666 3208 4722 unctionis
3238 4681 3459 4721 morem
3488 4664 3548 4719 in
3580 4663 3919 4720 ordinandis
3940 4662 4089 4735 epis-

632 4786 662 4812 ‹‹
697 4764 1096 4818 inﬁrmatur
1141 4757 1274 4828 quis
1321 4755 1382 4809 in
1430 4755 1639 4811 vobis?
1678 4754 1919 4809 inducat
1976 4756 2341 4826 presbyteros
2374 4778 2421 4842 Ι)
2452 4757 2613 4828 copis
2638 4759 2842 4811 sancta
2870 4755 3059 4810 adhuc
3089 4758 3277 4809 servat
3301 4753 3591 4823 Ecclesia;
3624 4752 3739 4825 ipsi
3767 4752 3943 4809 etiam
3973 4751 4091 4824 epi-

2452 4845 2611 4917 scopi
2666 4844 2726 4898 in
2774 4843 3183 4899 consecrandis
3230 4842 3600 4914 presbyteris,
3630 4858 3843 4898 manus
3890 4857 4091 4897 eorum

2454 4936 2684 5005 ungunt
2711 4933 2781 4987 de
2811 4931 2957 5000 oleo,
2992 4937 3057 4987 ut
3087 4930 3290 4986 mundi
3321 4931 3440 4986 sint
3469 4932 3542 4987 ad
3573 4930 3935 4986 offerendum
3979 4932 4093 4984 Deo

2454 5021 2759 5091 hostias,et
2788 5020 2931 5092 largi
2967 5022 3037 5075 ad
3072 5025 3276 5076 caetera
3296 5019 3489 5076 officia
3508 5019 4094 5092 pietatis.Utrumque

2454 5111 2611 5165 enim
2642 5109 2987 5182 designatur
3027 5126 3129 5181 per
3175 5108 3392 5177 oleum,
3422 5113 3480 5164 et
3520 5108 3706 5181 gratia
3753 5106 4093 5177 curationis,

629 4850 1034 4916 Ecclesiae,et
1066 4849 1239 4901 orent
1267 4859 1448 4916 super
1478 4846 1936 4916 eum,ungentes
1965 4858 2100 4898 eum
2128 4842 2253 4898 oleo
2282 4842 2342 4897 in

630 4941 893 4996 nomine
930 4931 1226 5002 Domini;
1260 4937 1319 4989 et
1348 4933 1396 4988 si
1420 4932 1480 4987 in
1504 4932 1755 5005 peccatis
1779 4931 2347 4987 fuerit.dimittentur

632 5029 683 5084 ei
719 5031 873 5098 (Jac.
911 5031 1005 5092 v).
1050 5044 1084 5070 »
1121 5020 1281 5077 Unde
1312 5023 1471 5093 patet
1499 5024 1556 5075 et
1585 5020 1656 5075 ab
1688 5019 1833 5092 ipsis
1880 5018 2159 5091 apostolis
2189 5018 2345 5074 hunc

632 5122 870 5172 saneta:
908 5108 1209 5168 Ecclesiae
1250 5122 1473 5164 morem
1520 5106 1825 5173 traditum,
1861 5111 1924 5162 ut
1971 5108 2346 5179 energumeni

630 5208 693 5260 et
723 5203 838 5260 alii
873 5196 1161 5274 quilibet
1188 5196 1387 5270 aegroti
1420 5199 1719 5269 ungantur
1749 5194 1874 5250 oleo
1905 5194 2220 5266 pontiﬁcali
2250 5196 2347 5253 be-
2456 5203 2513 5256 et
2541 5199 2795 5255 charitas
2825 5197 3173 5265 dilectionis,
3206 5198 3276 5252 de
3326 5214 3442 5269 qua
3484 5196 3797 5269 Apostolus
3843 5196 3924 5251 ait
3960 5195 4100 5267 quia

630 5292 1009 5349 nedietione
1046 5280 1855 5356 consecrato.Consignantur
1884 5283 2082 5352 etiam,
2107 5287 2173 5340 ut
2202 5284 2348 5341 dixi-
2459 5312 2482 5338 (ι
2521 5287 2772 5343 charitas
2806 5286 2901 5342 Dei
2931 5285 3145 5341 diii'usa
3173 5290 3261 5341 est
3305 5285 3365 5339 in
3415 5286 3687 5341 cordibus
3734 5284 3949 5339 nostris
3997 5297 4098 5353 per

626 5373 1135 5449 mus,neophyti
1167 5374 1239 5429 de
1268 5373 1434 5441 eo,ad
1467 5373 1639 5444 cujus
1688 5372 2077 5427 exorcismum
2109 5373 2353 5443 jubctnr
2459 5376 2743 5448 Spiritum
2770 5379 3059 5442 sanctum,
3093 5374 3193 5446 qui
3221 5375 3394 5429 datus
3425 5378 3513 5429 est
3550 5374 3719 5430 nobis
3752 5373 3925 5446 (Rom.
3958 5371 4033 5440 v).
4069 5391 4096 5419 η

624 5467 936 5526 diabolus
988 5462 1345 5517 recederea
1380 5460 1822 5530 catechumeno,
1854 5459 1955 5531 qui
2009 5460 2199 5515 adhuc
2249 5478 2351 5534 pro
2531 5464 2589 5520 Si
2635 5463 2770 5536 quis
2819 5467 3013 5519 autem
3072 5462 3309 5534 objieiat
3341 5479 3356 5517 :
3389 5468 3530 5518 Cum
3590 5462 3742 5517 Deus
3795 5460 3920 5515 sine
3974 5457 4098 5512 oleo

628 5562 899 5615 mortua
963 5551 1325 5620 deputatur,
1359 5550 1499 5622 quia
1550 5548 1813 5604 nondum
1864 5552 1954 5603 est
2001 5548 2349 5619 baptizatus.
2461 5554 2649 5624 possit
2680 5569 2887 5608 sanare
2918 5552 3202 5619 infirmos,
3236 5551 3492 5625 effugere
3521 5551 3833 5611 daemones,
3850 5542 4102 5628 sanctiﬁ-

630 5640 1043 5706 Chrismalis
1113 5640 1306 5693 autem
1353 5638 1551 5695 unctio
1601 5636 1929 5693 sanctificat
1977 5636 2260 5693 viventem
2287 5652 2356 5694 ex
2463 5657 2595 5699 care
2643 5658 2804 5707 suos,
2837 5657 3017 5712 quare
3063 5642 3227 5695 tanto
3278 5641 3472 5695 studio
3515 5639 3851 5695 observatur
3905 5631 4097 5685 cultus

629 5734 942 5797 mortuis,
984 5730 1058 5784 et
1125 5723 1372 5794 Spiritus
1419 5725 1604 5784 sancti
1654 5724 1899 5800 gratiam
1942 5725 2001 5781 in
2034 5724 2220 5782 lilium
2252 5728 2353 5785 ad-
2464 5729 2921 5786 consecrationis
2950 5728 3103 5784 olei?
3135 5730 3601 5800 respondemus:
3626 5724 3824 5778 Nonne
3872 5713 4095 5800 antiqui

636 5821 943 5908 optionis
973 5810 1229 5875 ίηνίίαίσ
1658 5796 1683 5800 ν
2458 5817 2611 5895 justi
2655 5821 2971 5897 potuerunt
3016 5821 3131 5876 Deo
3174 5796 3405 5895 placere
3454 5815 3577 5872 sine
3616 5796 4097 5876 circumcisione?

1029 5938 1314 6015 ΡΑτιιοι..
1358 5939 1585 6007 CXLII.

1453 5941 1585 6007 LII.
3343 5941 3422 6029 ει
