4986 6492
724 564 879 627 {293

1945 565 2143 628 ACTA
2185 565 2472 631 SYNODI

2741 568 2918 630 BAT.
3977 570 4131 630 1294

726 696 860 751 filiis
879 695 1201 769 Aaron,qui
1217 700 1360 753 tunc
1381 698 1711 754 sacerdotes
1726 697 2084 754 vocabantur
2104 699 2161 753 in
2183 699 2377 761 Veteri
2407 705 2462 769 Α
2492 703 2809 760 Ecclesium
2859 717 3051 757 meam
3090 699 3300 770 (Matth.
3351 700 3487 772 ιη).
3523 722 3551 749 ››
3582 699 3685 757 Hic
3729 716 3864 773 ergo
3914 698 4133 773 ligandi

726 786 1115 852 Testamento,
1143 802 1300 863 nunc
1326 790 1521 842 autem
1545 786 1865 860 presbyteri
1891 788 2371 843 vocantur.Porro

723 872 780 928 hi
812 879 1071 946 prazsunt
1100 874 1368 931 Ecclesiae
1399 875 1632 942 Christi,
1668 879 1725 930 et
1756 876 1813 930 in
1844 876 2205 931 confectione
2255 893 2401 948 cor-~

722 963 878 1033 poris
910 966 967 1017 et
996 963 1303 1036 sanguinis
1334 964 1565 1019 Domini
1598 969 1897 1021 consortes
1919 981 2051 1020 cum
2085 964 2373 1036 episcopis

720 1055 874 1123 sunt,
909 1051 1183 1108 similiter
1210 1057 1267 1108 et
1297 1054 1355 1107 in
1386 1053 1654 1108 doctrina
1683 1052 1966 1125 populum
1997 1056 2053 1108 et
2076 1052 2135 1108 in
2181 1053 2370 1108 ofﬁcio

720 1139 1091 1212 praedicandi.
1127 1141 1206 1197 De
1238 1141 1331 1197 his
1360 1141 1577 1197 Paulus
1610 1142 1911 1213 apostolus
1943 1141 2145 1197 scribit
2175 1142 2245 1196 ad
2278 1140 2369 1197 Ti-

715 1233 839 1283 tum
872 1244 893 1283 :
923 1249 952 1278 ‹‹
985 1229 1197 1301 Hujus,
1231 1230 1613 1303 inquiens,rei
1645 1231 1832 1303 gratia
1861 1230 2071 1303 reliqui
2093 1234 2147 1285 te
2170 1234 2365 1296 Cretze,

718 1320 782 1371 ut
796 1333 861 1372 ea
881 1333 1009 1388 quae
1032 1318 1248 1373 desunt
1264 1318 1606 1391 corrigas,et
1627 1321 1949 1374 constituas
1984 1336 2086 1391 per
2108 1318 2368 1374 civitates

714 1399 1615 1478 presbyteros,quemadmodum
1630 1424 1733 1479 ego
1752 1406 1859 1462 tibi
1872 1407 2134 1479 disposui
2146 1407 2213 1473 ,si
2236 1407 2369 1479 quis

716 1493 837 1549 sine
869 1493 1118 1550 crimine
1147 1495 1471 1566 est(Tit.1).»
1495 1496 1561 1550 Et
1582 1496 1639 1550 in
1673 1496 1863 1567 prima
1894 1496 1966 1551 ad
1996 1496 2368 1551 Timotheum

712 1582 969 1654 Epistola
999 1600 1014 1638 :
1053 1605 1085 1632 »
1114 1582 1261 1651 Noli,
1294 1583 1506 1656 inquit,
1541 1584 1833 1657 negligere
1863 1583 2112 1656 gratiam
2159 1601 2287 1656 qua
2307 1585 2368 1639 in

712 1675 766 1726 te
792 1675 900 1740 est,
935 1688 1069 1743 qua
1100 1672 1238 1727 data
1266 1676 1355 1727 est
1375 1672 1481 1727 tibi
1504 1690 1606 1744 per
1637 1673 2002 1745 prophetiam
2028 1689 2162 1728 cum
2185 1672 2370 1745 impo-

711 1758 919 1816 sitione
952 1777 1243 1816 manuum
1276 1760 1615 1833 presbyterii
1647 1761 1939 1832 (ITim.Iv).
1968 1784 1995 1809 »
2029 1761 2215 1834 Igitur
2235 1777 2370 1817 cum

710 1848 1033 1921 presbyteri
1048 1848 1615 1921 ordinantur.perim
1623 1850 1971 1921 positionem
1987 1866 2267 1904 manuum
2284 1867 2372 1905 sa-

708 1937 1022 1993 cerdotatis
1054 1938 1255 2010 gratia:
1274 1934 1495 1993 donum
1517 1938 1950 2009 suscipiunt.De
1981 1938 2197 2010 quibus
2224 1938 2282 1992 in
2300 1937 2369 1992 li-

708 2026 808 2081 bro
832 2026 1232 2082 Numerorum
1265 2027 1549 2098 scriptum
1571 2031 1658 2082 est
1683 2028 2035 2099 :«Congrega
2058 2027 2199 2082 mihi
2230 2043 2365 2098 sep-
2480 2026 2539 2043 ⁹¹’
2593 2026 2773 2085 "W7
2818 2026 2831 2039 ¹

708 2115 962 2136 munis
1005 2116 1159 2136 ηιμ--
1201 2116 1259 2136 ,Α
1296 2116 1618 2136 ,Α-,ηειη
1668 2115 1873 2136 .___-._
1936 2132 2074 2136 __-__
2217 2119 2364 2136 _-_._
2400 2071 2446 2136 B
2480 2092 2719 2131 manum
2752 2090 2831 2128 1m

707 2115 973 2189 tuaginta
1004 2116 1161 2171 viros
1193 2116 1264 2170 de
1293 2116 1620 2172 senioribus
1668 2115 1875 2183 Israel;
1930 2132 2076 2188 quos
2119 2120 2181 2170 tu
2216 2119 2371 2184 nosti

705 2205 858 2275 quod
891 2220 1067 2260 senes
1099 2204 1297 2276 populi
1332 2203 1453 2259 sint
1478 2222 1543 2259 ac
1576 2204 1867 2276 magistri,
1884 2209 1940 2259 et
1972 2205 2152 2260 duces
2175 2221 2274 2260 eos
2298 2206 2369 2260 ad

682 2293 919 2349 ostium
977 2292 1345 2349 tabernaculi
1399 2292 1654 2358 foederis,
1727 2293 2020 2365 faciesque
2078 2293 2156 2348 ibi
2218 2298 2371 2349 stare

702 2386 918 2448 tecum,
953 2386 1021 2437 ut
1053 2381 1411 2437 descendam
1441 2386 1497 2436 et
1527 2380 1735 2453 loquar
1762 2380 1888 2447 tibi,
1922 2385 1978 2437 et
2008 2381 2268 2437 auferam
2301 2382 2372 2437 de

706 2469 914 2542 spiritu
964 2474 1095 2537 tuo,
1152 2470 1498 2540 tradamque
1546 2468 1630 2525 eis
1677 2470 1859 2537 (Num.
1892 2470 1990 2540 xu).
2027 2491 2053 2517 »
2086 2470 2153 2524 Et
2195 2469 2371 2542 paulo

707 2563 840 2629 post
876 2576 889 2614 :
926 2580 956 2608 ‹‹
987 2557 1307 2615 Descendit
1332 2558 1615 2613 Dominus
1649 2574 1750 2630 per
1781 2559 2015 2624 nubem,
2048 2563 2104 2613 et
2142 2558 2372 2613 locutus

714 2651 799 2701 est
828 2647 899 2702 ad
935 2663 1101 2712 eum,
1135 2646 1404 2701 auferens
1437 2645 1507 2700 de
1539 2645 1747 2716 spiritu
1781 2646 1879 2717 qui
1913 2650 2036 2701 erat
2064 2646 2121 2700 in
2155 2647 2368 2718 Moyse,

712 2740 768 2790 et
796 2737 945 2792 dans
976 2734 1357 2807 septuaginta
1386 2734 1528 2789 viris
1557 2734 1764 2805 (Ibid.).
1802 2758 1828 2783 ››
1864 2737 1937 2791 De
1968 2734 2060 2789 his
2090 2736 2287 2802 etiam,
2311 2734 2367 2789 in

606 2846 607 2879 ι
711 2825 953 2881 Actibus
982 2823 1409 2897 apostolorum,
1445 2822 1726 2894 scriptum
1770 2827 1857 2878 est
1888 2823 2064 2893 quod,
2096 2840 2228 2878 cum
2277 2839 2371 2878 ve-

606 2962 608 2973 .
711 2913 892 2969 uisset
920 2912 1149 2969 Paulus
1175 2910 1473 2983 apostolus
1505 2910 2025 2977 Miletum,miserit
2058 2911 2371 2982 Ephesum,

680 3026 687 3029 λ
713 3005 769 3056 et
796 3003 1096 3059 vocaverit
1127 3001 1494 3073 presbyteros
1525 3000 1786 3070 ejusdem
1840 2998 2122 3067 Ecclesiae,
2157 3000 2371 3071 quibus

606 3144 609 3147 .
711 3090 868 3147 inter
901 3097 1119 3147 caetera
1149 3090 1231 3145 ait
1267 3106 1279 3145 :
1316 3112 1343 3139 «
1374 3089 1668 3143 Attendite
1697 3088 1860 3143 vobis
1895 3091 1951 3143 et
1979 3087 2138 3143 omni
2188 3089 2369 3161 gregi,

608 3220 611 3241 ι
711 3179 764 3235 ἱη
787 3198 903 3253 quo
920 3198 1026 3237 vos
1050 3177 1309 3252 Spiritus
1327 3182 1565 3233 sanctus
1587 3176 1781 3248 posuit
1802 3193 2035 3248 pascere
2055 3175 2372 3232 Ecclesiam

705 3269 963 3336 Domini,
999 3285 1183 3342 quam
1215 3266 1525 3338 acquisivit
1550 3282 1653 3337 per
1682 3266 2027 3338 sanguinem
2055 3270 2370 3335 suum(Act,

608 3382 615 3421 τ
704 3360 816 3426 xx).
854 3378 883 3406 »
915 3357 1033 3412 Sed
1067 3358 1128 3411 et
1176 3354 1381 3410 Petrus
1412 3353 1470 3408 in
1512 3352 1702 3425 prima
1727 3353 1980 3425 Epistola
2021 3371 2033 3408 :
2069 3376 2097 3405 «
2135 3354 2373 3426 Presby-

610 3496 613 3501 .
702 3449 881 3512 teros,
910 3444 1135 3517 inquit,
1166 3442 1264 3515 qui
1296 3442 1355 3497 in
1384 3442 1549 3497 vobis
1587 3446 1743 3506 sunt,
1776 3442 2013 3497 obsecro
2061 3441 2366 3497 consenior
2397 3432 2439 3498 C

702 3538 759 3588 et
783 3533 955 3589 testis
988 3529 1210 3587 Christi
1241 3530 1604 3602 passionum,
1639 3534 1697 3584 et
1744 3531 1871 3600 ejus
1921 3546 2047 3600 quae
2081 3530 2137 3584 in
2171 3530 2366 3585 futuro

704 3622 1024 3678 revelanda
1075 3622 1167 3676 est
1212 3617 1406 3691 gloriae
1454 3617 1944 3684 communicator;
1976 3618 2215 3689 pascite,
2265 3619 2366 3690 qui

702 3713 792 3767 est
818 3710 881 3766 in
910 3710 1111 3776 vobis,
1144 3723 1377 3780 gregem
1415 3706 1538 3773 Dei,
1574 3705 1938 3778 providentes
1987 3724 2100 3762 non
2150 3711 2363 3773 coacte,

700 3799 801 3853 sed
831 3802 1186 3873 spontanee,
1220 3795 1543 3851 secundum
1575 3795 1789 3862 Deum;
1825 3812 1940 3850 non
1974 3794 2167 3867 turpis
2218 3793 2366 3850 lucri

698 3887 910 3959 gratia,
936 3886 1045 3943 sed
1078 3883 1425 3951 voluntarie,
1458 3900 1647 3954 neque
1678 3886 1742 3938 ut
1769 3884 2139 3939 dominantes
2170 3885 2227 3938 in
2260 3884 2369 3939 cle-

616 4016 621 4045 μ
697 3976 965 4043 rum,sed
1001 3971 1350 4030 formafacti
1371 3972 1563 4045 gregis
1592 3988 1660 4027 ex
1684 3970 1913 4039 animo;
1945 3976 2001 4026 et
2029 3988 2162 4027 cum
2194 3989 2367 4044 appa-

626 4936 630 5041 ξ
684 4951 837 5041 quit,
870 4952 1079 5041 Aaron
1112 4952 1169 5041 et
1197 4947 1347 5041 filios
1379 4947 1527 5041 ejus,
1560 4949 1619 5001 et
1667 4943 1984 5041 applicabis
2034 4944 2106 5041 ad
2150 4943 2367 5000 ostium

628 5090 631 5127 ἱ

628 5182 631 5217 l

696 4065 885 4120 ruerit
914 4064 1205 4134 Princeps
1257 4060 1583 4134 paStorum,
1618 4059 1951 4132 percipietis
1978 4059 2368 4117 immarcessi-

694 4151 879 4209 bilem
914 4151 1127 4226 gloriae
1160 4166 1436 4207 coronam
1470 4149 1518 4221 (ι
1542 4151 1694 4204 Pelr.
1725 4152 1809 4216 v.)

762 4242 1040 4314 Denique
1074 4237 1433 4312 pontificalis
1465 4236 1772 4293 sacerdotii
1795 4237 1934 4293 ordo
1956 4236 2190 4292 initium
2215 4253 2373 4293 sum-

693 4329 814 4402 psit
840 4330 918 4386 ab
950 4331 1174 4392 Aaron,
1208 4327 1362 4383 sicut
1410 4325 1551 4381 dicit
1599 4325 1881 4393 Isidorus,
1924 4341 2264 4399 quanquam
2313 4330 2371 4381 et

691 4416 1142 4475 Melchisedech
1193 4414 1353 4487 prior
1394 4412 1671 4469 obtulerit
1720 4413 2093 4480 sacrificium,
2136 4418 2192 4469 et
2240 4418 2373 4485 post

691 4506 855 4564 hunc
884 4504 1217 4572 Abraham,
1251 4507 1411 4559 Isaac
1441 4506 1498 4558 et
1523 4502 1733 4569 Jacob;
1767 4502 1866 4557 sed
1917 4501 2014 4557 isti
2050 4506 2371 4574 spontanea

688 4596 1163 4664 voluntate,non
1196 4590 1540 4649 sacerdotali
1573 4590 1912 4646 auctoritate
1942 4591 2056 4645 ista
2084 4582 2364 4647 fecerunt.

688 4684 982 4741 Caeterum
1006 4686 1207 4740 Aaron
1237 4680 1467 4755 primus
1517 4678 1577 4734 in
1610 4678 1736 4753 lege
1766 4678 2122 4735 sacerdotale
2152 4696 2366 4735 nomen

2480 791 2887 863 solvenditque
2916 792 3263 862 potestatem
3294 789 3524 861 primus
3545 788 4135 861 accepit,primusque

2481 880 2551 933 ad
2585 880 2759 934 fidem
2811 878 3093 950 populum
3141 879 3354 933 virtute
3394 878 3822 949 praedicationis
3867 877 4129 933 adduxit.

2481 967 2782 1039 Siquidem
2809 970 2865 1022 et
2882 966 3069 1022 caeteri
3091 966 3335 1037 apostoli
3355 983 3488 1021 cum
3510 967 3676 1021 Petro
3698 966 3823 1039 pari
3843 966 4131 1021 consortio

2479 1055 2718 1111 honoris
2750 1060 2805 1111 et
2829 1056 3133 1127 potestatis
3167 1059 3534 1127 acceperunt,
3570 1059 3627 1110 et
3658 1054 3803 1127 ipsis
3853 1054 4131 1127 apostolis

2480 1144 2887 1199 ordinantibus
2918 1147 3327 1199 successerunt
3354 1142 3738 1215 episcopi,qui
3761 1147 3901 1198 sunt
3922 1142 4135 1198 consti-

2477 1233 2584 1287 tuti
2616 1250 2719 1304 per
2748 1234 3035 1287 mundum
3070 1232 3127 1287 in
3161 1232 3402 1287 sedibus
3434 1230 3853 1303 apostolorum,
3881 1231 3981 1302 qui
4014 1247 4129 1286 non

2471 1324 2595 1393 jam
2629 1340 2696 1377 ex
2724 1326 2897 1394 gente
2941 1321 3133 1377 carnis
3181 1326 3239 1376 et
3286 1320 3588 1392 sanguinis
3636 1318 3934 1392 eliguntur
3978 1318 4134 1375 sicut

2479 1410 2758 1482 primum,
2793 1411 2893 1466 sed
2943 1427 3047 1482 pro
3096 1408 3562 1481 uniuscujusque
3608 1408 3836 1476 merito,
3867 1408 4023 1479 quod
4068 1408 4127 1463 in

2478 1515 2611 1555 eum
2643 1500 2838 1554 divina
2867 1499 3054 1571 gratia
3078 1498 3343 1554 contulit.

2549 1634 2710 1699 Quod
2728 1636 2924 1690 autem
2949 1650 3051 1704 per
3072 1649 3283 1687 manus
3301 1630 3737 1705 impositionem
3762 1648 3796 1686 a
3815 1646 4124 1703 praecesso-

2479 1721 2640 1776 ribus
2662 1720 2763 1777 Dei
2795 1721 3194 1776 sacerdotibus
3224 1720 3481 1793 episcopi
3512 1719 4128 1790 ordinantur,antiqua

2480 1810 2771 1865 institutio
2803 1814 2910 1864 est.
2943 1809 3033 1864 Sic
3082 1810 3239 1863 enim
3287 1808 3622 1881 patriarcha
3668 1807 3851 1875 Isaac,
3882 1822 4126 1863 manum

2481 1915 2658 1970 super
2682 1902 2858 1969 caput
2885 1898 3061 1953 Jacob
3085 1896 3711 1968 imponens,benedixit
3738 1896 3821 1964 ei;
3855 1893 4129 1951 similiter

2480 1992 2539 2043 et
2593 1987 2773 2042 Jacob
2818 1986 2956 2041 filiis
3006 1986 3158 2051 suis;
3211 1986 3463 2058 Moyses,
3513 2001 3688 2058 super
3731 1987 3907 2056 caput
3949 1983 4127 2039 Josue

2839 2090 3082 2147 ponens,
3133 2074 3294 2130 dedit
3341 2074 3391 2129 ei
3452 2073 3726 2145 spiritum
3780 2072 4017 2128 virtutis
4073 2074 4131 2126 et

2481 2164 2727 2219 ducatus
2758 2163 2814 2217 in
2845 2161 3057 2234 populo
3090 2161 3285 2217 Israel.
3318 2162 3413 2217 Sic
3459 2166 3516 2217 et
3562 2160 3865 2234 suppletor
3901 2159 4045 2232 legis
4074 2164 4131 2214 et

2478 2252 2915 2325 prophetarum,
2998 2250 3278 2305 Dominus
3316 2254 3515 2305 noster
3583 2250 3757 2305 Jesus
3836 2249 4125 2318 Christus,

2480 2340 2774 2414 apostolos
2805 2338 3115 2395 benedixit.
3144 2339 3208 2392 Et
3252 2338 3313 2393 in
3361 2337 3601 2393 Actibus
3631 2336 4028 2409 apostolorum
4058 2352 4127 2391 ex

2479 2433 2761 2502 prmcepto
2794 2426 2979 2483 sancti
2998 2426 3247 2499 Spiritus
3268 2426 3444 2481 Paulo
3466 2430 3522 2481 et
3542 2425 3817 2481 Barnabaa
3842 2422 4122 2497 apostolis

2481 2534 2692 2573 manus
2720 2516 2995 2588 imposita
3032 2519 3120 2570 est
3166 2515 3226 2569 in
3270 2514 3689 2586 episcopatum,
3720 2519 3777 2570 et
3824 2514 3908 2569 sic
3956 2511 4123 2568 missi

2481 2611 2619 2661 sunt
2660 2605 2733 2660 ad
2783 2603 3319 2675 evangelizandum.
3369 2603 3553 2676 Caput
3600 2603 3756 2658 enim
3804 2598 4124 2674 principale

2482 2694 2695 2750 mentis
2726 2693 3022 2765 designat;
3055 2696 3111 2747 et
3141 2692 3296 2747 sicut
3328 2696 3519 2747 mente
3549 2708 3758 2763 corpus
3786 2690 4025 2763 regitur,
4043 2689 4127 2744 ita

2481 2801 2584 2856 per
2634 2782 2937 2854 episcopos
2984 2779 3259 2848 Ecclesia,
3309 2797 3438 2852 qua:
3486 2784 3574 2836 est
3620 2796 3831 2852 corpus
3886 2777 4123 2845 Christi,

2481 2870 2806 2943 regitur.De
2827 2869 2921 2924 his
2942 2867 3156 2924 Paulus
3178 2867 3479 2939 apostolus
3505 2869 3578 2923 ad
3604 2868 3799 2923 Titum
3814 2866 4124 2938 :«Oportet,

2480 2958 2690 3031 inquit,
2725 2958 3062 3029 episcopum
3100 2955 3666 3029 irreprehensibilem
3699 2956 4006 3023 esse,sicut
4029 2953 4127 3008 Dei

2481 3044 2945 3119 dispensatorem
2978 3046 3106 3116 (Tit.
3144 3044 3204 3115 ι).
3249 3066 3276 3093 ››
3324 3044 3393 3099 Et
3436 3044 3507 3099 ad
3559 3043 3933 3099 Timotheum
3980 3042 4061 3097 ait
4112 3058 4125 3095 :

2480 3159 2507 3186 «
2542 3135 2598 3190 Si
2629 3135 2762 3207 quis
2790 3133 3188 3206 episcopatum
3220 3132 3530 3200 desiderat,
3565 3132 3783 3187 bonum
3811 3148 3958 3203 opus
3979 3128 4131 3185 desi-

2480 3226 2673 3292 derat;
2706 3225 2931 3295 Oportet
2963 3221 3117 3277 enim
3167 3220 3507 3292 episcopum
3555 3216 4124 3291 irreprehensibilem

2480 3329 2628 3379 esse,
2679 3310 2961 3377 sobrium,
3016 3309 3413 3380 prudentem(l
3442 3309 3574 3363 Tim.
3607 3310 3712 3375 Ill).
3743 3328 3773 3357 »
3814 3306 3885 3361 Et
3933 3304 4073 3360 item
4105 3324 4119 3363 :

2481 3424 2508 3451 ‹‹
2543 3400 2835 3456 Admoneo
2882 3403 2939 3453 te
2987 3401 3053 3453 ut
3099 3396 3410 3452 resuscites
3455 3395 3703 3469 gratiam
3750 3393 3851 3449 Dei
3901 3410 4029 3467 quae
4061 3395 4122 3451 in

2479 3493 2532 3544 te
2558 3492 2645 3544 est
2675 3504 2776 3559 per
2807 3484 3239 3557 impositionem
3265 3500 3549 3541 manuum
3580 3498 3843 3538 mearum
3876 3481 3948 3553 (ιι
3987 3483 4121 3537 Tim.

2476 3577 2535 3649 ι).
2575 3599 2600 3625 ››
2624 3575 2754 3630 Jam
2779 3591 2933 3641 vero,
2968 3573 3121 3646 quod
3155 3571 3460 3629 saeculares
3490 3570 3596 3629 viri
3628 3586 4001 3643 nequaquam
4049 3572 4122 3626 ad

2478 3664 2873 3721 ministerium
2904 3662 3169 3718 Ecclesiae
3201 3665 3605 3733 assumantur,
3634 3660 3839 3716 eadem
3886 3664 4123 3732 aposto-

2478 3752 2589 3809 lica
2639 3751 2954 3809 auctoritas
3005 3752 3173 3806 docet
3219 3755 3278 3807 et
3320 3751 3462 3806 dicit
3506 3768 3520 3807 :
3568 3771 3597 3800 «
3649 3748 3858 3806 Manus
3906 3747 4125 3804 nemini

2478 3842 2590 3897 cito
2620 3840 2971 3914 imposueris
3015 3841 3068 3911 (Ι
3116 3841 3251 3894 Tim.
3300 3839 3380 3909 v).
3434 3861 3463 3889 ››
3511 3838 3583 3894 Et
3628 3838 3843 3893 iterum
3877 3854 3891 3892 :
3923 3859 3951 3887 «
4002 3837 4126 3892 Non

2477 3930 2857 4002 neophytum,
2907 3946 2979 3983 ne
3025 3928 3086 3983 in
3133 3927 3408 3999 superbia
3453 3926 3641 3982 elatus
3688 3928 3738 3994 (ι
3782 3928 3913 3981 Tim.
3967 3925 4049 3996 ιιι)
4098 3947 4127 3976 ››

2476 4022 2639 4088 putet
2678 4035 2739 4073 se
2787 4034 2902 4072 non
2948 4020 3066 4071 tam
3118 4015 3513 4072 ministerium
3561 4012 3915 4069 humilitatis
3947 4029 4124 4085 quam

2479 4105 3049 4161 administrationem
3082 4103 3377 4159 sacularis
3406 4099 3711 4175 potestatis
3741 4101 4037 4173 adeptum,
4071 4105 4128 4157 et

2478 4194 2535 4248 in
2584 4192 3126 4249 condemnationem
3176 4190 3460 4263 superbiae
3508 4190 3660 4251 sicut
3705 4188 3974 4245 diabolus
4021 4206 4127 4261 per

2469 4281 2816 4353 jactantiam
2848 4281 3174 4352 dejiciatur.
3208 4281 3333 4335 Non
3375 4278 3531 4335 enim
3576 4277 3792 4335 valebit
3827 4276 4123 4334 saecularis

2476 4371 2650 4427 homo
2681 4369 2987 4426 sacerdotii
3042 4368 3442 4441 magisterium
3489 4365 3754 4440 implere,
3804 4368 3973 4439 cujus
4018 4382 4125 4422 nec

2476 4459 2731 4518 officium
2765 4458 3083 4525 tenuit,nec
3106 4457 3477 4529 disciplinam
3508 4455 3903 4529 cognovit,sed
3933 4471 4122 4527 neque

2406 4566 2411 4571 '
2475 4549 2680 4605 docere
2710 4551 2901 4621 potest
2926 4546 3080 4618 quod
3113 4562 3227 4602 non
3258 4544 3481 4602 didicit.

2546 4682 2707 4749 Quod
2740 4698 2873 4737 cum
2900 4681 2979 4736 ita
3008 4679 3103 4747 sit,
3147 4679 3391 4735 stultum
3442 4682 3500 4733 et
3546 4677 3775 4735 cunctis
3821 4676 4122 4734 catholicis

632 5550 633 5557 γ
669 5570 736 5625 In
769 5570 939 5625 Novo
962 5570 1177 5623 autem
1199 5566 1577 5621 Testamento
1594 5567 1726 5636 post
1745 5561 2038 5617 Cbristum
2070 5561 2369 5634 pontiﬁca-

686 4771 1309 4847 accepit,primusque
1337 4766 1820 4842 pontificalistola
1840 4765 2080 4823 indutus
2095 4766 2363 4823 victimas
2396 4787 2443 4853 Ι)
2475 4770 2865 4827 abominabile
2898 4770 2962 4825 fit
2990 4770 3141 4841 quod
3174 4768 3395 4841 putatis
3439 4784 3541 4824 vos
3584 4784 3756 4840 posse
3784 4767 3923 4824 dare
3965 4767 4121 4839 quod

686 4862 929 4931 obtulit,
959 4861 1200 4917 dicente
1229 4857 1477 4915 Domino
1508 4857 1580 4913 ad
1612 4857 1846 4928 Moysen
1891 4872 1903 4909 :
1939 4878 1967 4905 ‹‹
2013 4855 2241 4928 Accipe,
2276 4856 2364 4911 in-
2477 4878 2590 4916 non
2624 4859 2959 4932 accepistis;
3011 4875 3115 4914 nee
3165 4859 3380 4930 quibus
3428 4858 3489 4912 in
3538 4856 3709 4925 locis;
3746 4872 3852 4913 nec
3905 4855 4122 4927 quibus

2479 4949 2764 5005 ministris
2797 4949 2967 5003 detur
2996 4947 3229 5019 aliquod
3262 4946 3460 5020 gratiae
3489 4944 4123 5015 donum,difi'ereutiam
4162 4972 4167 4976 ι

2478 5038 2699 5105 facitis;
2731 5038 2832 5094 sed
2864 5037 2922 5091 in
2953 5036 3123 5103 lucis,
3160 5041 3261 5092 aut
3288 5035 3348 5090 in
3379 5035 3611 5103 breviis,
3630 5037 3733 5090 aut
3760 5033 3938 5090 etiam
3968 5033 4126 5089 intra

2478 5126 2751 5197 pudenda
2782 5129 2944 5197 septa
2974 5124 3320 5180 latrinarum
3343 5127 3562 5181 vestras
3585 5123 3928 5195 phantasias
3949 5125 4124 5194 atque

2478 5213 2793 5286 sacrilegas
2825 5213 3442 5285 incantationes,quasi
3469 5213 3765 5285 quoddam
3797 5211 4125 5268 sanctifica-

2476 5301 2653 5358 tionis
2709 5302 3075 5374 mysterium,
3126 5319 3304 5375 super
3348 5320 3446 5358 eos
3492 5302 3665 5375 agitis
3714 5319 3861 5375 quos
3911 5298 4123 5357 erroris

2477 5391 2653 5446 vestri
2680 5389 2969 5445 consortio
3001 5391 3322 5446 admiscere
3352 5391 3615 5463 potestis.
3649 5392 3773 5456 Qua
3801 5392 3860 5445 in
3888 5405 3948 5445 re
3976 5388 4124 5442 Pau-

2478 5478 2599 5534 lum
2624 5477 3157 5552 apostolum,quem
3182 5484 3440 5536 vestrum
3463 5480 3756 5536 doctorem
3775 5475 4125 5541 mentimini,

2474 5572 2733 5623 vestrum
2766 5566 2959 5638 potius
2992 5567 3256 5623 sentietis
3303 5572 3719 5634 accusatorem,
3754 5567 3853 5638 qui
3905 5563 3977 5618 ad
4026 5562 4124 5616 Ti-

2478 5657 2777 5712 motheum
2823 5655 3106 5723 scribens,
3140 5656 3221 5710 ait
3251 5674 3265 5712 :
3299 5679 3326 5706 ‹‹
3359 5657 3525 5712 Certa
3569 5656 3788 5709 bonum
3834 5654 4124 5706 certamen

2474 5744 2631 5815 fidei,
2664 5742 3035 5816 apprehende
3062 5743 3239 5799 vitam
3271 5747 3565 5807 aeternam,
3614 5740 3676 5795 in
3728 5756 3845 5811 qua
3884 5738 4121 5791 vocatus

2472 5849 2560 5904 εει
2584 5837 2641 5893 et
2669 5831 2975 5895 confessus
3001 5831 3211 5892 bonam
3243 5830 3665 5889 confessionem
3686 5827 3762 5903 (11
3787 5827 3919 5887 Tim.
3949 5821 4048 5900 γι).
4084 5841 4118 5901 nl

682 5036 1072 5095 tabernaculi
1109 5034 1722 5105 testimonii.Cumque
1749 5031 1955 5088 laveris
1985 5035 2207 5103 patrem
2233 5049 2366 5087 cum

684 5128 827 5183 ﬁliis
862 5143 1028 5199 aqua
1062 5123 1277 5179 indues
1325 5125 1515 5184 Aaron
1558 5121 1922 5176 vestimentis
1973 5120 2117 5188 suis,
2154 5121 2209 5174 id
2255 5125 2365 5185 est,

682 5215 866 5281 linea,
902 5221 965 5271 et
1015 5212 1244 5280 tunica,
1302 5215 1359 5267 et
1414 5209 1893 5283 superhumerale
1950 5212 2007 5264 et
2065 5208 2365 5275 rationale,

680 5305 845 5377 quod
870 5298 1262 5373 constringes
1290 5299 1510 5368 balteo;
1560 5302 1617 5354 et
1645 5314 1825 5371 pones
1854 5297 2061 5353 tiaram
2091 5298 2149 5353 in
2181 5299 2369 5370 capite

677 5393 905 5464 ejus,et
935 5388 1236 5445 laminam
1280 5391 1543 5444 sanctam
1589 5403 1767 5459 super
1811 5386 2041 5453 tiaram,
2076 5388 2134 5441 et
2177 5384 2371 5442 oleum

674 5478 997 5537 unctionis
1031 5476 1252 5533 fundes
1283 5492 1461 5548 super
1489 5479 1665 5547 caput
1715 5476 1845 5546 ejus
1895 5474 2087 5541 (Exod.
2129 5474 2306 5545 xxxx).
2337 5497 2366 5526 η

666 5656 745 5715 lis
773 5656 928 5715 ordo
958 5672 996 5711 a
1021 5653 1200 5708 Petro
1221 5646 1430 5725 coapit;
1461 5651 1575 5724 ipsi
1607 5651 1763 5706 enim
1795 5651 2051 5724 primum
2079 5651 2253 5706 datus
2281 5657 2369 5707 est

671 5746 1091 5829 pontificatus
1107 5737 1172 5795 in
1188 5741 1448 5798 Ecclesia
1467 5740 1860 5829 Christi,sicut
1880 5738 2021 5794 dicit
2040 5738 2325 5829 Dominus
2349 5759 2363 5800 :

668 5828 683 5899 ζ
753 5836 844 5900 Tu
878 5850 949 5893 es
982 5832 1224 5907 Petrus,
1272 5834 1329 5891 et
1376 5845 1553 5910 super
1600 5828 1751 5887 hanc
1788 5831 2022 5905 petram
2070 5828 2365 5891 aedificabo
