4986 6500
744 414 903 500 iis?”

1948 438 2148 504 ACTA
2192 424 2481 504 s'YNooI
2524 426 2911 509 ATRE'BA'T.

3967 431 4132 505 1298

741 577 837 643 per
858 580 1003 645 quas,
1029 571 1325 631 reu‘elante
1363 557 1923 648 S:criptura,multos
1944 576 2014 632 de
2042 575 2268 633 tumulo
2288 576 2371 632 vi-
2400 574 2456 642 Α
2485 576 2939 646 commendaret,
2974 568 3238 651 praebens
3285 580 3389 652 per
3443 575 3551 634 hoc
3596 591 3808 651 magna
3864 577 4127 650 exempla

738 659 942 716 ticrum
965 665 1020 718 et
1040 666 1226 719 morte
1251 663 1460 720 animai
1482 661 1856 721 resuscitatos
1880 665 2276 738 cognovimus,
2300 665 2372 721 de

738 748 944 821 quibus
977 748 1216 818 multos,
1242 756 1376 807 ante
1404 750 1743 814 electionem
1776 753 1836 808 in
1868 753 2094 809 malitia
2114 772 2222 811 sua
2251 770 2372 827 per-

736 836 1022 913 durantes,
1057 856 1160 913 per
1210 840 1609 912 paenitentiam
1658 841 1919 915 resipisci
1958 843 2368 915 cognovimus;

734 923 1011 997 plurimos
1039 944 1173 985 vero
1205 933 1336 1002 post
1381 929 1723 985 electionem
1772 930 1988 1003 lapsos,
2024 931 2124 988 sed
2173 934 2372 1004 postea

734 1013 1076 1083 paenitentia
1097 1015 1353 1073 remedio
1375 1015 1434 1072 in
1458 1018 1769 1089 pristinam
1792 1019 2037 1091 gratiam
2067 1019 2367 1075 relocatos.

734 1095 808 1156 Dii
833 1102 1045 1173 quibus
1078 1106 1312 1161 beatum
1345 1105 1583 1162 Petrum‘
1610 1107 1867 1178 primum
1898 1107 1958 1161 in
1992 1108 2248 1163 medium
2279 1107 2368 1162 in-

732 1191 1110 1261 troducimus,
1140 1194 1261 1268 qui,
1285 1193 1426 1249 dum
1459 1195 1792 1267 paenitendo
1823 1195 1983 1252 ﬂeret
2012 1197 2247 1269 culpam
2278 1214 2371 1253 ne-

730 1272 992 1348 gationis,
1019 1297 1136 1337 non
1166 1281 1359 1338 solum
1391 1283 1643 1354 priorem
1673 1285 1921 1357 gratiam
1952 1285 2365 1357 reimpetravit,

732 1357 833 1421 sed:
856 1367 1004 1424 inter
1032 1366 1240 1447 omnes
1270 1371 1452 1426 totius
1480 1369 1908 1445 Ecclesiae,quaa
1933 1373 1992 1428 in
2023 1374 2193 1429 terris
2223 1378 2289 1430 et
2310 1375 2368 1429 in

731 1450 883 1510 cdelis
909 1450 1016 1525 est,
1043 1454 1371 1531 primatum
1395 1459 1635 1532 accepit.
1660 1460 1807 1526 Quin
1839 1460 2015 1516 etiam
2057 1462 2367 1535 prodigum

728 1540 930 1611 ﬁlium,
957 1563 991 1602 a
1020 1547 1221 1621 gratia"
1241 1546 1482 1619 paterna
1509 1548 1820 1620 privatum,
1843 1548 1902 1603 in
1934 1550 2240 1623 Evangelia
2266 1567 2366 1605 au-

727 1624 1336 1707 divimuspmnitendo
1358 1653 1473 1692 non
1496 1635 1688 1693 solum
1719 1638 1778 1693 in
1809 1638 2058 1709 gratiam
2081 1638 2264 1711 patris
2285 1655 2370 1695 re-

727 1715 1025 1788 disse,lsed
1056 1727 1123 1780 et
1146 1723 1356 1781 stolam
1390 1725 1663 1797 primam,
1696 1743 1883 1798 quam
1896 1726 2190 1795 amiserat,
2213 1744 2368 1783 rece-

724 1800 893 1877 pisse.
921 1803 1336 1887 Primam‘cum
1360 1813 1548 1881 audis,
1568 1832 1682 1870 non
1708 1830 1916 1871 novam
1936 1815 2252 1890 intelligas,
2266 1818 2367 1872 sed

725 1895 1045 1985 antiquam,
1071 1894 1213 1973 quia
1257 1901 1468 1973 prioris
1514 1901 1856 1960 innocentiae
1884 1909 2125 1973 vestem,
2150 1922 2267 1977 qua
2308 1923 2370 1962 se
2400 1937 2459 2001 Β,

726 1980 1008 2053 peccando
1037 1988 1481 2062 exspoliaverat,
1511 1991 1842 2063 paenitendo
1874 1995 2177 2066 reparavit.

790 2072 1050 2149 Denique
1098 2077 1200 2150 qui
1248 2077 1573 2153 doctrinam
1613 2081 1992 2153 apostolicam
2044 2083 2366 2155 suscipitis,

724 2156 945 2239 opertfett
967 2165 1457 2238 audire‘qualiter
1491 2162 1700 2224 Paulus
1724 2166 2101 2226 fornicantem
2129 2173 2364 2227 fratrem

723 2248 1537 2332 compellat-ad’pmnitentiam
1559 2275 1609 2312 :«
1622 2256 1891 2324 Omnino,
1904 2259 2116 2330 inquit,
2132 2260 2370 2315 auditur

724 2333 864 2394 inter
888 2356 987 2397 vos
1011 2342 1341 2411 fornicatio,
1363 2348 1421 2400 et
1440 2344 1575 2400 talis
1602 2346 1905 2403 fornicatio
1935 2347 2125 2420 qualis
2147 2364 2251 2404 nec
2283 2349 2369 2404 in-

724 2420 1052 2499 teP’gentes,
1081 2431 1163 2487 ita
1199 2435 1264 2487 ut
1293 2449 1530 2489 uxorem
1580 2435 1762 2506 patris
1795 2432 1929 2508 quis
1977 2436 2266 2493 habuerit.
2301 2437 2369 2493 Et

722 2526 823 2570 voe‘
844 2514 1027 2576 inﬂati
1062 2519 1206 2577 estis
1236 2516 1294 2576 et
1332 2538 1445 2577 non
1479 2524 1668 2595 magis
1697 2523 1920 2580 luctum
1960 2524 2269 2594 habuistis,
2301 2530 2368 2581 ut

724 2602 955 2663 tollatur
983 2611 1055 2687 de
1091 2609 1286 2671 medio
1317 2615 1577 2666 vestrum
1610 2612 1709 2685 qui
1747 2613 1857 2668 hoc
1885 2630 2032 2685 opus
2064 2614 2215 2669 fecit.
2249 2614 2366 2687 Ego

726 2690 954 2774 quidam
979 2686 1752 2772 absens‘corpore,'preesens
1772 2705 1968 2756 autem
1992 2702 2222 2774 Spiritu,
2239 2686 2365 2773 jam

720 2772 991 2854 iudicavi,
1018 2791 1086 2842 ut
1127 2802 1404 2858 praesens,
1429 2803 1563 2843 eum
1593 2787 1694 2860 qui
1724 2783 1807 2844 sic
1850 2772 2121 2862 operatus
2165 2795 2273 2859 est,
2307 2791 2366 2845 in

728 2871 953 2949 nomine
970 2873 1205 2930 Domini
1226 2874 1456 2931 nostri‘J
1463 2891 1565 2931 esu
1579 2872 1810 2944 ChriSti,
1825 2878 2189 2949 congregatis
2204 2874 2383 2934 vobis

729 2945 785 3010 et
827 2958 955 3017 meo
1002 2960 1225 3035 spiritu
1248 2956 1625 3032 eumjvirtute
1668 2964 1909 3020 Domini
1940 2945 2106 3033 :Iesu,
2138 2966 2366 3021 tradere

731 3040 1059 3116 h‘ujusmodi
1091 3046 1320 3106 Satanae
1358 3051 1416 3107 in
1449 3048 1752 3109 interitum
1784 3054 1996 3120 carnis,
2028 3058 2091 3109 ut
2126 3054 2373 3125 spiritus

731 3130 917 3215 salvus
945 3134 1237 3197 sitrin‘die
1266 3139 1497 3195 Domini
1548 3139 1731 3198 nostri
1767 3141 1906 3197 Jesu
1936 3141 2147 3197 Christi
2173 3143 2219 3215 (Ι
2243 3142 2379 3213 ὀόν.⁵

2476 681 2619 720 verae
2652 664 3017 743 pmnitentiaap
3037 668 3098 723 et
3132 654 3551 724 documentum
3583 666 3791 741 ingens
3824 682 4125 743 regenera-

2478 753 2674 821 tionis,
2700 758 2874 826 atque
2902 744 3158 827 insignia
3178 757 3446 828 quaedam
3479 760 3535 811 et
3565 761 3778 829 tropaea
3798 755 4044 833 visibilis
4066 756 4124 812 in

2478 857 2544 897 eo
2574 842 3014 908 resurrectionis
3064 845 3401 900 ostendens.
3424 845 3640 900 Verum
3674 845 3924 917 qualiter
3967 844 4123 901 idem

2474 929 2733 986 Joannes
2763 931 3060 1002 apostolus
3090 931 3294 1005 angelo
3341 932 3608 988 Ecclesiae
3641 930 3850 1006 Ephesi
3882 933 4120 1002 scribat,

2477 1018 2921 1075 animadvertite
2952 1036 3017 1074 :«
3044 1020 3352 1087 Memento,
3385 1019 3599 1093 inquit,
3636 1022 3791 1077 unde
3820 1022 4122 1089 excideris,

2475 1110 2533 1163 et
2561 1116 2665 1179 age
2708 1106 3127 1180 paenitentiam,
3161 1112 3215 1164 et
3246 1109 3435 1181 prima
3482 1124 3660 1181 opera
3708 1110 3824 1177 fac;
3859 1110 4121 1182 alioquin

2474 1194 2711 1251 veniam
2731 1195 2856 1261 tibi,
2881 1199 2937 1252 et
2977 1197 3217 1252 movebo
3247 1196 3662 1252 candelabrum
3693 1201 3862 1253 tuum
3894 1199 3968 1253 de
3997 1184 4120 1254 loco

2476 1285 2603 1354 ejus
2625 1284 2803 1355 (Apoc.
2828 1284 2910 1356 ιι).
2929 1305 2957 1333 ››
2979 1285 3180 1340 Exstat
3204 1300 3409 1351 unum,
3433 1284 3588 1357 quod
3611 1286 3684 1339 ad
3711 1287 4124 1341 commendan-

2476 1372 2610 1427 dam
2641 1371 2991 1444 paanitentize
3012 1372 3125 1451 vim
3151 1373 3423 1442 sufficiat,
3448 1372 3799 1445 exemplum.
3822 1374 4121 1429 Senatoris

2475 1459 2783 1532 cujusdam
2810 1460 2992 1517 filiam
3022 1456 3138 1517 Deo
3171 1466 3565 1517 consecratam
3589 1463 3678 1517 vir
3701 1462 3961 1533 quidam,
3985 1478 4122 1518 cou-

2475 1548 2843 1620 cupiscentiai
2866 1548 3034 1604 furiis
3064 1541 3340 1622 agitatus,
3365 1550 3661 1629 quondam
3690 1566 3756 1605 eo
3780 1567 3966 1621 usque
3988 1551 4121 1629 ada-

2477 1637 2655 1692 mavit
2676 1641 2740 1692 ut
2768 1653 2872 1709 per
2897 1637 3193 1693 maleficos
3224 1626 3599 1717 immundum
3621 1638 3894 1710 spiritum
3916 1626 4122 1694 consu-

2477 1724 2639 1788 lerct.
2663 1725 2775 1781 Cui‘
2790 1740 2923 1782 cum
2954 1725 3199 1797 spiritus
3225 1725 3520 1799 malignus
3550 1726 3823 1782 desiderii
3853 1728 4118 1782 effectum

2477 1815 2860 1886 promitteret,
2884 1814 2932 1870 si
2955 1814 3186 1870 Christo
3220 1803 3632 1870 abrenuntiare
3660 1813 3854 1882 vellet,
3876 1813 3975 1870 ille
4005 1832 4119 1870 non

2477 1901 2667 1958 solum
2715 1902 3026 1975 acquievit,
3048 1919 3249 1958 verum
3282 1903 3807 1958 abrenuntiationis
3855 1902 4118 1959 chartam

2478 2002 2655 2046 manu
2677 1990 2911 2063 propria
2931 1990 3211 2063 scriptam
3238 1988 3321 2045 illi
3348 1991 3612 2058 donavit;
3645 1991 3845 2062 sicque
3874 2007 4119 2062 sponso-

2477 2078 2557 2133 ris
2588 2079 2677 2134 sui
2709 2084 2832 2134 arte
2861 2079 3103 2151 virginis
3146 2079 3479 2152 amplexum
3528 2080 3795 2151 adeptus,
3828 2096 3944 2134 non
3989 2082 4123 2151 post

2476 2166 2660 2222 multo
2678 2172 2874 2223 amare
2886 2168 3135 2223 deﬂebat
3149 2167 3335 2239 stupri
3356 2158 3620 2223 mercede
3637 2172 3932 2223 auctorem
3949 2184 4121 2223 suum

2475 2255 3014 2329 negasse.Tandem
3044 2256 3215 2310 beato
3245 2252 3451 2310 Basilio
3464 2246 3844 2327 Cappadociae
3877 2255 4122 2311 civitatis

2473 2343 2746 2414 episcopo
2776 2348 3009 2399 omnem
3042 2342 3122 2398 rei
3146 2342 3408 2398 ordinem
3431 2332 3759 2410 confessus,
3781 2343 3838 2397 in
3867 2344 4117 2414 quodam

2474 2428 2732 2486 conclavi
2766 2447 2867 2503 per
2889 2434 3007 2485 tres
3036 2431 3160 2486 dies
3192 2431 3300 2486 sub
3334 2420 3683 2503 pcenitentiae
3725 2430 4121 2486 satisfactione

2475 2518 2813 2587 recluditur,
2843 2506 2951 2574 ubi
2991 2519 3324 2574 infestantis
3354 2510 3596 2589 spiritus
3628 2518 3887 2573 convicia
3934 2508 4121 2574 multa

2476 2608 2713 2679 patitur.
2739 2598 2811 2662 At
2840 2606 2927 2660 vir
2954 2607 3180 2674 beatus,
3214 2598 3524 2661 convocata
3553 2605 3612 2659 in
3644 2603 3946 2660 ecclesiam
3981 2604 4118 2659 cieri

2475 2711 2543 2749 ac
2574 2691 2772 2767 populi
2806 2694 3204 2762 multitudine,
3238 2711 3351 2748 non
3385 2692 3606 2748 destitit
3634 2708 3797 2748 orare
3828 2693 3898 2747 ad
3928 2692 4120 2749 Domi-

2474 2800 2638 2850 num,
2664 2784 2847 2837 donec
2884 2781 3247 2838 validissimo
3292 2781 3571 2837 orationis
3610 2781 3924 2837 certamine
3969 2778 4117 2836 scri-

2474 2875 2640 2942 ptum
2672 2870 2743 2925 de
2774 2874 2949 2925 manu
2983 2869 3197 2925 diaboli
3226 2869 3485 2936 extorsit,
3505 2868 3563 2925 et
3582 2870 3810 2925 cunctis
3840 2862 4116 2924 intuenti-

2475 2957 2586 3013 bus
2611 2957 2928 3012 demissam
2962 2974 3064 3028 per
3092 2974 3281 3012 aerem
3315 2957 3577 3012 chartam
3611 2958 3846 3029 recepit.

2543 3044 2709 3101 Absit
2746 3044 2928 3116 igitur
2956 3062 2989 3099 a
3020 3044 3282 3099 fidelium
3330 3042 3628 3101 mentibus
3672 3046 3824 3101 hanc
3865 3049 4116 3101 vestram

2474 3133 2882 3189 exsecrabilem
2916 3133 3117 3198 audire
3148 3130 3492 3205 doctrinam,
3520 3136 3587 3188 ut
3616 3132 3818 3205 lapsis,
3849 3138 3982 3206 post
4005 3133 4118 3189 ele-

731 3212 1226 3289 vitnEt'alibim
1262 3228 1473 3285 Timeo
1510 3246 1604 3297 ne,
1636 3245 1769 3285 cum
1818 3247 2047 3298 venero,
2094 3212 2379 3286 humiliet’
2407 3294 2434 3298 ι
2474 3223 2744 3289 ctionem,
2790 3221 3189 3293 paenitentiam
3245 3216 3616 3292 nequaquam
3664 3220 3942 3293 proiicere
3995 3222 4118 3276 cre-

734 3311 818 3364 uie
847 3304 1001 3371 Deus
1029 3317 1185 3389 apud
1231 3332 1364 3383 vos,
1397 3321 1453 3372 et
1481 3294 1713 3390 lugeam
1744 3317 1961 3374 multos
2008 3294 2076 3374 ex
2120 3318 2215 3375 his
2265 3317 2364 3390 qui
2395 3294 2438 3362 C
2477 3309 2642 3366 dant!
2666 3325 2799 3364 cum
2818 3308 2944 3364 luce
2960 3302 3175 3363 clarius
3191 3313 3279 3363 est
3297 3310 3426 3379 poet
3441 3310 3771 3380 perpetrata
3784 3307 4005 3363 scelera
4023 3308 4123 3362 ho-

733 3402 856 3454 ante
875 3407 1284 3473 peccaverunt,
1303 3398 1495 3461 etnon
1519 3411 1762 3478 egerunt
1782 3407 2179 3478 paenitentiam
2197 3423 2374 3479 super

732 3481 1184 3561 immunditiam,
1232 3486 1289 3549 et
1327 3486 1790 3555 fornicationem.
1838 3500 1907 3551 et
1943 3496 2370 3573 impudentiam

734 3584 901 3661 fluam
946 3584 1260 3653 gesserunt
1301 3582 1376 3654 (II
1404 3583 1669 3653 Comm).
1695 3604 1723 3631 υ
1747 3584 1900 3649 Quid
1941 3584 2096 3639 enim
2146 3585 2373 3640 tradere

732 3657 1020 3724 hominem
1053 3668 1280 3726 Satanas
1327 3671 1388 3725 in
1436 3671 1737 3727 interitum
1771 3671 2084 3741 carnis,~ut
2129 3673 2372 3745 spiritus

733 3748 922 3810 salvus
945 3756 1071 3825 ﬁat,
1089 3752 1246 3813 aliud
1270 3762 1378 3825 est,
1402 3757 1514 3813 nisi
1535 3758 1694 3815 hunc
1715 3762 1870 3832 quod
1891 3776 1995 3833 per
2014 3761 2375 3817 incontinen-

732 3835 867 3895 tiam
916 3846 1115 3902 carnis
1155 3841 1501 3919 deliquerat,
1542 3844 1649 3920 per
1691 3846 2129 3905 tribulationem
2181 3850 2375 3905 carnis

734 3927 1058 4005 paenitendo
1079 3928 1322 4003 diluere,
1346 3932 1412 3991 ut
1440 3936 1633 3992 carnis
1653 3935 1946 3993 titillantis
1978 3938 2239 4012 rubigine
2262 3955 2376 4012 pce-

737 4013 983 4076 nitentiaa
1033 4023 1275 4080 camino
1306 4026 1558 4091 excocta,
1592 4024 1842 4096 spiritus‘
1881 4026 2083 4097 purior
2116 4027 2175 4081 in
2218 4027 2373 4082 diem

736 4098 956 4189 Domini
984 4111 1182 4168 salvus
1209 4112 1356 4169 fiat?
1386 4106 1548 4169 Unde
1576 4112 2120 4186 ipse,tpostmodum
2152 4112 2293 4170 dicit
2313 4131 2375 4171 se

736 4186 932 4279 timere
962 4216 1034 4255 ne
1063 4196 1261 4273 lugeat
1283 4199 1353 4257 de
1381 4216 1583 4257 eorum
1615 4201 1852 4258 interitu
1875 4202 1973 4273 qui
1996 4219 2110 4258 non
2130 4207 2376 4275 egerunt

736 4278 1128 4373 omnitentiam
1160 4305 1337 4362 super
1364 4289 1801 4346 immunditiam
1842 4294 1899 4346 et
1936 4290 2394 4348 fornicationem'

737 4380 896 4426 suam
908 4415 920 4428 .

803 4452 1061 4534 Denique
1092 4465 1151 4520 in
1182 4464 1577 4522 ecclesiastica
1603 4466 1860 4523 Historia
1885 4467 2196 4539 quemdam
2212 4466 2377 4540 juve-

739 4543 865 4601 nem
888 4552 1363 4627 apudEphesum
1397 4554 1728 4611 audivimus
1750 4573 1784 4611 a
1808 4556 1975 4615 beato
1993 4555 2374 4629 Joanne'apo-

2480 3398 2667 3453 mines
2688 3413 2793 3469 per
2810 3412 2938 3452 eam
2956 3396 3144 3451 redire
3164 3397 3234 3451 ad
3259 3394 3862 3460 innOcentiam.Quam
3882 3393 4120 3466 quidem

2479 3487 2624 3542 adeo
2654 3485 2968 3552 efficacem,
2995 3485 3135 3540 adeo
3168 3485 3460 3556 potentem
3484 3482 3555 3539 ad
3579 3481 3860 3539 abolenda
3888 3482 4124 3554 peccata

2480 3572 2698 3645 experti
2717 3588 2925 3629 sumus
2947 3571 3275 3640 ut,etiamsi
3296 3570 3357 3627 in
3376 3570 3585 3626 ultimo
3607 3570 3734 3626 vitae
3759 3570 4122 3643 spiritu'quis

2482 3664 2875 3719 admissorutn
2897 3661 3196 3733 poeniteat,
3212 3666 3268 3716 et
3288 3660 3524 3733 publica
3545 3659 3957 3716 lamentatione
3973 3675 4126 3715 com-

2482 3751 2665 3806 missa
2702 3751 3043 3823 prodantur,
3085 3750 3355 3805 fructum
3392 3752 3589 3805 tamen
3637 3748 3705 3805 et
3741 3746 3911 3821 spem
3946 3747 4122 3804 Venia:

2482 3830 2759 3895 salutaris
2777 3832 2893 3894 non
2920 3838 3288 3910 perdat,quia
3309 3835 4125 3909 propositum,quod'dec'revit

2482 3927 2706 3984 salvere
2727 3927 2881 3998 quod
2908 3925 3177 3998 perierat,
3196 3940 3312 3981 non
3334 3928 3525 3997 potest
3551 3925 3879 3992 immutari;
3912 3929 3967 3980 et
3994 3925 4123 3978 ideo

2482 4012 2623 4089 quia
2647 4008 2919 4070 voluntas
2968 4014 3096 4085 ejus
3145 4028 3259 4067 non
3312 4016 3593 4079 mutatur,
3616 4011 3846 4067 etiamsi
3890 4016 4124 4082 tempus

2481 4096 2907 4161 emendationis
2940 4117 3052 4156 non
3087 4099 3440 4167 conceditur,
3473 4099 3537 4156 si
3561 4104 3754 4155 tamen
3785 4100 3851 4153 ini
3874 4097 4123 4171 supplici

2481 4190 2842 4248 confessione
2884 4189 3002 4244 vita
3049 4188 3364 4259 exceditur,
3408 4186 3563 4243 ﬁdeli
3612 4187 3910 4259 proposito
3955 4187 4128 4242 venia

2482 4292 2599 4336 n‘on
2620 4283 2867 4351 negatur
2886 4277 3076 4333 abillo
3100 4278 3197 4349 qui
3222 4292 3345 4333 non
3358 4275 3484 4332 vult
3513 4280 3757 4331 mortem
3782 4275 4122 4348 peccatoris.

2484 4370 2591 4426 sed
2616 4372 2682 4423 ut
2713 4362 3082 4422 cenvertatur
3109 4383 3144 4420 a
3180 4364 3503 4437 perditione
3534 4363 3887 4435 paenitendo,
3919 4368 3977 4419 et
4014 4363 4129 4419 sal-

2482 4462 2651 4513 vatus
2681 4450 3054 4511 miseratione
3085 4451 3315 4509 Domini
3342 4452 3515 4508 vivat.
3541 4452 3702 4516 Quod
3733 4456 3927 4508 autem
3958 4451 4131 4523 objici

2484 4549 2709 4620 poterat
2738 4545 2808 4599 de
2841 4545 3072 4614 peccato
3103 4543 3170 4597 ad
3215 4545 3480 4609 mortem,
3505 4541 3597 4596 cui
3646 4538 3811 4596 nulla
3853 4544 4011 4612 patet
4055 4540 4128 4596 ad

741 4632 881 4690 stole
911 4637 970 4694 in
1003 4640 1356 4700 monasterio
1378 4636 1704 4712 reclusum;
1728 4643 1850 4716 qui,
1875 4642 2174 4700 catholicis
2196 4628 2372 4701 disci-
2410 4635 2709 4715 Dzv‘eniam
2740 4630 3077 4695 censolatio,
3109 4631 3164 4686 id
3199 4630 3433 4702 quidem
3461 4628 3663 4685 eorum
3693 4633 3782 4685 est
3802 4628 4003 4700 qui,in
4026 4629 4125 4684 de-

742 4716 913 4811 plinis
955 4727 1300 4799 instructus,
1334 4732 1397 4790 δι’
1419 4732 1791 4804 baptismatis
1819 4722 2069 4806 gratiam
2111 4733 2379 4805 adeptus,

743 4815 866 4893 post
891 4816 1053 4873 mula
1080 4820 1362 4893 religiOsaa
1392 4814 1850 4877 conversationis
1872 4820 2155 4893 exempla,
2179 4822 2381 4879 diabo-

743 4870 857 4951 lica:
887 4870 1714 4982 suasionisosp'irituagitatus
1756 4870 2177 4963 monasterium
2216 4904 2379 4964 dese-

745 4984 875 5069 ryit,
889 4988 947 5044 et:
963 4991 1116 5050 inter
1132 4990 1326 5069 sylvas
1342 4999 1400 5052 et
1410 4988 1607 5067 lustra
1624 4990 1879 5051 ferarum
1901 4992 2252 5061 homicidiis,
2269 4998 2384 5053 fur-

744 5054 814 5127 tis
835 5080 890 5131 et
902 5054 1230 5155 omnigenis
1256 5060 1495 5158 ﬂa‘gitiis
1518 5084 1877 5157 depravatae
1899 5088 2008 5139 est.
2033 5085 2215 5148 Quem
2239 5054 2380 5141 cum

747 5164 1039 5231 apostolus
1059 5167 1405 5245 requisitum
1430 5174 1501 5229 a’d
1525 5172 1845 5229 Ecclesiam
1866 5177 2178 5242 revocaret,
2202 5178 2259 5229 et
2280 5173 2384 5229 mi-

748 5250 947 5337 sfr'ille
963 5256 1041 5337 ob.
1054 5260 1518 5334 magnitudinem
1539 5260 1853 5317 criminum
1875 5258 2098 5316 nullam
2117 5277 2386 5335 reparan-

736 5330 827 5430 de
843 5330 1060 5430 salutis
1090 5330 1254 5422 spem
1289 5362 1350 5405 se
1380 5350 1592 5406 habere
1623 5349 1860 5414 diceret,
1892 5344 2101 5404 beatus
2129 5330 2405 5405 Joannes

743 5424 1117 5509 iurisiurandi
1151 5441 1515 5493 sacramento
1562 5438 1610 5493 ei
1664 5452 1827 5509 spem
1860 5435 2040 5490 venies
2072 5436 2383 5509 promittit.

752 5506 960 5601 Dehinc
979 5521 1226 5595 jejuniis
1257 5529 1313 5579 et
1353 5506 1716 5581 orationibus
1757 5539 1892 5579 eum
1936 5506 2092 5579 intra
2134 5541 2385 5598 paucum

752 5598 975 5675 ῑέωριιε
994 5607 1074 5666 ita
1104 5610 1356 5668 reddidit
1385 5613 1861 5681 emendatum,ut
1887 5605 2119 5668 caeteros
2142 5612 2388 5669 anteiret

755 5690 1071 5769 sanctitate,
1096 5705 1155 5756 et
1186 5699 1381 5773 ipsius
1397 5700 1669 5758 Ecclesiae
1688 5698 1955 5772 regimen
1968 5697 2053 5754 illi
2074 5698 2386 5775 Apostolus

2492 4721 2838 4795 sperationis
2887 4720 3107 4775 foveam
3140 4720 3497 4788 corruentes,
3519 4716 3666 4771 nihil
3717 4732 3979 4788 prorsus,
4011 4732 4126 4787 quo

2489 4804 2629 4868 inde
2655 4809 2827 4867 eximi
2858 4808 3107 4874 valeant,
3141 4805 3250 4862 sibi
3284 4805 3665 4878 reliquerunt.

2700 4892 2785 4954 IX.
2819 4896 2967 4966 Quod
2989 4897 3306 4968 ρωηίιεηιία
3329 4904 3448 4967 post
3474 4894 3699 4951 mortem
3728 4896 3913 4961 prosit.

2558 4988 2800 5056 Verum,
2825 5002 2898 5042 ne
2917 4982 3050 5057 quis
3071 4982 3469 5057 paenitentiam
3498 4983 3638 5039 solis
3655 4982 3879 5039 vivis'et
3894 4999 4013 5039 non
4035 4982 4132 5039 de-

2490 5068 2705 5132 functis
2736 5075 3023 5147 proficere
3043 5074 3258 5143 credat,
3279 5072 3493 5128 multos
3515 5073 3612 5144 qui
3647 5089 3681 5127 a
3698 5070 3911 5128 saeculo
3939 5076 4130 5128 trans-

2491 5166 2698 5231 ierant,
2718 5176 2964 5218 suorum
2990 5161 3202 5233 pietate
3226 5160 3541 5217 viventium
3561 5176 3595 5216 a
3615 5160 3802 5233 poenis
3822 5160 4128 5227 relevatos,

2490 5252 2715 5323 scriptu
2725 5266 2787 5306 ra
2804 5249 3389 5324 teste,comperimus,
3404 5249 3543 5305 dum
3562 5266 3666 5321 pro
3681 5250 3765 5306 eis
3781 5249 4132 5306 sacriﬁcium

2493 5334 2828 5398 Mediatoris
2869 5337 3128 5403 oil’ertur,
3161 5337 3248 5394 vel
3288 5336 3664 5411 eleemosynaa
3698 5339 3861 5403 ﬁunt,
3883 5335 3971 5392 vel
4003 5335 4135 5407 quis

2492 5427 2769 5485 vicariam
2828 5422 3180 5496 paenitentia:
3215 5426 3564 5482 solutionem
3623 5426 3894 5482 defuncto
3949 5422 4133 5477 amico

2494 5510 2788 5591 persolvit,
2812 5513 2952 5567 dum
2981 5514 3136 5584 quod
3156 5512 3315 5586 aeger
3344 5518 3671 5584 praeventus
3690 5516 3873 5569 morte
3894 5527 4005 5565 non
4035 5524 4133 5577 po-

2495 5602 2628 5671 tuit,
2648 5602 2814 5658 vivus
2845 5596 3080 5672 supplet
3108 5602 3354 5657 amicus.
3387 5602 3547 5664 Quod
3588 5600 3725 5671 quia
3753 5597 3881 5652 caeci
3911 5593 4129 5648 lumine

2496 5684 2772 5751 ﬁdei'non
2807 5684 3298 5762 solum‘rei'ugiiis
3346 5690 3595 5753 credere,
3621 5686 3718 5741 sed
3768 5682 3992 5754 penitus
4023 5678 4126 5730 de-
