4986 6490
800 391 950 458 1299
1755 399 2102 462 GERARDl
2142 399 2168 463 Ι
2211 398 2810 462 CAMERACENSIS
2858 399 3238 463 EPISCOPI.
4047 397 4212 466 £300
4245 433 4252 438 -

791 531 1015 586 struere
1060 528 1322 597 tentatis,
1357 547 1474 588 non
1519 549 1668 601 vere,
1702 537 1767 589 ut
1813 533 2095 599 asseritis,
2137 531 2429 606 Evangelii
2459 536 2507 602 Α
2542 532 2687 588 tima
2731 533 3116 605 praejudicant
3145 532 3456 601 connubia,
3489 532 3539 590 si
3570 537 3766 591 tamen
3811 531 4012 590 sciunt
4041 531 4215 591 omni

794 618 1090 674 auditores
1121 618 1285 674 estis.
1318 620 1465 676 Nam
1511 620 1638 693 ipsa
1667 621 1891 676 Veritas
1940 623 2080 677 dicit
2109 622 2248 694 quia
2279 639 2343 678 :«
2381 621 2440 676 Si
2548 626 2806 694 tempore
2839 623 2948 677 sibi
2980 623 3190 678 debere
3221 640 3348 679 esse
3395 623 3724 693 subjectam
3755 621 4017 697 condugii
4044 621 4220 679 volu-

795 705 928 777 quis
957 705 1017 760 in
1047 706 1332 779 Spiritum
1355 714 1623 764 sanctum
1649 709 2070 782 blasphemiam
2095 709 2324 778 dixerit,
2347 727 2443 764 ne-
2547 715 2786 782 ptatem,
2817 717 2870 766 et
2903 711 2950 766 si
2988 712 3329 767 discernunt
3359 717 3515 768 certa
3537 711 3888 768 concubitus
3919 716 4218 786 tempora,

799 810 912 866 que
945 794 1004 850 in
1035 795 1146 850 hoc
1189 797 1400 853 saeculo
1449 799 1775 854 remittetur
1801 799 1871 870 ci,
1907 816 2092 870 neque
2136 799 2195 853 in
2246 799 2440 853 futuro
2550 801 2783 872 quando
2817 802 3166 864 coeundum,
3193 806 3244 855 et
3271 802 3504 872 quando
3527 801 3600 856 ab
3625 800 3907 858 uxoribus
3937 799 4018 856 sit
4035 798 4220 860 absti-

800 883 1016 955 (Matth.
1040 884 1164 956 xu).
1190 906 1218 935 »
1245 886 1308 941 In
1342 903 1456 958 qua
1485 887 1788 953 sententia,
1823 887 1879 942 in
1913 887 2148 958 Dialogo
2181 905 2286 942 suo
2312 887 2444 942 bea-
2551 889 2827 943 nendum.
2856 889 2976 944 Non
3001 890 3156 944 enim
3192 889 3329 944 talia
3360 889 3650 944 connubia
3679 885 4045 962 beneplacita
4073 893 4222 946 sunt

802 975 900 1026 tus
932 971 1012 1026 ait
1032 972 1361 1044 Gregorius,
1385 975 1556 1031 datur
1584 976 1824 1047 intelligi
1850 977 2132 1048 quasdam
2157 977 2358 1046 culpas
2387 976 2442 1029 in
2553 981 2686 1042 Deo,
2704 978 2917 1048 quibus
2952 978 3217 1033 homines
3243 979 3313 1032 ad
3348 977 3638 1032 luxuriam
3665 982 3721 1032 et
3740 975 4004 1048 delicias,
4027 975 4222 1034 instar

803 1059 914 1116 hoc
937 1059 1166 1130 saeculo,
1191 1063 1474 1134 quasdam
1497 1081 1626 1120 vero
1654 1065 1714 1120 in
1744 1065 1938 1119 futuro
1970 1081 2142 1135 posse
2175 1064 2440 1119 relaxari.
2551 1064 2917 1132 animalium,
2954 1072 3360 1138 provocantur,
3394 1065 3489 1138 qui
3542 1066 3726 1121 Deum
3777 1083 3812 1121 a
3859 1082 3968 1122 sua
4017 1070 4223 1128 mente

805 1150 966 1215 Quod
999 1149 1152 1206 enim
1181 1151 1251 1206 de
1281 1168 1396 1206 uno
1429 1156 1691 1225 negatur,
1725 1169 2086 1224 consequens
2116 1150 2444 1207 intellectus
2551 1153 2882 1222 excludunt,
2917 1161 2970 1209 et
3020 1173 3138 1209 suae
3189 1155 3416 1210 libidini
3476 1159 3704 1222 vacant,
3729 1154 3886 1211 sicut
3933 1170 4130 1228 equus
4157 1159 4222 1214 et

802 1241 962 1309 patet
1002 1239 1155 1309 quod
1200 1239 1270 1294 de
1299 1239 1652 1312 quibusdam
1693 1242 2062 1308 conceditur;
2096 1241 2196 1295 sed
2235 1239 2342 1295 hoc
2373 1241 2443 1294 de
2555 1241 2768 1296 mulus.
2791 1244 2892 1305 Qui
2919 1249 3112 1298 autem
3139 1245 3215 1298 ita
3239 1244 3511 1316 conjugio
3537 1243 3824 1312 utitur,ut
3842 1259 3978 1299 cum
4000 1242 4221 1302 timene

799 1326 991 1397 parvis
1019 1327 1401 1400 minimisque
1450 1329 1703 1401 peccatis
1745 1331 2118 1396 credendum,
2153 1334 2260 1396 est,
2294 1329 2445 1384 sicut
2555 1331 2648 1385 Dei
2683 1331 2736 1384 in
2769 1349 3023 1387 amorem
3072 1331 3323 1387 tiliorum
3375 1333 3570 1404 potius
3622 1331 3905 1400 intendat,
3929 1347 4116 1404 quam
4147 1337 4222 1390 ut

801 1418 887 1470 est
907 1415 1219 1472 continuus
1239 1416 1462 1473 otiosus
1484 1435 1696 1485 sermo,
1719 1419 2137 1474 immoderatus
2158 1419 2335 1484 risus,
2355 1417 2442 1472 vel
2552 1419 2866 1490 petulantis
2897 1423 3087 1475 carnis
3118 1421 3510 1492 appetentiam
3550 1419 3796 1492 expleat,
3831 1419 3990 1478 hunc
4034 1419 4223 1496 culp;

799 1503 894 1558 ali.
931 1545 943 1558 .
980 1547 992 1558 .
1031 1547 1044 1561 .
1083 1547 1096 1561 .
1130 1522 1282 1561 cura:
1319 1506 1648 1574 familiaris,
1685 1511 1741 1562 et
1786 1513 2012 1575 caetera,
2053 1507 2178 1564 sine
2229 1506 2443 1578 quibus
2553 1510 2806 1579 conjugii
2841 1510 2910 1562 de
2943 1516 3094 1564 sorte
3127 1509 3386 1564 fidelium
3421 1527 3533 1564 non
3566 1510 3836 1582 privabit.

798 1592 919 1647 vita
948 1593 1214 1650 humana
1243 1610 1357 1650 non
1394 1595 1606 1667 agitur,
1638 1613 1764 1668 quae
1796 1596 1970 1652 etiam
2021 1601 2152 1668 post
2196 1600 2440 1650 mortem
2628 1597 2928 1651 Falluiitur
2959 1599 3136 1668 igitur
3157 1598 3254 1669 qui
3282 1599 3622 1669 conjugatos
3643 1615 3675 1652 a
3698 1613 3877 1671 regno
3900 1595 4006 1656 Dei
4025 1601 4228 1660 exter-

800 1685 1064 1752 gravant,
1083 1681 1134 1738 si
1164 1682 1352 1738 adhuc
1373 1684 1433 1740 in
1464 1683 1572 1740 hac
1594 1685 1710 1740 vita
1732 1685 1939 1756 positis
1967 1684 2206 1739 minime
2228 1684 2444 1739 fuerint
2479 1713 2488 1720 ε
2553 1684 2862 1740 minandos
2911 1686 3227 1753 affirmant,
3268 1687 3584 1757 praesertim
3626 1703 3762 1741 cum
3805 1686 3866 1741 in
3896 1685 4224 1762 Evangelia

801 1769 1024 1838 laxata;
1057 1787 1184 1843 qua
1214 1789 1318 1844 per
1354 1772 1549 1846 ignem
1580 1775 1982 1845 purgatorium
2027 1777 2158 1845 post
2197 1777 2440 1828 mortem
2553 1771 2891 1842 hujusmodi
2949 1773 3345 1830 testimonium
3397 1773 3740 1842 habeamus,
3777 1779 3836 1832 et
3890 1774 4226 1848 apostolica

800 1856 926 1966 inse
945 1857 1120 1931 paulo
1143 1864 1276 1932 post
1314 1861 1455 1917 dicit
1484 1863 1740 1935 purgari,
1762 1863 1809 1918 si
1835 1861 1894 1916 in
1929 1861 2036 1917 hac
2072 1862 2190 1917 vita
2219 1861 2442 1933 positus
2475 1902 2522 1966 Β
2553 1861 2784 1966 traditio
2812 1862 2984 1916 talem
3023 1862 3290 1916 humana:
3315 1863 3757 1966 consuetudinis
3782 1861 3974 1936 legem
4005 1862 4226 1966 multis

803 1945 912 2002 hoc
941 1947 1110 2002 bonis
1141 1949 1392 2018 actibus,
1419 1955 1487 2005 ut
1514 1949 1631 2006 illic
1661 1951 1943 2017 obtineat,
1975 1950 2188 2021 aliquis
2218 1967 2446 2022 prome-
2476 1945 2522 1966 ¹¹
2555 1949 2610 2002 in
2646 1949 2787 2003 locis
2820 1952 3144 2005 confirmet.
3181 1951 3258 2006 De
3290 1969 3404 2023 qua
3435 1968 3494 2006 re
3527 1951 3634 2007 hoc
3665 1968 3850 2007 unum
3881 1968 3951 2009 ex
3976 1969 4082 2012 ore
4105 1951 4226 2012 Ve-

805 2039 1018 2092 reatur.
1040 2036 1206 2092 Unde
1229 2039 1364 2109 jure
1395 2056 1428 2093 a
1457 2039 1677 2095 sanctis
1703 2039 2040 2095 doctoribus
2071 2038 2445 2111 purgatorius
2553 2038 2741 2092 ritatis
2777 2040 3173 2093 testimonium
3205 2039 3575 2111 proferimus.
4203 2095 4208 2098 .

803 2121 958 2194 ignis
1001 2141 1131 2181 esse
1175 2125 1582 2198 dicitur,quod
1631 2144 1736 2199 per
1781 2143 1914 2182 eum
1962 2132 2198 2200 peccata
2248 2127 2446 2198 aliqua
2623 2127 3498 2194 Nam,Phariszeistentantibus
3518 2129 3566 2184 si
3590 2127 3789 2184 liceret
3811 2128 4040 2186 homini
4063 2146 4216 2188 uxo-

803 2217 1149 2284 purgantur,
1166 2220 1338 2287 prout
1370 2216 1646 2283 viventes,
1670 2221 1771 2272 aut
1793 2216 2195 2288 eleemosynis,
2221 2222 2320 2271 aut
2349 2233 2443 2271 sa-
2553 2231 2675 2270 rem
2708 2234 2873 2270 suam
2909 2218 3200 2271 dimittere
3232 2234 3580 2288 quacunque
3627 2233 3694 2272 ex
3745 2234 3944 2287 causa,
3977 2217 4080 2276 ille
4121 2235 4220 2278 re-

800 2300 1056 2374 crificiis,
1077 2307 1180 2358 aut
1201 2309 1370 2372 certe,
1396 2304 1547 2360 sicut
1565 2310 1698 2362 ante
1719 2305 1994 2371 diximus,
2016 2305 2232 2360 vicaria
2260 2305 2442 2376 poeni-
2551 2305 2846 2375 spondens
2870 2303 2948 2359 ait
2970 2322 3016 2358 ;‹‹
3040 2306 3158 2359 Non
3187 2305 3409 2376 legistis
3428 2306 3560 2376 quia
3578 2305 3677 2377 qui
3703 2305 3856 2374 fecit,
3872 2305 4222 2382 masculum

797 2390 988 2445 tentias
1023 2391 1312 2450 solutione
1357 2393 1612 2450 obtinere
1659 2399 1926 2467 possunt.
1952 2394 2113 2450 Unde
2143 2399 2199 2448 et
2228 2394 2442 2449 Paulus
2550 2396 2606 2446 et
2639 2394 2912 2448 feminam
2945 2395 3016 2447 ab
3037 2393 3197 2448 initio
3225 2395 3488 2460 feciteos,
3513 2394 3734 2448 etdixit
3759 2411 3771 2449 :
3798 2393 4043 2468 Propter
4089 2393 4212 2468 huc

797 2477 878 2532 ait
907 2479 1046 2550 quia
1070 2499 1119 2537 :«
1142 2481 1244 2536 Vir
1285 2465 1890 2549 fortissimus—Judaei,
1915 2482 2223 2538 collatione
2269 2484 2441 2553 facta,
2551 2481 2805 2536 dimittet
2860 2482 3031 2536 homo
3085 2487 3308 2552 patrem
3359 2488 3415 2537 et
3466 2486 3734 2551 matrem,
3780 2485 3837 2546 et
3887 2465 4224 2542 adhsrebit

797 2567 960 2624 misit
986 2568 1412 2642 Jerosolymam
1446 2571 1754 2626 duodecim
1792 2570 1976 2626 millia
2012 2571 2322 2626 drachmas
2352 2588 2444 2626 ar-
2551 2571 2710 2624 uxori
2745 2589 2884 2635 suae,
2912 2575 2967 2624 et
2995 2576 3163 2624 erunt
3215 2571 3329 2626 duo
3362 2570 3420 2624 in
3453 2587 3627 2625 carne
3663 2587 3800 2625 una.
3833 2569 4042 2645 Itaque
4077 2572 4220 2645 jam

798 2655 1197 2724 genti,oﬂ‘erre
1210 2675 1309 2714 eas
1327 2675 1429 2729 pro
1452 2659 1705 2730 peccatis
1722 2664 2106 2727 mortuorum,
2113 2660 2273 2730 juste
2290 2664 2346 2714 et
2365 2675 2445 2714 re-
2552 2676 2664 2712 non
2694 2664 2831 2713 sunt
2874 2660 3010 2722 duo,
3046 2660 3146 2713 sed
3181 2677 3294 2712 una
3334 2676 3485 2714 caro.
3521 2659 3683 2725 Quod
3717 2676 3856 2732 ergo
3882 2659 4041 2718 Deus
4069 2676 4222 2720 con-

800 2741 1006 2815 ligiose
1027 2743 1290 2817 cogitans
1322 2746 1392 2801 de
1422 2747 1871 2815 resurrectione;
1896 2747 2005 2803 nisi
2039 2749 2194 2803 enim
2221 2763 2320 2802 eos
2343 2747 2442 2818 qui
2542 2747 2760 2818 junxit,
2786 2747 2957 2801 homo
3003 2763 3114 2801 non
3165 2752 3391 2818 separet
3416 2748 3637 2818 (Matth.
3662 2751 3802 2816 xix).
3833 2770 3863 2798 ››
3885 2747 4222 2822 Requiren-

801 2831 1132 2890 ceciderant
1157 2840 1588 2892 resurrecturos
1609 2837 2254 2908 speraret,superﬂuum
2285 2837 2440 2892 vide-
2551 2836 2708 2891 tibus
2737 2841 2938 2890 autem
2989 2834 3126 2902 illis,
3153 2843 3215 2890 ut
3245 2835 3386 2906 quid
3436 2836 3663 2909 Moyses
3713 2836 4056 2893 mandasset
4083 2831 4222 2894 dari

802 2925 962 2976 retur
989 2926 1048 2978 et
1075 2939 1290 2979 vanum
1323 2940 1486 2980 orare
1528 2941 1632 2997 pro
1663 2925 1930 2980 mortuis.
1953 2948 1980 2974 η
2008 2925 2221 2980 Deinde
2252 2925 2392 2980 dicit
2423 2941 2437 2980 :
2550 2923 2812 2979 libellum
2841 2923 3065 2995 repudii
3117 2928 3174 2978 et
3220 2923 3534 2990 dimittere,
3569 2925 3651 2978 ait
3697 2923 3812 2980 illis
3837 2943 3888 2980 :«
3917 2925 4222 2990 Quoniam

799 3031 827 3058 «
855 3013 1067 3067 Sancta
1095 3029 1232 3086 ergo
1252 3017 1309 3068 et
1336 3012 1590 3070 salubris
1612 3020 1699 3070 est
1719 3015 1988 3086 cogitatio
2015 3031 2118 3086 pro
2150 3013 2440 3069 defunctis
2551 3013 2776 3085 Moyses
2801 3013 2870 3067 ad
2903 3011 3179 3067 duritiam
3205 3013 3396 3068 cordis
3417 3012 3590 3068 vestri
3625 3013 3896 3084 permisit
3925 3015 4096 3071 vobis
4123 3016 4223 3072 di-

799 3115 1052 3169 exorare,
1082 3105 1151 3157 ut
1179 3119 1214 3158 a
1239 3107 1472 3174 peccato
1501 3102 1798 3160 solvantur
1825 3105 1902 3172 (Il
1926 3105 2093 3161 Mach.
2127 3107 2249 3172 xu).
2277 3127 2304 3153 ››
2551 3103 2780 3157 mittere
2827 3119 3035 3158 uxores
3081 3106 3332 3168 vestras;
3365 3102 3438 3156 ab
3469 3101 3634 3158 initio
3681 3106 3878 3158 autem
3927 3120 4046 3158 non
4103 3103 4228 3160 fuit

865 3189 1104 3246 Constat
1133 3190 1330 3264 igitur,
1353 3196 1417 3247 ut
1445 3191 1720 3260 diximus,
1744 3191 1951 3248 talium
1980 3209 2221 3264 cperum
2254 3191 2438 3264 pretio
2547 3191 2650 3245 sic.
2673 3191 2806 3244 Dico
2837 3195 3032 3245 autem
3065 3189 3226 3245 vobis
3247 3189 3386 3262 quia
3405 3189 3740 3262 quicunque
3771 3206 4038 3257 uxorem,
4085 3191 4224 3254 nisi

790 3277 1095 3336 defunctos
1125 3297 1296 3352 posse
1327 3297 1362 3336 a
1389 3281 1642 3354 peccatis
1688 3279 1930 3348 absolvi,
1957 3279 2174 3352 alioqui
2221 3280 2437 3336 Paulus
2467 3265 2509 3332 C
2548 3279 2620 3334 ob
2655 3278 3110 3345 fornicationem,
3135 3277 3443 3346 dimiserit,
3476 3281 3533 3333 et
3561 3276 3738 3333 aliam
3768 3277 4023 3346 duxerit,
4065 3297 4221 3337 mm-

791 3367 1108 3438 apostolus,
1124 3369 1296 3440 cujus
1325 3386 1427 3426 vos
1457 3370 1756 3426 auditores
1798 3386 1927 3425 esse
1958 3369 2306 3436 mentimini,
2333 3387 2437 3424 ne-
2547 3367 2755 3422 chatur
2793 3366 2998 3436 (Ibid)
3028 3389 3054 3413 ››
3079 3365 3282 3421 Petrus
3321 3369 3518 3421 autem
3551 3364 3608 3420 in
3640 3365 3899 3438 Epistola
3931 3383 4046 3422 sua
4076 3368 4168 3424 ait
4199 3386 4214 3425 :

789 3471 1086 3528 quaquam
1117 3457 1444 3513 audiendus
1466 3458 1758 3530 esset,qui
1781 3458 1924 3513 dicit
1948 3457 2436 3530 lignum,fenum,
2549 3480 2575 3505 ‹‹
2613 3454 2885 3511 Mulieres
2918 3453 3164 3511 subdita:
3200 3454 3318 3510 sint
3340 3452 3481 3510 viris
3511 3452 3656 3521 suis,
3687 3458 3752 3509 ut
3782 3458 3841 3510 et
3870 3455 3920 3510 si
3952 3456 4058 3528 qui
4091 3475 4218 3514 non

789 3543 1096 3616 stipulam,
1123 3544 1183 3599 id
1222 3548 1334 3610 est,
1361 3549 1598 3616 peccata
1639 3545 1887 3600 minima
1933 3549 2107 3616 atque
2143 3544 2441 3601 levissima
2549 3546 2795 3601 credunt
2829 3544 3022 3610 verbo,
3057 3559 3159 3616 per
3197 3541 3511 3600 mulierum
3541 3541 4050 3600 conversationem
4083 3545 4223 3604 sine

792 3629 927 3703 igne
942 3631 1281 3703 purgatorio
1296 3629 1465 3688 facile
1480 3631 1746 3688 consumi
1765 3650 1778 3699 ;
1798 3631 2012 3704 quibus
2029 3632 2306 3688 nimirum
2325 3650 2440 3688 non
2548 3635 2722 3689 verbo
2754 3631 3049 3688 lucrifiant
3083 3632 3153 3704 (ΙΙ
3175 3637 3320 3689 Petr.
3344 3631 3453 3703 ιιι).
3477 3654 3499 3682 ι
3525 3631 3595 3687 Et
3642 3629 3816 3704 paulo
3865 3636 4002 3704 post
4029 3650 4042 3688 :
4066 3656 4088 3683 ι
4122 3635 4224 3692 Sic

794 3715 1273 3790 purgatoria,sed
1293 3721 1508 3774 asterna
1527 3718 1815 3791 supplicia
1838 3718 2209 3788 inferrentur,
2230 3719 2342 3776 nisi
2365 3724 2444 3775 ta-
2551 3723 2705 3778 enim
2743 3720 3053 3793 aliqaando
3102 3725 3159 3775 et
3203 3724 3418 3776 sanctis
3459 3718 3760 3788 mulieres,
3795 3725 4112 3792 sperantes
4158 3723 4220 3780 in

797 3805 954 3862 libus
977 3805 1188 3862 hostiis
1207 3807 1670 3878 promeruissent
1692 3807 1824 3879 igne
1856 3808 2192 3881 purgatorio
2213 3807 2439 3864 resolvi.
2551 3812 2687 3882 Deo,
2737 3811 3024 3866 ornabant
3075 3825 3159 3875 se,
3189 3808 3464 3881 subjecta:
3523 3808 3774 3882 propriis
3832 3807 3997 3878 viris,
4061 3811 4229 3869 sicut

1365 3895 1431 3952 X.
1463 3898 1538 3953 De
1570 3897 1874 3953 connubiis.
2551 3901 2694 3955 Sara
2749 3897 3056 3955 obediebat
3109 3896 3383 3965 Abrahae,
3437 3895 3744 3953 dominum
3801 3913 3941 3953 sum
3995 3915 4226 3958 vocans

871 3988 947 4039 De
967 3983 1278 4040 connubiis
1318 4000 1470 4053 vero,
1495 4001 1622 4058 quae
1660 4002 1762 4041 vos
1798 3990 1998 4040 contra
2027 3985 2358 4058 evangelica
2387 3989 2444 4042 et
2552 3988 2796 4060 (lbid.).»
2820 3987 2890 4042 Et
2917 3986 3128 4042 iterum
3163 4003 3212 4041 ;‹‹
3235 3983 3356 4041 Viri
3389 3983 3657 4041 similiter
3682 3984 4098 4044 cohabitantes
4128 4008 4220 4046 se-

799 4071 1118 4144 apostolica
1143 4074 1376 4129 decreta
1399 4073 1683 4147 sacrilega
1712 4079 1907 4130 mente
1937 4074 2329 4130 abominanda
2349 4077 2444 4146 ju-
2551 4077 2810 4132 cundum
2843 4073 3169 4140 scientiam,
3194 4073 3362 4146 quasi
3393 4072 3702 4130 infirmiori
3733 4072 3972 4130 vasculo
4009 4077 4229 4134 mulie-

799 4160 1025 4229 dicatis,
1050 4161 1312 4218 dicentes
1341 4163 1686 4236 conjugatos
1714 4163 1772 4219 in
1805 4167 2021 4220 sortem
2051 4163 2312 4221 fidelium
2343 4181 2440 4221 ne-
2551 4165 2641 4220 bri
2667 4162 3063 4236 impertientes
3093 4161 3373 4217 honorem
3404 4159 3618 4232 (Ibid)
3641 4183 3670 4211 ιο
3705 4160 3870 4218 Unde
3909 4167 3967 4218 et
4002 4163 4224 4222 beatus

798 4266 1093 4322 quaquam
1123 4252 1572 4322 computandos,
1603 4251 1790 4308 multa
1830 4257 2164 4308 sanctorum
2203 4253 2442 4308 Patrum
2553 4252 2768 4308 Paulus
2798 4251 2870 4307 ad
2897 4249 3225 4306 Corinthios
3255 4253 3340 4305 ait
3365 4268 3386 4305 :
3409 4271 3438 4300 «
3461 4249 3688 4306 Bonum
3719 4254 3810 4306 est
3833 4249 4066 4307 homini
4101 4271 4222 4310 non

797 4342 1107 4394 occurrunt
1135 4337 1400 4410 exempla
1425 4357 1553 4411 quae
1585 4340 1656 4395 ad
1703 4339 2064 4396 inﬁdelitatis
2102 4340 2282 4412 hujus
2318 4339 2441 4396 bla-
2551 4346 2788 4412 tangere
2841 4339 3180 4407 mulierem;
3232 4341 3467 4410 propter
3509 4337 3957 4395 fornicationem
4013 4345 4224 4398 autem

796 4426 1124 4499 phemiam
1154 4428 1571 4484 confutandam
1603 4428 1748 4484 satis
1777 4429 2090 4484 sufﬁciant.
2119 4428 2199 4484 De
2229 4428 2444 4501 quibus
2553 4427 2960 4501 unusquisque
2992 4443 3160 4482 suam
3202 4441 3438 4482 uxorem
3471 4425 3706 4496 habeat,
3731 4429 3790 4482 et
3838 4443 4225 4502 unaquaeque

796 4532 904 4570 nos
937 4531 1320 4588 responsuros
1352 4516 1604 4588 quodam
1633 4516 2006 4573 discretionis
2048 4515 2442 4590 gubernaculo
2551 4519 2741 4572 virum
2774 4533 2948 4573 suum
2977 4515 3209 4572 habeat.
3239 4513 3412 4596 Uxori
3441 4511 3530 4570 vir
3557 4513 3822 4570 debitum
3869 4515 4106 4583 reddat,
4137 4519 4223 4574 si-

795 4603 979 4660 nostri
999 4604 1289 4661 sermonis
1311 4605 1570 4660 carinam
1593 4604 1862 4678 subigere
1885 4609 2130 4678 oportet,
2153 4621 2248 4673 ne,
2274 4605 2442 4678 quasi
2475 4628 2522 4694 D
2554 4604 2770 4694 militer
2816 4609 2873 4662 et
2913 4621 3068 4694 uxor
3095 4602 3216 4694 viro
3258 4603 3306 4694 (l
3329 4605 3454 4694 (lor.
3482 4601 3662 4694 v_u)._»
3807 4599 3984 4694 paulo
4035 4611 4176 4694 post
4203 4623 4221 4664 :

795 4693 946 4748 inter
961 4693 1110 4750 duos
1126 4693 1400 4766 scopulos
1416 4695 1784 4768 naufragium
1807 4694 2444 4766 incurrentes,occasio-
2475 4687 2514 4694 ⁷
2553 4715 2580 4742 ‹‹
2614 4691 2715 4747 His
2745 4696 2942 4748 autem
2969 4688 3072 4762 qui
3102 4688 3162 4744 in
3193 4689 3568 4746 matrimonio
3587 4687 3783 4761 juncti
3814 4693 3978 4758 sunt,
4005 4693 4223 4763 praeci-

795 4799 930 4837 nem
959 4781 1168 4836 domus
1196 4782 1256 4836 in
1294 4781 1900 4850 alterutrum,scilicet
1919 4788 2020 4839 aut
2052 4799 2256 4839 omnes
2285 4782 2440 4838 indi-
2477 4819 2480 4821 λ
2549 4781 2644 4854 pio
2666 4797 2781 4836 non
2803 4795 2929 4853 ego,
2955 4777 3055 4835 sed
3081 4777 3392 4846 Dominus,
3415 4793 3653 4834 uxorem
3675 4795 3708 4832 a
3733 4777 3854 4833 viro
3877 4795 3996 4834 non
4021 4780 4220 4837 disce-

795 4873 1034 4925 scretea
1057 4869 1347 4942 conjugiis
1377 4871 1734 4938 exterrendo,
1758 4876 1859 4928 aut
1884 4888 2089 4928 omnes
2127 4870 2440 4928 indiscrete
2548 4871 2712 4938 dere;
2763 4868 2918 4941 quod
2974 4867 3024 4923 si
3078 4865 3438 4934 discesserit,
3481 4881 3718 4924 manere
3778 4865 4080 4938 inuptam,
4114 4873 4222 4926 aut

794 4960 866 5013 ad
899 4959 1190 5016 connubia
1219 4959 1662 5015 commonendo.
1685 4961 1856 5016 Porro
1888 4961 2039 5017 sicut
2075 4961 2227 5016 inter
2255 4978 2436 5017 saecu-
2545 4959 2667 5015 viro
2697 4974 2804 5014 suo
2831 4955 3217 5023 reconciliari;
3245 4959 3304 5011 et
3341 4953 3432 5010 vir
3465 4969 3705 5010 uxorem
3755 4970 3875 5011 non
3923 4955 4218 5013 dimittat.

792 5046 946 5102 lares
965 5050 1022 5101 et
1040 5045 1907 5120 ecclesiasticosvirosquaedam
1925 5049 2435 5106 ordinisdiscretio
2547 5047 2605 5102 Si
2639 5042 2772 5118 quis
2828 5045 3004 5100 frater
3050 5059 3290 5099 uxorem
3343 5041 3558 5116 habeat
3612 5040 3936 5113 infidelem,
3973 5049 4034 5099 et
4088 5044 4216 5101 haec

795 5140 903 5202 est,
927 5134 1010 5189 ita
1039 5139 1096 5190 et
1123 5133 1480 5190 conversatio
1522 5151 1720 5191 eorum
1766 5139 2020 5210 quadam
2066 5137 2434 5195 discretionis
2545 5133 2832 5191 consentit
2865 5132 3128 5188 habitare
3161 5147 3296 5187 cum
3327 5129 3452 5202 illo,
3477 5145 3594 5187 non
3625 5129 3887 5186 dimittat
3916 5131 4122 5201 illam;
4153 5139 4221 5190 et

793 5223 1018 5278 ratione
1051 5221 1335 5277 servanda
1371 5227 1476 5278 est.
1501 5223 1643 5280 Nam
1675 5226 1764 5280 vir
1791 5225 2238 5294 ecclesiasticus,
2274 5232 2434 5299 post-
2544 5225 2592 5278 si
2625 5240 2750 5296 qua:
2781 5220 2992 5277 mulier
3029 5219 3206 5275 habet
3233 5217 3426 5274 virum
3475 5215 3795 5290 infidelem,
3823 5223 3881 5273 et
3910 5221 4219 5276 consentit

792 5327 972 5384 quam
1005 5309 1203 5366 relicta
1226 5311 1423 5366 seculi
1455 5312 1665 5368 militia
1693 5313 1751 5368 in
1783 5317 2000 5368 sortem
2031 5313 2260 5368 Domini
2283 5332 2435 5370 com-
2542 5311 2805 5366 habitare
2856 5325 2992 5365 cum
3051 5307 3169 5377 illa,
3223 5324 3338 5363 non
3387 5305 3647 5378 dimittat
3707 5307 3930 5375 virum;
3985 5309 4213 5364 sancti-

791 5402 1051 5472 putatur,
1075 5415 1188 5454 non
1209 5404 1422 5471 potest,
1445 5400 1603 5456 salvo
1626 5400 2006 5474 professionis
2027 5417 2144 5456 suae
2176 5401 2430 5474 cingulo,
2541 5401 2748 5456 ficatus
2805 5401 2894 5454 est
2957 5397 3044 5453 vir
3113 5395 3367 5453 infidelis
3433 5411 3537 5469 per
3603 5395 3914 5452 mulierem
3971 5397 4213 5454 fidelem

793 5487 1085 5560 conjugali
1118 5493 1241 5544 toro
1273 5506 1334 5544 se
1363 5489 1576 5544 iterum
1608 5488 1962 5560 mancipare.
1984 5489 2057 5544 At
2085 5488 2226 5544 viris
2256 5507 2433 5546 smcu-
2541 5488 2744 5560 (Ibid.).
2771 5508 2798 5540 ιι
2824 5487 2893 5542 Et
2935 5503 3142 5542 rursus
3189 5502 3325 5541 cum
3357 5483 3430 5540 de
3468 5477 3802 5558 virginibus
3843 5492 4214 5559 praeceptum

791 5575 1033 5644 laribus,
1057 5578 1155 5650 qui
1187 5577 1332 5632 nulli
1373 5575 1749 5632 ecclesiastici
1797 5576 2097 5648 regiminis
2117 5577 2262 5649 jugo
2293 5583 2433 5634 sunt
2541 5575 2768 5632 Domini
2803 5592 2864 5631 se
2892 5592 3007 5630 non
3041 5575 3254 5630 habere
3281 5573 3855 5641 diceret,conversus
3885 5573 3960 5628 ad
4001 5575 4216 5646 conju-

792 5663 1040 5735 obnoxii,
1065 5682 1167 5724 nec
1187 5663 1539 5736 evangelica,
1563 5678 1667 5718 nec
1700 5663 2012 5733 apostolica
2033 5665 2263 5721 decreta
2291 5664 2432 5736 legi~
2541 5669 2706 5737 gatos
2737 5664 2819 5720 ait
2850 5682 2864 5719 :
2893 5685 2920 5714 «
2943 5663 3222 5720 Existimo
3253 5662 3363 5720 hoc
3401 5663 3622 5720 bonum
3664 5678 3796 5720 esse
3835 5665 4082 5740 propter
4107 5663 4214 5724 in-
