4986 6648
789 609 933 677 1301

791 836 867 894 sic
896 853 1035 896 esse.
1067 839 1350 914 Alligatus
1381 857 1442 897 es
1473 841 1680 898 uxori?
1710 842 1828 899 noli
1875 860 2129 915 quaerere
2170 844 2407 900 solutio-

790 943 939 994 nem;
975 928 1021 983 si
1076 935 1270 986 autem
1327 931 1617 1004 acceperis
1679 949 1939 999 uxorem,
1993 951 2106 988 non
2160 934 2408 1005 peccasti

789 1018 836 1084 (I
859 1015 976 1072 Coa.
998 1018 1154 1088 vu).»
1180 1019 1396 1074 Scribit
1416 1023 1609 1076 autem
1632 1022 1703 1075 ad
1720 1022 2002 1092 Ephesios
2020 1023 2101 1077 ita
2125 1039 2136 1076 ε
2164 1046 2189 1072 ‹‹
2217 1021 2412 1076 Mulie-

788 1121 872 1160 res
899 1105 1031 1161 viris
1061 1106 1184 1162 suis
1211 1108 1457 1163 subditae
1489 1108 1628 1174 sint,
1657 1109 1806 1165 sicut
1839 1111 2106 1177 Domino;
2133 1111 2408 1182 quoniam

786 1193 866 1247 vir
894 1199 1062 1266 caput
1090 1199 1178 1250 est
1209 1195 1492 1264 mulieris,
1527 1198 1678 1252 sicut
1703 1198 1972 1255 Christus
1997 1205 2169 1270 caput
2199 1203 2288 1254 est
2310 1199 2408 1252 Ec-

789 1280 961 1336 clesiae
979 1284 1188 1354 (Ephes.
1210 1284 1289 1352 v).
1318 1307 1344 1334 »
1376 1286 1442 1339 Et
1473 1285 1684 1340 iterum
1711 1304 1722 1341 :
1750 1308 1776 1336 ‹‹
1803 1287 1942 1352 Viri,
1961 1286 2182 1360 diligite
2203 1304 2409 1342 uxores

785 1371 1171 1438 vestras,sicut
1188 1376 1245 1428 et
1272 1372 1536 1429 Christus
1567 1374 1764 1429 dilexit
1797 1375 2112 1433 Eeclesiam
2144 1376 2354 1446 (Ibz'd.).
2377 1397 2406 1424 ››

786 1457 849 1512 Et
874 1457 1075 1514 iterum
1111 1477 1122 1515 :
1152 1484 1180 1511 «
1215 1460 1322 1524 Qui
1353 1479 1521 1517 suam
1553 1479 1788 1520 uxorem
1822 1463 2296 1536 diligit,seipsum
2329 1463 2411 1518 di-

783 1543 902 1617 ligit
922 1549 1128 1620 (Ibid).
1149 1571 1178 1598 ››
1202 1550 1415 1605 Scribit
1443 1555 1639 1607 autem
1669 1556 1725 1607 et
1751 1553 1821 1607 ad
1846 1553 2042 1608 Titum
2065 1553 2172 1608 hoc
2197 1554 2367 1608 modo
2393 1571 2405 1608 :

785 1655 810 1681 ‹‹
839 1635 1306 1693 Adolescentulas
1354 1639 1492 1694 doce
1540 1643 1605 1694 ut
1649 1640 1804 1696 viros
1835 1659 1974 1696 suos
2007 1645 2222 1708 ament,
2257 1641 2407 1696 ﬁlios

781 1721 1030 1794 diligant,
1045 1726 1382 1798 prudentes,
1399 1728 1624 1795 sobriae,
1651 1729 1861 1783 domus
1883 1729 2160 1785 habentes
2183 1746 2406 1794 curam,

781 1811 1009 1867 subditae
1062 1813 1190 1868 suis
1244 1813 1383 1869 viris
1416 1815 1545 1886 (Tit.
1577 1817 1659 1887 11).
1690 1838 1717 1866 ››
1753 1819 1821 1871 Et
1865 1819 1935 1872 ad
1986 1817 2354 1873 Timotheum
2391 1834 2404 1872 :

779 1920 803 1947 ‹‹
833 1899 1322 1968 Adolescentulas,
1357 1903 1567 1974 inquit,
1599 1904 1803 1960 viduas
1834 1906 2050 1973 devita;
2075 1923 2206 1961 cum
2249 1905 2405 1961 enim

778 1983 1060 2048 luxuriatae
1110 1991 1332 2048 fuerint
1381 1991 1438 2046 in
1481 1992 1730 2060 Christo,
1766 1995 1981 2050 nubere
2023 1995 2254 2061 volunt;
2302 1994 2404 2048 ha-

779 2073 964 2133 bentes
993 2079 1453 2145 damnationem,
1485 2080 1626 2152 quia
1673 2082 1920 2153 primam
1956 2084 2128 2138 ﬁdem
2181 2083 2404 2138 irritam

776 2162 1193 2223 fecerunt.Volo
1223 2183 1358 2240 ergo
1382 2169 1645 2239 juniores
1669 2171 2062 2238 nubere,ﬁlios
2085 2189 2404 2243 procreare,

777 2255 1245 2312 matresfamilias
1273 2257 1650 2323 esse,nullam
1673 2261 2036 2315 occasionem
2067 2261 2203 2316 dare
2228 2260 2407 2316 male—

775 2339 903 2396 dicti
933 2345 1294 2417 gratia;jam
1327 2346 1482 2400 enim
1517 2348 1780 2418 quwdam
1813 2365 2101 2403 conversae
2145 2353 2283 2403 sunt
2313 2365 2406 2403 re-

773 2430 854 2484 tro
881 2433 1156 2489 Satanam
1189 2433 1234 2502 (I
1268 2434 1400 2503 Tim,
1425 2434 1501 2504 v).
1532 2457 1556 2482 ››
1581 2435 1648 2489 Et
1675 2436 1745 2490 ad
1780 2434 2151 2492 Colossenses
2176 2453 2188 2490 :
2214 2459 2240 2485 ‹‹
2260 2435 2404 2504 Viri,

773 2515 969 2588 inquit,
994 2519 1224 2593 diligite
1257 2538 1461 2577 uxores
1491 2527 1732 2590 vestras,
1753 2528 1810 2579 et
1838 2523 2013 2580 nolite
2057 2525 2240 2580 amari
2280 2540 2406 2580 esse

773 2605 838 2660 ad
869 2606 995 2664 illas
1025 2611 1249 2681 (Coloss.
1283 2613 1387 2679 111).
1426 2632 1452 2659 »

835 2694 974 2751 Cum
1006 2697 1190 2770 igitur
1214 2699 1333 2753 hac
1365 2699 1633 2754 humanae
1656 2702 2098 2756 consuetudinis
2120 2701 2209 2756 lex
2230 2701 2407 2757 tantis

772 2779 965 2838 divinae
987 2786 1354 2842 auctoritatis
1377 2787 1646 2842 fulciatur
1676 2789 1983 2854 institutis,
2005 2790 2281 2844 nimirum
2305 2790 2408 2845 ah—

765 2869 1013 2937 jicienda
1035 2878 1127 2930 est
1145 2879 1348 2930 vestrae
1370 2875 1654 2932 haereseos
1677 2893 1741 2932 ac
1763 2879 1993 2948 penitus
2015 2878 2410 2939 conculcanda

772 2956 1040 3016 doctrina.
1075 2963 1224 3017 Nam
1258 2980 1307 3018 si
1335 2963 1660 3036 eonjugalis
1691 2965 1934 3020 societas
1965 2966 2187 3021 homini
2232 2983 2410 3021 causa

771 3051 914 3102 esset
943 3049 1418 3122 perditionis,qui
1441 3052 1596 3106 venit
1612 3054 1866 3124 perdilos
1888 3071 2156 3125 reparare
2180 3053 2408 3110 nullum

771 3133 923 3191 daret
952 3137 1136 3209 hujus
1169 3139 1389 3211 copulae
1420 3141 1856 3208 documentum,
1891 3142 2132 3197 nullum
2159 3159 2408 3214 praecep-

769 3225 1144 3283 tum.Paulns
1176 3227 1447 3300 denique,
1477 3229 1576 3301 qui
1611 3234 1772 3286 tanto
1804 3230 2104 3287 charitatis
2135 3231 2266 3302 igne
2306 3231 2409 3284 fla-

768 3312 962 3380 grabat
983 3319 1049 3370 ut
1079 3315 1260 3372 etiam
1294 3334 1396 3388 pro
1429 3317 1708 3372 fratribus
1737 3318 2049 3373 anathema
2097 3318 2216 3373 ﬁeri
2246 3323 2407 3388 opta-

767 3399 865 3469 ret,
889 3402 1120 3460 nullum
1154 3421 1331 3476 super
1378 3405 1714 3476 hujusmodi
1767 3407 1930 3462 daret
1975 3406 2326 3471 consultum,
2360 3404 2408 3461 si

767 3574 868 3632 Sed
901 3579 970 3634 de
1000 3579 1094 3635 his
1129 3581 1274 3636 satis
1305 3582 1375 3636 ad
1408 3597 1670 3652 praesens
1703 3582 1949 3638 dictum.

1282 3669 1372 3724 XI.
1406 3671 1480 3725 De
1507 3672 1916 3740 confessoribus.

833 3755 962 3811 Jam
995 3774 1136 3817 vero
1167 3757 1302 3828 quis
1330 3775 1442 3813 non
1465 3759 1659 3814 videat
1678 3776 1778 3815 vos
1799 3759 1857 3814 in
1885 3759 1991 3815 hoc
2013 3759 2413 3830 divinijudicii

770 3845 824 3895 et
851 3844 1197 3904 Christianae
1229 3848 1662 3902 communionis
1696 3865 1824 3902 reos
1854 3849 2168 3920 esse,quod
2221 3849 2416 3904 adver-

764 3945 890 3987 sum
923 3932 1302 3990 beatissimos
1323 3934 1536 3991 Christi
1561 3935 1920 3991 confessores
1943 3938 2101 4008 pravi
2125 3937 2414 4009 dogmatis

763 4019 1109 4083 seditionem
1143 4022 1427 4095 sacrilego
1460 4040 1611 4078 ausu
1643 4024 2418 4096 movetis,dicentes,pra2ter

761 4109 1052 4177 apostolos
1086 4115 1144 4165 et
1176 4116 1480 4182 martyres,
1527 4111 1819 4167 neminem
1859 4113 1992 4184 jure
2042 4113 2321 4180 venerari,
2357 4114 2414 4168 in

760 4198 1194 4255 confessoribUs
1227 4199 1454 4254 nullum
1487 4201 1707 4255 donum
1749 4200 1980 4258 virtutis
2011 4218 2159 4270 esse,
2190 4219 2294 4258 nec
2342 4203 2413 4257 ab

761 4283 842 4337 eis
874 4285 1138 4359 aliquam
1172 4287 1382 4344 salutis
1407 4289 1656 4360 gratiam
1688 4306 1858 4361 posse
1886 4290 2411 4360 spectari,quorum

760 4387 1023 4444 corpora,
1059 4376 1122 4430 in
1155 4376 1378 4431 cineres
1430 4375 1707 4441 resoluta,
1740 4376 1885 4432 nihil
1935 4395 1969 4433 a
1998 4377 2246 4433 mortuis
2291 4377 2413 4432 ani-

764 4460 1015 4518 malibus
1038 4463 1272 4519 differre
1293 4463 1581 4520 videntur.
1598 4466 1802 4521 Petrus
1822 4469 1975 4521 certe
1996 4465 2292 4537 apostolus
2314 4467 2414 4520 da-

761 4549 874 4602 tam
915 4550 1028 4604 sibi
1064 4567 1100 4605 a
1139 4551 1385 4606 Domino
1419 4551 1640 4624 ligandi
1668 4557 1846 4624 atque
1873 4553 2131 4609 solvendi
2166 4558 2415 4626 potesta-

757 4634 1087 4704 tem;banc
1117 4655 1346 4711 quoque
1394 4641 1558 4695 beato
1607 4641 1909 4712 Clementi,
1937 4641 2077 4696 Lino
2132 4643 2308 4698 etiam
2359 4646 2415 4697 et

756 4721 1031 4780 Anacleto
1065 4727 1191 4797 ipse
1219 4726 1493 4795 tradidit;
1514 4729 1703 4784 caeteri
1725 4744 1956 4800 quoque
1983 4730 2224 4800 apostoli
2261 4746 2416 4785 eam-

1997 621 2197 683 ACTA
2242 619 2526 684 SYNO‘DI
2569 620 2718 682 ATR
2728 620 2955 684 EBA'I‘.

3978 578 4163 683 faece

791 751 1028 806 stantem
1059 749 1485 821 necessitatem,
1518 750 1794 825 quoniam
1827 751 2046 810 bonum
2067 757 2156 811 est
2192 752 2413 811 homini
2442 758 2492 825 Α
2527 770 2629 827 pro
2661 751 3444 828 periclitantibus,gemitum
3477 767 3580 828 pro
3609 753 4000 828 pereuntibus,
4026 752 4165 810 cum‘

2519 843 2792 899 flentibus
2841 844 3066 912 ﬂentes,
3126 859 3261 898 cum
3324 843 3856 900 scandalizantibus
3907 848 4159 900 urentes.

2518 932 2845 996 Quinetiam
2879 933 3184 988 adversum
3217 933 3489 988 humanae
3512 933 3947 1005 spiritualisque
3969 932 4166 1004 nequi-

2517 1021 2629 1086 tiae,
2653 1021 2879 1077 diversa
2911 1021 3228 1076 certamina
3261 1039 3492 1093 semper
3523 1023 3580 1076 in
3616 1023 3700 1078 eis
3743 1023 3983 1077 emicuit
4004 1022 4165 1077 forti-

2518 1110 2659 1164 tudo
2685 1099 2972 1177 vincendi,
3007 1109 3714 1182 patientia-exspectandi,
3759 1110 4162 1182 aequanimitas

2520 1197 2864 1253 sustinendi.
2898 1198 3119 1261 Quibus
3150 1199 3259 1254 etsi
3293 1216 3602 1270 percussor
3631 1200 3876 1265 deesset,
3911 1199 4022 1272 ipsi
4054 1198 4162 1255 sibi

2518 1287 2876 1357 percussoris
2901 1286 3292 1341 ministerium
3324 1286 3923 1358 suppleverunt.Nam
3946 1288 4082 1360 quid
4103 1287 4162 1342 in

2519 1374 2600 1428 eis
2651 1375 2905 1429 carnifex
2953 1374 3106 1430 aliud
3159 1375 3355 1430 feriret
3393 1392 3568 1446 quam
3619 1376 3869 1446 corpus?
3898 1377 3968 1432 Et
4011 1380 4161 1431 certe

2518 1463 2672 1533 quod
2731 1460 2824 1517 ad
2858 1468 3220 1518 momentum
3272 1481 3576 1534 percussor
3625 1463 3855 1528 faceret,
3889 1464 4002 1535 ipsi
4049 1464 4159 1520 sibi

2515 1549 2686 1623 longo
2719 1552 2976 1607 cruciatu
3011 1551 3348 1619 intulerunt,
3370 1568 3500 1607 cum
3529 1552 3720 1607 carnis
3751 1551 4162 1623 concupiscen-

2518 1639 2628 1694 tias
2659 1638 2717 1694 in
2746 1657 2806 1695 se
2837 1641 3192 1705 occiderunt,
3226 1644 3283 1696 et
3327 1642 3480 1712 quod
3530 1657 3724 1706 suave,
3758 1641 3912 1712 quod
3965 1639 4153 1707 dulce,

2519 1728 2671 1799 quod
2703 1728 3114 1800 voluptuosum
3148 1730 3353 1795 fuerat,
3387 1730 3745 1784 ademerunt.

2589 1816 2759 1870 Porro
2790 1816 3034 1888 poenalis
3065 1833 3261 1872 carcer
3291 1817 3374 1872 eis
3403 1835 3514 1872 non
3540 1817 3741 1884 defuit,
3768 1818 3868 1890 qui
3897 1834 3958 1874 se
4008 1818 4158 1872 inter

2517 1908 2826 1975 angustam
2859 1904 3125 1959 aridioris
3148 1905 3276 1958 vitae
3299 1905 3624 1960 custodiam
3652 1923 3685 1960 a
3709 1906 3910 1960 mundi
3963 1905 4154 1960 illece-

2515 1992 2636 2047 bris
2654 1992 3083 2058 concluserunt,
3100 2010 3349 2065 quorum
3375 2010 3540 2048 mens
3556 1993 4156 2059 1ucidissima,manus

2517 2081 2701 2152 plena:
2731 2082 3050 2148 munditiae,
3084 2099 3149 2138 eo
3181 2083 3333 2154 quod
3385 2081 3443 2137 in
3491 2099 3694 2138 mensa
3733 2082 3931 2137 altaris
3962 2097 4155 2137 sacro-

2517 2174 2720 2225 sancta
2748 2171 3005 2243 corporis
3035 2176 3090 2225 et
3120 2170 3425 2242 sanguinis
3455 2171 3729 2241 mysteria
3777 2171 4152 2234 celebrantes,

2515 2262 2572 2313 et
2601 2258 2659 2312 in
2694 2258 2783 2313 sui
2813 2259 3003 2314 cordis
3035 2259 3428 2330 penetralibus
3448 2259 3699 2314 hostiam
3721 2258 3907 2314 vivam
3929 2264 4156 2329 Deoque

2515 2345 2858 2418 placentem,
2892 2347 2948 2401 id
2997 2352 3102 2414 est,
3138 2348 3482 2418 semetipsos
3533 2347 3660 2403 sine
3707 2345 3938 2402 macula
3983 2350 4155 2417 atque

2516 2434 2866 2489 admistione
2895 2434 3055 2506 pravi
3085 2436 3276 2506 operis
3325 2435 3528 2490 offerre
3574 2453 3690 2490 non
3723 2436 4033 2490 desistunt.
4066 2436 4154 2498 Et,

2515 2524 2664 2577 sicut
2685 2523 2958 2589 diximus,
2983 2523 3117 2578 licet
3146 2522 3505 2595 percussoris
3536 2540 3649 2577 non
3679 2523 3998 2578 sensissent
4028 2522 4152 2595 gla-

2515 2611 2699 2678 dium,
2724 2615 2938 2677 tamen,
2960 2628 3061 2683 per
3088 2610 3215 2666 vitae
3248 2611 3518 2666 meritum
3552 2612 3666 2666 Deo
3689 2611 4152 2683 digni,martyrio

2517 2717 2630 2755 non
2665 2699 3127 2772 privantur,quia
3147 2700 3487 2772 martyrium
3516 2717 3629 2754 non
3654 2699 3842 2755 solum
3875 2700 4157 2755 effusione

2518 2789 2843 2861 sanguinis,
2876 2790 2975 2844 sed
3026 2788 3378 2843 abstinentia
3426 2793 3790 2860 peccatorum
3825 2788 4156 2860 perficitur;

2520 2876 2776 2948 alioquin
2801 2877 2969 2949 longe
2999 2895 3032 2932 a
3062 2894 3195 2931 vero
3220 2877 3450 2932 differre
3471 2877 3761 2931 videbitur
3798 2877 3948 2948 quod
3971 2894 4038 2932 ex
4060 2894 4158 2932 ore

2517 2964 2791 3020 Veritatis
2821 2966 2892 3019 ad
2928 2966 3072 3019 duos
3105 2965 3314 3018 fratres
3334 2964 3484 3020 filios
3513 2965 3769 3020 Zebedaei
3792 2965 4011 3020 dictum
4032 2969 4156 3020 est:

2521 3075 2549 3102 ‹‹
2577 3053 2825 3111 Calicem
2858 3053 3094 3124 quidem
3128 3069 3324 3107 meum
3357 3054 3569 3108 bibetis
3590 3055 3798 3125 (Matth.
3827 3054 3942 3125 xx).
3969 3077 3995 3103 »
4017 3055 4162 3109 Cum

2520 3157 2702 3196 unum
2734 3140 2968 3211 quidem
3002 3139 3193 3212 gladio
3226 3140 3590 3208 occubuisse,
3623 3140 3869 3198 alterum
3919 3142 3978 3196 in
4024 3159 4166 3214 pace

2520 3229 2787 3286 Ecclesiae
2819 3228 3107 3299 quievisse
3136 3228 3418 3300 legamus.

2591 3317 2699 3372 Sed
2734 3333 2919 3386 neque
2970 3315 3086 3370 ullo
3135 3320 3439 3370 auctorum
3487 3316 3803 3388 exemplari
3849 3316 4167 3372 ostendunt

2521 3405 2747 3460 beatam
2762 3405 2857 3459 Dei
2878 3399 3466 3476 genitricem'Mariam
3485 3403 3680 3476 gladio
3693 3403 3866 3458 vitam
3885 3404 4166 3472 ﬁnisse,et

672 3497 674 3499 ‘
768 3484 868 3542 hoc
895 3492 964 3546 ad
997 3492 1418 3548 detrimentum
1449 3493 1656 3548 anima:
1702 3499 1961 3565 spectare
2008 3493 2405 3550 intellexisset.
2439 3486 2482 3552 C
2522 3495 2569 3548 si
2604 3492 2996 3565 perSpiritum
3021 3490 3532 3547 sanctumSimeon
3551 3491 3832 3563 propheta
3850 3508 4160 3562 passuram

2522 3582 2682 3638 illam
2713 3581 2935 3637 dixerat
2968 3598 2980 3636 :
3016 3604 3041 3630 ‹‹
3072 3582 3138 3635 Et
3178 3585 3361 3647 tuam,
3394 3579 3687 3650 inquiens,
3727 3580 3981 3634 animam
4031 3596 4162 3652 per-

2522 3671 2794 3726 transibit
2824 3670 3055 3742 gladius
3086 3672 3233 3738 (Luc.
3265 3671 3348 3737 11).
3385 3691 3412 3717 ››
3445 3668 3606 3724 Unde
3638 3669 3842 3724 beatus
3884 3668 4161 3741 Hierony-

2527 3778 2658 3815 mus
2688 3759 2746 3814 in
2778 3759 2885 3814 hoc
2908 3759 3164 3814 animam
3189 3759 3316 3828 ejus
3333 3756 3594 3828 gladium
3622 3757 4006 3829 pertransisse
4023 3757 4166 3811 dicit

2526 3849 2700 3921 quod,
2725 3849 2780 3902 in
2815 3853 3060 3902 mortem
3093 3846 3330 3912 Christi,
3365 3845 3788 3918 compassionis
3820 3849 3993 3918 atque
4014 3845 4168 3901 dolo-

2526 3936 2893 4010 ris,gladium
2927 3935 3128 4000 sensit,
3153 3936 3293 3989 dum
3327 3951 3428 4006 per
3457 3935 3678 3990 eximiae
3708 3933 4034 3990 dilectionis
4050 3934 4166 3989 vim

2526 4030 2772 4082 mortem
2805 4025 3016 4079 Christi
3050 4041 3216 4078 suam
3243 4023 3392 4078 fecit.
3427 4022 3760 4095 Philippum
3791 4024 3966 4078 etiam
3998 4041 4170 4094 apos-

2523 4115 2706 4170 tolum
2739 4118 2795 4168 et
2843 4114 3058 4168 Lucam
3107 4111 3523 4182 evangelistam
3575 4129 3690 4166 non
3738 4127 3840 4182 per
3882 4110 4171 4182 passionis

2522 4201 2939 4267 certamen,sed
2969 4217 3068 4272 per
3088 4216 3287 4270 pacem
3310 4216 3344 4253 a
3368 4198 3576 4254 saeculo
3599 4199 3881 4270 migrasse
3899 4197 4168 4269 legimus.

2524 4292 2888 4346 Postremum
2912 4305 3041 4342 vero
3074 4287 3206 4358 quis
3241 4292 3357 4341 tam
3390 4285 3601 4356 lapidei
3633 4285 3824 4340 cordis
3866 4289 3955 4340 est
3981 4288 4064 4354 ut,
4098 4286 4170 4339 ad

2524 4395 2772 4450 quorum
2803 4375 3097 4430 tumulum
3127 4390 3312 4444 aegros
3332 4373 3627 4428 venientes
3659 4372 3896 4428 citatam
3920 4373 4170 4428 salutem

2522 4466 2717 4521 vident
2747 4468 3059 4535 reportare,
3094 4478 3296 4517 eorum
3323 4460 3532 4516 merita
3565 4462 3715 4533 apud
3748 4466 4030 4517 aeternum
4075 4462 4172 4530 ju-

2525 4555 2714 4610 dicem
2741 4552 2927 4606 vivere
2960 4568 3072 4604 non
3123 4547 3348 4604 credat!
3383 4550 3482 4604 sed
3529 4549 3662 4622 quis
3705 4554 3836 4621 post
3877 4549 4169 4620 apostolos

2527 4641 2794 4704 Martino,
2825 4639 2956 4711 quis
2992 4637 3297 4692 Benedicto
3329 4637 3386 4691 in
3421 4637 3716 4692 miraculis
3750 4637 4074 4709 potentior?

2597 4729 2708 4785 Sed
2728 4729 2970 4783 fortasse
2992 4725 3244 4797 objicitis
3266 4725 3403 4796 quia
3425 4724 3592 4780 multi
3618 4726 3674 4780 in
3703 4725 3936 4781 nomine
3952 4726 4030 4780 Cb
4043 4725 4170 4781 risti

755 4808 881 4866 dem
913 4814 1176 4884 gratiam
1210 4817 1651 4873 successoribus
1681 4818 1824 4882 suis,
1860 4818 1916 4872 id
1949 4823 2053 4883 est,
2075 4819 2293 4873 sanctis
2315 4819 2416 4874 do-
2447 4839 2496 4904 Ι)
2531 4819 2679 4874 mira
2701 4817 2916 4889 operati
2940 4819 3158 4878 sunt,et
3181 4817 3372 4868 tamen
3407 4817 3592 4885 posta
3613 4814 3855 4870 Domino
3877 4815 4167 4885 reprobati

756 4901 1019 4957 ctoribus
1051 4907 1231 4975 atque
1263 4905 1702 4963 cunl‘essoribus
1751 4905 2140 4977 reliquerunt;
2167 4923 2415 4978 quorum

752 4985 990 5052 quidam
1024 4987 1223 5060 gladio
1255 4991 1672 5060 occubuerunt,
1707 4992 1804 5051 alii
1855 4991 1911 5046 in
1964 5009 2104 5064 pace
2142 4993 2407 5049 Ecclesiae

751 5073 1125 5142 quieverunt.

824 5163 935 5219 Sed
962 5183 1026 5220 n1
1045 5184 1081 5220 n
1108 5164 1320 5223 idcirco
1343 5169 1414 5224 ab
1442 5169 1782 5225 hominibus
1803 5169 2020 5241 injuste
2037 5175 2405 5238 venerantur,

758 5249 894 5320 quia
925 5256 1293 5324 percussoris
1323 5256 1583 5328 gladium
1616 5275 1730 5313 non
1756 5263 2084 5314 senserunt.
2109 5259 2324 5314 Verum
2357 5260 2406 5314 si

760 5339 904 5394 ratio
937 5346 1274 5413 temporum
1324 5362 1440 5400 non
1489 5346 1676 5417 potuit
1727 5351 1997 5418 praestare
2042 5347 2406 5419 martyrium,

758 5423 942 5495 gloria
970 5432 1173 5486 tamen
1201 5437 1526 5505 martyrum
1558 5451 1672 5490 non
1704 5439 1922 5502 carent,
1948 5434 2088 5505 quia
2117 5439 2173 5490 et
2200 5440 2330 5490 voto
2352 5439 2410 5490 et

756 5512 970 5570 virtute
1027 5523 1088 5571 et
1136 5525 1450 5591 potuerunt
1500 5539 1628 5578 esse
1673 5527 1954 5594 martyres
1993 5528 2050 5578 et
2078 5523 2405 5579 voluerunt.

758 5598 901 5658 Nam
934 5609 992 5659 et
1027 5605 1114 5659 illi
1146 5625 1250 5679 pro
1282 5626 1383 5680 spe
1413 5612 1755 5666 aeternitatis
1777 5611 1994 5667 multas
2016 5612 2408 5667 humanorum

757 5689 1026 5747 dolorum
1080 5695 1368 5765 pertulere
1398 5700 1719 5770 passiones,
1754 5700 1993 5771 famem,
2028 5700 2274 5773 vigilias,
2307 5715 2412 5754 nu-

755 5776 986 5848 ditates,
1002 5781 1259 5852 jejunia,
1283 5787 1592 5857 opprobria
1620 5787 1969 5856 invidorum,
2003 5787 2409 5844 insectatisnes

758 5867 1077 5937 malorum,
1113 5887 1314 5928 curam
1346 5890 1448 5945 pro
1479 5875 1931 5944 infirmantibus,
1958 5876 2408 5934 sollicitudinem

2529 4913 2686 4963 sunt.
2723 4907 2801 4960 Dc
2845 4904 3060 4977 quibus
3110 4903 3168 4957 in
3225 4901 3531 4974 Evangelio
3563 4901 3886 4958 Dominus:
3921 4902 4166 4970 «Multi,

2519 4995 2731 5068 inquit,
2753 4994 2984 5048 venient
3016 4992 3272 5045 dicentes
3305 5008 3316 5045 :
3349 4991 3822 5058 Domine,nonne
3853 4991 3910 5045 in
3933 4991 4170 5047 nomine

2517 5090 2616 5140 tuo
2647 5081 3211 5156 prophetavimus,et
3231 5078 3288 5132 in
3323 5079 3556 5134 nomine
3576 5085 3674 5134 tuo
3692 5079 3978 5135 daemonia
4005 5079 4174 5150 ejeci-

2521 5173 2693 5228 mus?
2717 5173 2925 5240 (Matth.
2958 5169 3082 5239 v11.)
3116 5191 3142 5216 »
3175 5166 3396 5232 Quibus
3426 5167 3689 5222 dicturus
3723 5172 3810 5223 est
3838 5167 4123 5222 Dominus
4150 5184 4164 5222 :

2522 5284 2550 5311 «
2579 5265 2761 5316 Amen
2795 5259 2923 5314 dico
2954 5257 3116 5312 vobis
3149 5273 3161 5310 :
3197 5255 3398 5310 Nescio
3421 5273 3549 5324 vos;
3573 5257 3856 5312 discedite
3879 5274 3912 5312 a
3936 5273 4026 5312 me
4046 5273 4172 5311 om-

2522 5367 2644 5415 nes,
2678 5347 2926 5420 operarii
2958 5344 3284 5417 iniquitatis
3315 5344 3522 5415 (Ibid.).
3561 5367 3587 5393 ››
3621 5347 3878 5410 Quorum
3904 5345 4021 5400 vita
4045 5345 4171 5416 qui-

2521 5439 2676 5506 dem,
2710 5436 2848 5506 quia
2880 5452 2992 5490 non
3016 5433 3403 5488 concordabat
3433 5433 3644 5500 verbis,
3678 5433 3891 5488 idcirco
3914 5451 3947 5488 a
3973 5432 4165 5488 Domi-

2520 5543 2594 5580 no
2629 5522 3170 5595 reprobatur.Quod
3205 5525 3399 5575 autem
3448 5521 3719 5576 videntur
3764 5520 4009 5593 operari,
4045 5537 4157 5574 non

2525 5613 2649 5668 suis
2683 5612 2926 5678 meritis,
2953 5612 3052 5665 sed
3082 5609 3292 5664 Christi
3347 5609 3566 5663 nomini
3616 5610 3956 5682 imputatur.
3991 5605 4163 5677 Ejecti

2520 5718 2774 5772 namque
2805 5701 3114 5764 daemones,
3150 5715 3262 5752 non
3295 5714 3412 5764 eos,
3447 5699 3546 5770 sed
3581 5698 3790 5754 Christi
3824 5711 4030 5750 nomen
4063 5694 4157 5745 fu-

2520 5794 2746 5863 gerant,
2776 5789 2928 5860 quod
2983 5787 3277 5857 quondam
3328 5786 3385 5838 in
3435 5785 3572 5840 ﬁliis
3622 5788 3806 5841 Scevae
3855 5779 4154 5850 cujusdam

2519 5877 2703 5934 Judaei
2735 5877 2942 5951 patuit,
2965 5876 3084 5946 qui,
3109 5875 3261 5930 sicut
3291 5873 3562 5945 superius
3593 5872 3978 5938 diximus,per
3997 5879 4155 5918 exor-
