4986 6504
841 430 1000 493 1303

1801 427 2144 494 GERARDI
2185 428 2211 491 l
2256 425 2853 490 CAMERACENSIS
2899 422 3277 488 EPISCOPI.

835 566 1090 624 cismum
1107 562 1404 621 daemones
1426 561 1485 619 in
1503 563 2084 634 nomideJesu,quem
2109 561 2321 618 Paulus
2345 579 2481 634 prze-
2510 561 2564 626 Α
2596 575 2924 632 personare.
2961 557 3123 613 Unde
3153 556 3461 628 psalmista
3489 572 3639 629 saepe
3670 572 3778 613 nos
3820 555 4126 623 admonet,
4162 557 4256 612 di-

840 655 1093 721 dicabat,
1127 655 1198 710 ab
1249 653 1506 710 obsessis
1551 651 1892 725 corporibus
1923 653 2224 706 tentabant
2258 649 2483 719 ejicere,

843 744 968 812 qui,
989 741 1212 798 concito
1241 740 1603 813 indignantis
1632 741 1872 812 spiritus
1915 742 2107 795 furore
2140 739 2348 805 vexati,
2382 755 2486 793 au-

846 831 1020 888 diunt
1043 850 1056 887 :
1084 832 1323 886 «Jesum
1346 829 1493 894 novi,
1518 835 1574 885 et
1594 828 1837 884 Paulum
1863 829 2012 895 scio;
2036 845 2136 884 vos
2159 832 2352 882 autem
2387 825 2487 896 qui

843 921 1026 977 estis?
1046 921 1114 976 Et
1130 919 1405 975 continuo
1429 918 1656 974 insiluit
1680 918 1734 972 in
1759 935 1856 972 eos
1879 918 2121 989 spiritus
2144 916 2488 970 immundus

845 1011 983 1078 (Act.
1014 1011 1192 1075 x1x).»
1213 1007 1438 1072 Quibus
1469 1006 1570 1062 illa
1599 1007 1689 1062 sui
1723 1024 1893 1078 pruna
1923 1006 2140 1061 furoris
2168 1021 2307 1059 sane
2329 1004 2490 1058 dedit

846 1097 1130 1154 indicium
1161 1095 1300 1167 quia
1330 1111 1444 1149 non
1465 1099 1630 1150 erant
1659 1111 1728 1150 ex
1747 1111 1947 1150 eorum
1973 1111 2214 1148 numero
2238 1108 2486 1164 quorum

843 1185 962 1242 vita
1002 1183 1328 1240 sanctitatis
1377 1183 1766 1238 concordabat
1811 1190 2022 1237 sancta:
2072 1179 2486 1254 prmdicationi.

842 1275 1054 1330 Eorum
1086 1289 1217 1329 vero
1239 1289 1480 1344 corpora
1507 1276 1672 1326 terra:
1706 1272 1984 1326 mandata
2017 1269 2312 1325 declarant
2342 1284 2485 1340 qua-

838 1363 924 1419 les
953 1362 1183 1434 utrique
1214 1361 1273 1416 in
1297 1359 1416 1415 vita
1445 1361 1954 1425 exstiterant,cum
1982 1357 2064 1412 illi
2095 1357 2355 1430 quotidie
2379 1357 2486 1410 mi-

839 1447 1052 1505 raculis
1079 1446 1435 1513 vivere,istis
1466 1444 1629 1500 nulla
1657 1446 1890 1501 virtutis
1914 1445 2129 1500 indicia
2152 1461 2218 1500 ex
2239 1461 2300 1499 se
2318 1459 2486 1516 posse

839 1538 978 1593 dare
1007 1536 1338 1592 videantur.

910 1626 1060 1682 Nam
1079 1623 1141 1680 in
1153 1627 1360 1679 sancta
1380 1621 1636 1678 Ecclesia
1660 1624 1830 1695 plena
1850 1623 2178 1678 redundant
2192 1620 2488 1678 miraculis

839 1711 1297 1784 volumina,qua:
1329 1715 1400 1768 ad
1435 1715 1771 1767 sanctorum
1793 1713 2190 1768 confessorum
2222 1711 2487 1766 tumbam

844 1800 972 1858 fieri
992 1799 1452 1873 conspiciuntur,
1485 1817 1617 1856 cum
1648 1801 1876 1872 reprobi
1903 1805 2032 1872 post
2062 1801 2292 1856 clausas
2313 1799 2369 1854 in
2403 1799 2488 1853 in-

844 1889 1008 1946 ferno
1038 1889 1266 1946 animas
1297 1893 1354 1944 et
1383 1888 1671 1961 sepulcris
1702 1891 1999 1944 recondita
2041 1906 2298 1960 corpora,
2333 1887 2494 1942 nulla

845 1978 1032 2034 sancti
1064 1977 1255 2034 meriti
1288 1977 1630 2049 relinquunt
1659 1977 1894 2042 indicia.
1928 1983 2161 2049 propter
2189 1977 2342 2048 quod
2391 1976 2492 2030 ali-

848 2066 1087 2138 quando
1119 2063 1388 2120 diabolus
1417 2065 1490 2120 ad
1521 2065 1890 2136 decipiendos
1919 2065 2185 2120 homines
2217 2065 2490 2136 phantas-

847 2154 974 2209 ticaa
1004 2153 1151 2208 lucis
1182 2153 1349 2225 signa
1375 2154 1447 2208 ad
1476 2171 1676 2210 eorum
1727 2172 1860 2209 ossa
1905 2155 2282 2220 demonstrat,
2317 2159 2379 2208 ut
2425 2169 2492 2208 ex

847 2241 959 2299 hoc
987 2243 1061 2298 ad
1092 2259 1263 2298 usum
1293 2243 1682 2298 venerationis
1712 2244 1980 2315 deceptas
2013 2248 2235 2298 mentes
2265 2241 2488 2309 invitet,

847 2331 997 2387 sicut
1024 2335 1282 2404 tempore
1313 2331 1463 2388 beati
1512 2330 1744 2386 Martini
1797 2330 2044 2403 legimus
2074 2330 2490 2402 approbatum;

847 2420 945 2492 qui
975 2419 1132 2492 vulgi
1157 2437 1350 2476 errore
1381 2419 1639 2476 dicatum
1666 2420 2109 2485 monasterium,
2127 2424 2408 2490 tanquam
2435 2419 2492 2472 in

847 2508 1066 2566 honore
1099 2509 1393 2582 martyris,
1425 2525 1603 2581 super
1647 2507 1933 2564 latronem
1983 2508 2304 2572 inveniens,
2335 2507 2493 2561 verbi

848 2597 1094 2670 imperio
1117 2597 1300 2668 jussit
1349 2595 1648 2670 sepultum
1693 2596 1950 2652 confiteri
2008 2596 2148 2667 quia
2190 2595 2336 2650 nihil
2385 2595 2496 2649 sibi

853 2702 988 2742 cum
1019 2685 1242 2742 sanctis
1273 2685 1461 2740 fuerat
1481 2685 1919 2749 commune,sed
1953 2701 2191 2739 suorum
2215 2683 2496 2739 scelerum

855 2772 1048 2844 culpis
1069 2789 1204 2828 cum
1230 2773 1478 2829 diabolis
1501 2789 1564 2829 se
1585 2773 1643 2826 in
1665 2773 1890 2828 inferno
1915 2771 2186 2843 torqueri.
2204 2772 2265 2827 In
2283 2771 2498 2827 talibus

858 2860 1043 2934 igitur
1070 2861 1212 2916 locis
1242 2859 1292 2917 si
1325 2861 1464 2932 quid
1488 2861 1622 2916 huic
1654 2859 1842 2916 simile
1874 2861 2222 2926 evenerit,de
2240 2877 2353 2931 quo
2376 2877 2497 2914 ma-

851 2949 1056 3020 jorum
1087 2949 1371 3005 memoria
1394 2949 1538 3004 nihil
1566 2955 1785 3006 certum
1818 2949 2343 3020 ferat,interdicunt
2371 2966 2501 3004 san-

863 3038 1244 3094 ctiﬁcationes
1267 3055 1338 3094 ne
1366 3039 1477 3094 ritu
1513 3037 1816 3111 gentilium
1852 3038 1986 3092 fana
2033 3037 2318 3093 idolorum
2351 3037 2500 3094 anti-

857 3126 1058 3199 quitus
1089 3130 1420 3183 constructa
1451 3144 1553 3199 pro
1601 3127 1781 3183 sacris
1827 3131 2191 3195 venerentur,
2227 3143 2368 3182 neve
2413 3142 2502 3181 se-

853 3214 1034 3288 pultis
1063 3220 1280 3272 temere
1313 3215 1508 3273 divina
1530 3215 1849 3280 solvantur,
1883 3215 1992 3270 nisi
2029 3233 2130 3287 per
2178 3215 2501 3288 provincia-

2597 664 2818 702 oens:«
2843 648 3080 701 Cantate
3124 646 3368 701 Domino
3403 644 3695 701 canticum
3721 661 3960 709 novum,
3989 649 4068 713 et,
4104 646 4258 702 bene

2595 735 2824 808 psallite
2841 735 2891 790 ei
2915 735 2972 789 in
2991 735 3399 790 vociferatione
3421 736 3590 802 (Psal.
3613 737 3806 803 χχχιιι).
3831 756 3862 785 ››
3886 734 3954 790 Et
3980 735 4206 790 iterum
4240 753 4256 792 :

2595 847 2623 874 «
2659 823 2954 878 Psalmum
2989 823 3166 878 dicite
3198 822 3420 878 nomini
3453 823 3600 894 ejus,
3630 823 3764 878 date
3789 821 4048 894 gloriam
4089 821 4261 880 laudi

2595 913 2723 983 ejus
2753 913 2921 982 (Psal.
2959 912 3101 980 va).
3139 934 3166 960 »
3199 912 3268 966 Et
3310 911 3367 967 in
3418 910 3728 983 Evangelia
3777 911 4035 967 Matthsi
4070 928 4085 967 :
4121 935 4156 963 ‹‹
4189 913 4262 968 Et

2595 1001 2812 1074 hymno
2845 1001 2996 1055 dicto
3016 1001 3285 1055 exierunt
3319 1001 3378 1056 in
3421 1006 3681 1057 montem
3715 999 4259 1072 Olivarumwatlh‘.

2596 1089 2768 1159 xxvx).
2807 1113 2832 1137 ››
2863 1089 3000 1144 Tale
3031 1106 3288 1162 namque
3326 1088 3679 1145 sacriﬁcium
3723 1105 3904 1161 super
3939 1094 4260 1148 taurorum

2598 1176 3010 1250 pinguedinem
3043 1183 3144 1232 aut
3169 1177 3465 1232 hircorum
3498 1177 3846 1250 sanguinem
3874 1177 3990 1233 Deo
4023 1177 4264 1250 placere

2595 1284 2698 1339 per
2717 1266 2995 1338 Spiritum
3026 1272 3295 1322 sanctum
3319 1265 3632 1322 Psalmista
3659 1265 4047 1334 viderat,cum
4069 1267 4263 1324 dixit:

2598 1378 2626 1405 «
2658 1355 2930 1426 Nunquid
2965 1356 3328 1411 manducabo
3362 1371 3566 1410 carnes
3607 1359 3936 1423 taurorum,
3966 1360 4075 1415 aut
4118 1373 4267 1413 san-

2595 1443 2832 1516 guinem
2865 1443 3160 1500 hircorum
3194 1443 3443 1516 potabo?
3474 1443 3723 1500 Immola
3747 1443 3862 1500 Deo
3895 1445 4266 1502 sacriﬁcium

2597 1533 2792 1588 laudis
2823 1535 2992 1605 (Psal.
3024 1533 3195 1603 xux).
3231 1555 3260 1582 »
3292 1533 3360 1588 Et
3385 1533 3636 1589 iterum:
3671 1554 3700 1583 α
3736 1531 4107 1589 Sacrificium
4137 1533 4273 1591 lau-

2597 1621 2687 1676 dis
2718 1621 3122 1676 hnnoriiicabit
3153 1637 3246 1675 me
3275 1621 3480 1692 (Ibid).
3513 1643 3540 1670 »

2670 1710 2927 1782 Denique
2959 1727 3072 1765 non
3095 1709 3284 1765 solum
3304 1709 3769 1766 irrationabilem
3791 1713 4272 1780 creaturam,sed

2599 1805 2809 1854 cuncta
2838 1817 2965 1870 quae
2997 1802 3136 1854 sunt
3165 1799 3418 1864 condita,
3450 1815 3629 1855 suum
3662 1799 4036 1857 Conditorem
4067 1803 4272 1858 conti-

2600 1905 2716 1942 nuo
2775 1887 3060 1959 psallendi
3117 1891 3316 1942 tenore
3365 1886 3608 1944 laudare
3646 1887 3843 1958 jubet,
3863 1904 4000 1944 cum
4061 1890 4268 1946 dicit:

2603 1997 2630 2024 ‹‹
2659 1975 2917 2030 Laudate
2965 1975 3276 2030 Dominum
3328 1975 3399 2030 de
3447 1974 3610 2032 caelis
3649 1976 3819 2046 (Psal.
3851 1977 4107 2049 cxnvm),
4147 2001 4180 2028 υ
4209 1984 4275 2036 et

2600 2069 2822 2129 cratera,
2847 2081 3034 2135 usque
3067 2064 3124 2118 in
3161 2065 3336 2118 finem
3371 2063 3582 2136 psalmi
3609 2080 3784 2136 quem
3820 2063 3902 2120 ita
3922 2066 4269 2125 concludit:

2601 2174 2628 2200 ο(
2664 2151 2865 2206 Omnis
2897 2152 3139 2224 spiritus
3185 2151 3382 2208 laudet
3421 2151 3736 2208 Dominum
3767 2154 3938 2225 (Paul.
3969 2155 4081 2227 cn).
4119 2179 4152 2206 ››
4184 2157 4273 2213 Ne

2601 2257 2736 2311 ergo
2755 2240 3064 2296 Psalmista
3095 2239 3553 2297 irrationabilem
3575 2246 3678 2298 aut
3695 2240 4086 2300 inanimatam
4107 2261 4278 2302 crea-

2601 2333 2792 2383 turam
2828 2331 3044 2384 frustra
3074 2330 3127 2384 in
3178 2329 3410 2385 laudem
3460 2329 3747 2386 Creatoris
3776 2347 4155 2390 commonere
4176 2333 4274 2390 di-

2605 2423 2941 2484 catur,tunc
2965 2435 3114 2484 vere,
3135 2419 3289 2489 quod
3321 2435 3418 2474 ore
3441 2435 3557 2475 non
3589 2423 3798 2490 potest,
3824 2437 3888 2476 se
3927 2421 3986 2477 in
4019 2421 4271 2479 laudem

2604 2507 2704 2562 Dei
2735 2507 2962 2561 videtur
2991 2506 3380 2578 erigere,cum
3412 2524 3531 2562 sua:
3561 2511 3784 2563 natura
3805 2509 4068 2567 motibus
4095 2527 4166 2568 se
4190 2512 4270 2568 ad

2605 2595 2958 2650 voluntatem
3015 2600 3072 2651 et
3117 2594 3431 2668 imperium
3483 2595 3747 2652 Creantis
3794 2599 4147 2668 conformat,
4175 2601 4275 2656 vel

2609 2685 2802 2758 potius
2822 2683 3132 2740 rationales
3155 2684 3384 2740 animos
3407 2684 3464 2738 in
3487 2683 3596 2740 hoc
3617 2701 3986 2743 commonere
4004 2687 4277 2760 videtur,

2609 2777 2674 2828 ut
2701 2773 2771 2827 de
2795 2772 3089 2828 beneﬁciis
3121 2772 3334 2828 divinis
3368 2772 3600 2829 laudem
3641 2774 3939 2830 Conditori
3980 2775 4126 2832 dare
4150 2793 4284 2834 me-

2611 2860 3084 2931 minerint,cujus
3103 2876 3344 2917 munere
3366 2860 3495 2933 ipsa
3514 2861 3722 2918 usibus
3751 2861 4063 2920 hominum
4080 2863 4286 2922 famu-

2610 2949 2717 3004 lari
2747 2949 2993 3004 videtnr.
3013 2949 3122 3004 Sed
3155 2954 3210 3004 et
3233 2948 3647 3020 Paulus,cujus
3661 2965 3764 3006 vos
3787 2949 4121 3008 imitatores
4141 2970 4289 3012 esse

2611 3037 2898 3101 dicitis,in
2929 3041 3280 3092 concentum
3322 3037 3661 3110 psalmodiis
3716 3055 3824 3094 nos
3878 3038 4156 3096 hortatur
4182 3042 4290 3098 di-

2612 3143 2778 3182 cens:
2802 3149 2828 3177 «
2845 3127 3169 3198 Loquentes
3198 3125 3631 3200 vobismetipsis
3653 3127 3716 3185 in
3736 3126 3984 3200 psalmis
4013 3132 4072 3184 et
4095 3129 4287 3202 hym-

2611 3215 2704 3271 nis
2733 3219 2790 3272 et
2817 3215 3059 3270 canticis
3082 3213 3510 3286 spiritualibus,
3527 3219 3830 3272 cantantes
3856 3221 3912 3272 et
3943 3217 4286 3289 psallentes

854 3302 969 3360 lem
999 3305 1339 3378 episcopum
1369 3304 1487 3360 vita
1516 3305 1728 3377 sepulti
1768 3303 2150 3373 examinetur,
2183 3302 2232 3358 si
2283 3320 2495 3358 secun—
2529 3291 2572 3358 (ἶ
2603 3303 2970 3397 Deou(Ephes._
2991 3303 3068 3397 v).
3101 3324 3130 3352 ››
3154 3307 3220 3356 Et
3249 3302 3374 3376 ipse
3403 3301 3548 3397 alibi
3573 3302 3751 3358 dicit:
3776 3325 3806 3353 ‹‹
3839 3303 4099 3361 Psallam
4137 3324 4284 3397 ore.

851 3393 991 3448 dum
1024 3393 1401 3467 Evangelium
1430 3393 1640 3450 Christi
1672 3393 1800 3448 fuit.

1017 3471 1022 3482 ’
1301 3483 1421 3538 XII.
1453 3484 1528 3538 De
1551 3481 1826 3553 psallendi
1853 3481 2050 3551 ofﬁcio.

921 3569 1061 3633 Quis
1091 3574 1290 3626 autem
1313 3569 1540 3626 dubitet
1557 3587 1658 3624 vos
1691 3569 1996 3624 immundo
2033 3567 2238 3640 spiritu
2266 3567 2494 3642 agitari,

851 3657 995 3712 dum
1043 3657 1152 3713 hoc
1195 3657 1350 3728 quod
1407 3673 1511 3728 per
1557 3656 1839 3728 Spiritum
1897 3659 2162 3712 sanctum
2208 3657 2496 3729 prolatum

851 3748 1030 3816 atque
1052 3745 1389 3800 institutum
1421 3749 1530 3813 est,
1562 3745 1618 3800 id
1649 3749 1738 3800 est
1765 3761 1941 3801 usum
1966 3745 2245 3816 psallendi
2275 3746 2332 3800 in
2365 3763 2497 3800 san-

853 3835 949 3888 cta
975 3832 1241 3904 ecclesia,
1259 3833 1532 3906 abjicitis,
1547 3838 1604 3890 et
1626 3833 1792 3906 quasi
1826 3835 2296 3906 superstitiosum
2319 3835 2498 3891 errori

852 3921 1078 3978 cultum
1112 3921 1434 3995 imputatis.
1466 3922 1730 3996 Sumpsit
1757 3940 1894 3994 ergo
1941 3923 2088 3978 hanc
2137 3923 2498 3979 modulandii

849 4010 1099 4068 formam
1156 4012 1296 4068 ordo
1353 4011 1802 4079 ecclesiasticus,
1839 4029 1954 4067 non
2000 4029 2067 4067 ex
2115 4011 2355 4068 ludicris
2397 4017 2500 4067 aut

839 4099 1205 4171 jocularibus
1233 4099 1737 4170 insectationibus,
1772 4101 1871 4155 sed
1904 4118 1972 4156 ex
2000 4101 2223 4157 Veteris
2255 4105 2312 4156 et
2358 4101 2498 4156 Novi

847 4190 1204 4246 Testamenti
1232 4189 1517 4262 patribus,
1534 4189 1686 4245 sicut
1710 4190 1782 4246 de
1805 4189 1983 4244 David
2015 4190 2072 4244 in
2100 4189 2247 4245 libro
2275 4191 2497 4262 Regum

846 4275 1095 4350 legimus
1125 4278 1284 4350 quia,
1301 4295 1438 4334 cum
1467 4295 1663 4334 arcam
1695 4277 1927 4334 Domini
1957 4278 2028 4334 de
2059 4282 2213 4334 terra
2245 4278 2499 4334 Philisti-

845 4369 1060 4422 norum
1093 4367 1412 4432 reduceret,
1428 4366 1576 4438 ipse,
1600 4365 1881 4438 depositis
1906 4365 2202 4437 regalibus
2225 4366 2498 4439 insigniis

844 4459 901 4510 et
931 4459 1168 4526 sumpta
1197 4455 1442 4522 cithara,
1475 4471 1678 4512 coram
1713 4471 1780 4510 ea
1811 4453 2058 4526 psallere
2096 4452 2306 4526 ‘cmpit,
2340 4456 2497 4526 quod

844 4543 940 4600 ille
973 4543 1200 4600 nullum
1233 4561 1499 4616 supernae
1527 4543 1725 4616 gratiae
1753 4548 1890 4598 tunc
1925 4543 2122 4615 aptius
2143 4542 2496 4600 sacrificium

844 4632 1224 4689 intellexerat.
1255 4633 1362 4701 Qui
1395 4633 1571 4690 etiam
1605 4649 1710 4704 per
1737 4631 1890 4688 hanc
1916 4631 2256 4688 modulandi
2299 4632 2493 4688 dulce-
2526 4655 2572 4720 Β

844 4721 1040 4777 dinem
1069 4721 1304 4778 Saulem
1337 4739 1533 4795 regem
1564 4739 1599 4776 a
1629 4722 1891 4776 damone
1920 4720 2283 4790 liberaverat,
2317 4737 2492 4793 quem

843 4809 1204 4866 medicorum
1235 4827 1330 4866 ars
1370 4811 1524 4866 victa
1571 4811 1996 4882 dcsperaverat.
2031 4810 2196 4864 Certe
2238 4813 2295 4865 et
2333 4811 2486 4882 apud

843 4914 1128 4969 supernos
1145 4899 1299 4954 cives
1319 4897 1571 4972 legimus
1592 4897 1770 4969 hujus
1801 4898 2215 4955 modulationis
2234 4897 2490 4970 insignia

842 4986 1141 5055 celebrari,
1171 4990 1238 5041 ut
1257 4987 1318 5040 in
1362 4984 1706 5058 Apocalypsi
1734 4987 1977 5043 Joannis
2009 4986 2258 5060 apostoli
2283 5005 2296 5044 :
2321 5010 2348 5038 «
2375 4987 2486 5044 Ha-

839 5073 1044 5130 bentes
1071 5072 1289 5144 singuli
1322 5073 1602 5140 citharas,
1635 5079 1693 5130 et
1718 5076 2028 5132 cantabant
2059 5076 2350 5132 canticum
2385 5093 2475 5132 no-

840 5178 978 5224 vum
1015 5161 1195 5232 (Apoc.
1228 5160 1306 5230 v).
1335 5184 1362 5209 ››
1393 5163 1460 5215 Et
1481 5163 1690 5217 iterum
1725 5179 1792 5218 ;‹‹
1828 5165 1896 5220 Et
1925 5181 2126 5220 vocem
2157 5181 2335 5237 quam
2383 5182 2486 5221 au-

842 5249 980 5317 divi,
1001 5248 1153 5304 sicut
1183 5247 1623 5325 citharaadorum
1655 5250 2124 5310 citharizantium
2152 5254 2210 5308 in
2245 5253 2486 5312 citharis

845 5337 972 5394 suis
1003 5337 1184 5409 (Apoc.
1216 5343 1351 5407 xxv).
1389 5361 1418 5388 »

913 5425 1061 5482 Hinc
1089 5443 1224 5500 ergo
1253 5427 1642 5502 colligendum
1673 5435 1761 5485 est
1791 5445 1970 5501 quam
2001 5432 2234 5500 gratum
2266 5431 2341 5486 sit
2369 5433 2484 5488 Deo

843 5515 1100 5570 officium
1147 5515 1454 5588 psallendi,
1507 5517 1555 5573 si
1602 5517 1830 5572 intenta
1893 5520 2086 5570 mente
2153 5524 2481 5592 peragatur,

839 5603 1070 5673 quando
1101 5605 1158 5660 in
1185 5605 1291 5662 hoc
1321 5605 1664 5678 angelorum
1698 5605 1903 5659 choros
1931 5601 2148 5659 imitari
2195 5606 2480 5676 videmur,

2602 3390 2849 3462 psallam
2884 3391 3095 3463 spiritu
3124 3395 3181 3446 et
3210 3395 3403 3448 mente
3434 3391 3483 3463 (1
3509 3391 3630 3447 Cor.
3660 3393 3799 3456 XIV).
3840 3414 3868 3442 »
3889 3393 4042 3458 Quin
4073 3390 4270 3455 etiam

2602 3481 2661 3534 in
2694 3480 2942 3534 transitu
2975 3484 3312 3535 sanctorum
3339 3479 3601 3535 virorum
3631 3479 3974 3552 psalmodisa
4013 3488 4275 3542 cantum

2604 3568 2883 3625 cecinisse
2929 3568 3167 3640 angelos
3213 3567 3399 3625 multa
3445 3568 3656 3624 divina
3703 3568 4021 3642 Scriptum
4069 3587 4282 3630 exem-

2606 3657 2791 3730 plaria
2818 3658 3048 3712 docent:

2678 3746 2840 3802 Unde
2895 3748 3121 3801 constat
3176 3762 3275 3800 eos
3332 3745 3406 3800 de
3454 3744 3678 3816 gremio
3726 3748 3944 3802 sancta:
3987 3747 4278 3808 Ecclesia

2607 3835 3095 3901 exterminandos,
3116 3835 3216 3906 qui
3247 3833 3356 3890 hoc
3387 3833 3673 3906 psallendi
3705 3833 3964 3890 ofticium
3988 3835 4283 3907 judicent

2607 3939 2976 3996 nequaquam
3027 3923 3099 3978 ad
3147 3921 3373 3978 cultum
3416 3922 3681 3979 divinum
3737 3923 4058 3995 pertinere.
4107 3929 4280 3994 Quod

2607 4017 2800 4067 autem
2825 4010 3390 4079 arbitrantur,nobis
3419 4009 3566 4084 ipsis
3596 4011 3898 4083 psallendo
3932 4013 4132 4070 multa
4171 4018 4279 4073 ad-

2604 4117 2774 4156 versa
2827 4099 3158 4171 imprecari,
3201 4099 3301 4154 ubi
3351 4097 3621 4154 videlicet
3676 4097 3994 4156 Psalmista
4053 4105 4280 4162 mentis

2606 4187 2841 4245 oculum
2871 4187 2929 4248 in
2960 4187 3258 4243 maleﬁcos
3304 4187 3560 4254 intorsit,
3594 4191 3659 4243 ut
3688 4191 3779 4244 est
3825 4187 4017 4264 illud:
4054 4215 4084 4242 «
4119 4194 4275 4259 Quid

2605 4277 2874 4351 gloriaris
2907 4277 2966 4331 in
2997 4275 3260 4331 malitia?
3290 4277 3460 4343 (Psal.
3490 4276 3585 4346 Li.)
3617 4297 3645 4326 ››
3677 4280 3734 4332 et
3766 4293 3779 4333 :
3809 4299 3839 4329 ‹‹
3859 4276 4280 4338 Obscurentur

2605 4366 2759 4424 oculi
2817 4381 3020 4420 eorum
3070 4380 3141 4419 ne
3189 4364 3422 4420 videant
3447 4365 3618 4432 (Psal.
3649 4368 3862 4433 vam),
3899 4387 3930 4414 »
3961 4371 4024 4422 et
4061 4375 4280 4428 cmtera

2604 4455 2774 4522 talia;
2806 4453 3086 4508 falluntur
3113 4453 3439 4508 nescientes
3484 4469 3621 4508 eum
3668 4453 4034 4526 propheticot
4053 4457 4276 4529 spiritu

2605 4543 2818 4600 intueri
2847 4559 2914 4598 ea
2942 4560 3068 4614 quas
3108 4545 3531 4614 snperventura
3571 4541 3803 4596 fuerant
3850 4541 3946 4598 his
3995 4561 4177 4616 quos,
4213 4548 4276 4604 in

2607 4637 2853 4688 mortem
2885 4631 3098 4686 Christi
3131 4635 3188 4686 et
3213 4633 3547 4686 sanctorum
3579 4635 3905 4702 martyrum
3941 4635 4272 4704 tumentes,

2602 4719 2838 4796 gloriari
2869 4721 3220 4792 inspexerat,
3245 4719 3468 4790 quique
3489 4729 3530 4774 'a
3559 4717 3796 4774 malitia;
3821 4734 3942 4774 suae
3972 4723 4275 4792 pravitate

2597 4825 2967 4882 nequaquam
2991 4807 3350 4868 declinantes
3369 4804 3662 4862 exsultant
3681 4806 3741 4862 in
3762 4806 3940 4862 rebus
3959 4811 4271 4880 pessimis,

2595 4905 2653 4957 et
2680 4899 2951 4955 laetantur
2979 4911 3114 4951 cum
3148 4894 3298 4950 male
3327 4895 3588 4951 fecerint.
3619 4895 3789 4950 Pater
3816 4893 4004 4968 igitur
4052 4898 4208 4955 tales
4237 4917 4274 4957 a

2595 4987 2786 5060 capite
2814 5002 2942 5053 suo,
2971 4984 3031 5040 id
3060 4987 3168 5053 est,
3199 4982 3454 5053 diabolo,
3486 5000 3602 5040 non
3643 4983 3984 5051 dissentire,
4035 4988 4143 5058 qui
4177 4993 4272 5045 est

2595 5080 2770 5150 caput
2811 5073 3079 5130 omnium
3127 5070 3484 5144 iniquorum,
3520 5071 3620 5144 qui
3667 5071 3844 5128 etiam
3875 5073 4258 5146 Scripturam

2597 5169 2860 5222 sanctam
2911 5160 3261 5233 intelligens,
3295 5159 3537 5217 sinistra
3593 5175 3722 5216 eam
3775 5159 4269 5234 interpretatione

2595 5255 2935 5327 praavertere
2964 5247 3228 5306 molitur.

2835 5336 2980 5394 XIII.
3011 5338 3084 5393 De
3110 5337 3457 5393 veneratione
3479 5337 3783 5394 ﬂaminica:
3810 5339 4014 5396 crucis.

2664 5427 2950 5494 Quoniam
2981 5442 3115 5482 vero
3153 5425 3464 5480 adversum
3515 5442 3748 5482 crucem
3777 5425 4156 5486 Dominicam
4209 5434 4268 5487 et

2591 5518 2887 5574 viviiicum
2908 5514 3136 5588 lignum
3166 5514 3382 5586 viperei
3414 5515 3708 5587 dogmatis
3729 5531 3957 5572 venena
3987 5517 4261 5585 funditis,

2593 5608 2850 5663 dicentes
2880 5604 2988 5658 hoc
3019 5619 3086 5658 ex
3115 5619 3309 5658 errore
3337 5601 3650 5659 hominum
3679 5602 3916 5660 venisse
3962 5608 4125 5678 quod
4166 5627 4264 5665 ve-

841 5707 988 5762 quos
1041 5699 1269 5752 constat
1321 5695 1528 5750 laudes
1577 5690 1810 5750 Domini
1871 5691 1995 5746 sine
2049 5691 2492 5752 intermissione
2593 5697 2872 5752 nerantur
2901 5709 3052 5758 eam,
3103 5707 3238 5747 cum
3283 5689 3507 5748 nullam
3557 5692 3747 5766 magis
3775 5691 3838 5748 in
3868 5709 3934 5750 se
3973 5693 4262 5754 virtutem
