  <div class='ocr_page' id='page_1' title='image "/cluster/home/n/w/nwhite01/storage/ocr_20150623/142-143/uc1.31175018423130/662.png"; bbox 0 0 4986 6666; ppageno 0'>
   <div class='ocr_carea' id='block_1_1' title="bbox 648 638 825 702">
    <p class='ocr_par' dir='ltr' id='par_1_1' title="bbox 648 638 825 702">
     <span class='ocr_line' id='line_1_1' title="bbox 648 638 825 702; baseline 0.011 -2"><span class='ocrx_word' id='word_1_1' title='bbox 648 638 825 702; x_wconf 76' lang='grc'>1309</span> 
     </span>
    </p>
   </div>
   <div class='ocr_carea' id='block_1_2' title="bbox 1899 635 2866 704">
    <p class='ocr_par' dir='ltr' id='par_1_2' title="bbox 1899 635 2866 704">
     <span class='ocr_line' id='line_1_2' title="bbox 1899 635 2866 704; baseline 0.005 -6"><span class='ocrx_word' id='word_1_2' title='bbox 1899 635 2104 700; x_wconf 85' lang='lat' dir='ltr'>ACTA</span> <span class='ocrx_word' id='word_1_3' title='bbox 2147 638 2437 700; x_wconf 91' lang='lat' dir='ltr'>SYNODI</span> <span class='ocrx_word' id='word_1_4' title='bbox 2479 640 2866 704; x_wconf 80' lang='lat' dir='ltr'>ATREBAT.</span> 
     </span>
    </p>
   </div>
   <div class='ocr_carea' id='block_1_3' title="bbox 3921 638 4078 702">
    <p class='ocr_par' dir='ltr' id='par_1_3' title="bbox 3921 638 4078 702">
     <span class='ocr_line' id='line_1_3' title="bbox 3921 638 4078 702; baseline 0.019 -2"><span class='ocrx_word' id='word_1_5' title='bbox 3921 638 4078 702; x_wconf 70' lang='lat' dir='ltr'>13m</span> 
     </span>
    </p>
   </div>
   <div class='ocr_carea' id='block_1_4' title="bbox 649 768 4124 844">
    <p class='ocr_par' dir='ltr' id='par_1_4' title="bbox 649 768 4124 844">
     <span class='ocr_line' id='line_1_4' title="bbox 649 768 4124 844; baseline 0 -16"><span class='ocrx_word' id='word_1_6' title='bbox 649 772 838 828; x_wconf 85' lang='lat' dir='ltr'>ribus</span> <span class='ocrx_word' id='word_1_7' title='bbox 875 768 1088 844; x_wconf 88' lang='lat' dir='ltr'>regula</span> <span class='ocrx_word' id='word_1_8' title='bbox 1144 773 1235 828; x_wconf 89' lang='lat' dir='ltr'>est</span> <span class='ocrx_word' id='word_1_9' title='bbox 1292 787 1478 843; x_wconf 90' lang='lat' dir='ltr'>usque</span> <span class='ocrx_word' id='word_1_10' title='bbox 1519 769 1575 826; x_wconf 89' lang='lat' dir='ltr'>in</span> <span class='ocrx_word' id='word_1_11' title='bbox 1623 768 1969 826; x_wconf 89' lang='lat' dir='ltr'>hodiernum</span> <span class='ocrx_word' id='word_1_12' title='bbox 2026 770 2200 837; x_wconf 90' lang='lat' dir='ltr'>diem,</span> <span class='ocrx_word' id='word_1_13' title='bbox 2230 786 2331 841; x_wconf 87' lang='lat' dir='ltr'>per</span> <span class='ocrx_word' id='word_1_14' title='bbox 2358 772 2413 839; x_wconf 83' lang='grc' dir='ltr'><strong>Α</strong></span> <span class='ocrx_word' id='word_1_15' title='bbox 2441 770 2542 826; x_wconf 90' lang='lat' dir='ltr'>sed</span> <span class='ocrx_word' id='word_1_16' title='bbox 2573 771 2749 826; x_wconf 88' lang='lat' dir='ltr'>etiam</span> <span class='ocrx_word' id='word_1_17' title='bbox 2782 776 3027 841; x_wconf 79' lang='lat' dir='ltr'>revocet,</span> <span class='ocrx_word' id='word_1_18' title='bbox 3053 769 3359 828; x_wconf 80' lang='lat' dir='ltr'>desideriis</span> <span class='ocrx_word' id='word_1_19' title='bbox 3379 768 3627 828; x_wconf 82' lang='lat' dir='ltr'>terrenis</span> <span class='ocrx_word' id='word_1_20' title='bbox 3648 769 4079 844; x_wconf 86' lang='lat' dir='ltr'>expulsis,desi-</span> <span class='ocrx_word' id='word_1_21' title='bbox 4121 810 4124 813; x_wconf 89' lang='lat'><strong><em>-</em></strong></span> 
     </span>
    </p>
   </div>
   <div class='ocr_carea' id='block_1_5' title="bbox 649 858 4104 934">
    <p class='ocr_par' dir='ltr' id='par_1_5' title="bbox 649 858 4104 934">
     <span class='ocr_line' id='line_1_5' title="bbox 649 858 4104 934; baseline -0 -17"><span class='ocrx_word' id='word_1_22' title='bbox 649 862 989 934; x_wconf 86' lang='lat' dir='ltr'>episcopos</span> <span class='ocrx_word' id='word_1_23' title='bbox 1017 865 1191 932; x_wconf 90' lang='lat' dir='ltr'>atque</span> <span class='ocrx_word' id='word_1_24' title='bbox 1215 858 1936 924; x_wconf 83' lang='lat' dir='ltr'>archidiaconos,dccanos</span> <span class='ocrx_word' id='word_1_25' title='bbox 1958 860 2131 914; x_wconf 89' lang='lat' dir='ltr'>etiam</span> <span class='ocrx_word' id='word_1_26' title='bbox 2157 863 2330 929; x_wconf 88' lang='lat' dir='ltr'>atque</span> <span class='ocrx_word' id='word_1_27' title='bbox 2440 861 2665 916; x_wconf 91' lang='lat' dir='ltr'>derium</span> <span class='ocrx_word' id='word_1_28' title='bbox 2721 862 2881 933; x_wconf 84' lang='lat' dir='ltr'>regni</span> <span class='ocrx_word' id='word_1_29' title='bbox 2941 861 3189 918; x_wconf 73' lang='lat' dir='ltr'>cmlestis</span> <span class='ocrx_word' id='word_1_30' title='bbox 3250 861 3517 933; x_wconf 83' lang='lat' dir='ltr'>inspiret,</span> <span class='ocrx_word' id='word_1_31' title='bbox 3555 861 3773 917; x_wconf 83' lang='lat' dir='ltr'>inserta</span> <span class='ocrx_word' id='word_1_32' title='bbox 3828 859 4104 916; x_wconf 76' lang='lat' dir='ltr'>bonitate</span> 
     </span>
    </p>
   </div>
   <div class='ocr_carea' id='block_1_6' title="bbox 649 947 2334 1023">
    <p class='ocr_par' dir='ltr' id='par_1_6' title="bbox 649 947 2334 1023">
     <span class='ocr_line' id='line_1_6' title="bbox 649 947 2334 1023; baseline -0.003 -18"><span class='ocrx_word' id='word_1_33' title='bbox 649 950 1028 1023; x_wconf 68' lang='lat' dir='ltr'>praepositos</span> <span class='ocrx_word' id='word_1_34' title='bbox 1055 951 1235 1004; x_wconf 86' lang='lat' dir='ltr'>totius</span> <span class='ocrx_word' id='word_1_35' title='bbox 1265 949 1639 1004; x_wconf 88' lang='lat' dir='ltr'>ecclesiastici</span> <span class='ocrx_word' id='word_1_36' title='bbox 1671 948 1971 1019; x_wconf 88' lang='lat' dir='ltr'>regiminis</span> <span class='ocrx_word' id='word_1_37' title='bbox 1997 964 2231 1002; x_wconf 84' lang='lat' dir='ltr'>causam</span> <span class='ocrx_word' id='word_1_38' title='bbox 2249 947 2334 1001; x_wconf 82' lang='lat' dir='ltr'>di-</span> 
     </span>
    </p>
   </div>
   <div class='ocr_carea' id='block_1_7' title="bbox 650 1036 2334 1112">
    <p class='ocr_par' dir='ltr' id='par_1_7' title="bbox 650 1036 2334 1112">
     <span class='ocr_line' id='line_1_7' title="bbox 650 1036 2334 1112; baseline -0.002 -18"><span class='ocrx_word' id='word_1_39' title='bbox 650 1039 1152 1112; x_wconf 86' lang='lat' dir='ltr'>spensari.Quod</span> <span class='ocrx_word' id='word_1_40' title='bbox 1186 1055 1319 1093; x_wconf 91' lang='lat' dir='ltr'>cum</span> <span class='ocrx_word' id='word_1_41' title='bbox 1353 1038 1432 1092; x_wconf 87' lang='lat' dir='ltr'>ita</span> <span class='ocrx_word' id='word_1_42' title='bbox 1464 1036 1557 1104; x_wconf 90' lang='lat' dir='ltr'>sit,</span> <span class='ocrx_word' id='word_1_43' title='bbox 1584 1037 1730 1092; x_wconf 86' lang='lat' dir='ltr'>nihil</span> <span class='ocrx_word' id='word_1_44' title='bbox 1753 1042 1839 1091; x_wconf 89' lang='lat' dir='ltr'>est</span> <span class='ocrx_word' id='word_1_45' title='bbox 1870 1038 2023 1108; x_wconf 88' lang='lat' dir='ltr'>quod</span> <span class='ocrx_word' id='word_1_46' title='bbox 2049 1038 2181 1107; x_wconf 90' lang='lat' dir='ltr'>jure</span> <span class='ocrx_word' id='word_1_47' title='bbox 2203 1039 2334 1091; x_wconf 62' lang='lat' dir='ltr'>coni</span> 
     </span>
    </p>
   </div>
   <div class='ocr_carea' id='block_1_8' title="bbox 649 1126 1596 1198">
    <p class='ocr_par' dir='ltr' id='par_1_8' title="bbox 649 1126 1596 1198">
     <span class='ocr_line' id='line_1_8' title="bbox 649 1126 1596 1198; baseline -0.003 -14"><span class='ocrx_word' id='word_1_48' title='bbox 649 1134 748 1184; x_wconf 86' lang='lat' dir='ltr'>tra</span> <span class='ocrx_word' id='word_1_49' title='bbox 785 1128 926 1183; x_wconf 67' lang='lat' dir='ltr'>haec</span> <span class='ocrx_word' id='word_1_50' title='bbox 958 1143 1286 1198; x_wconf 89' lang='lat' dir='ltr'>repugnare</span> <span class='ocrx_word' id='word_1_51' title='bbox 1317 1126 1596 1181; x_wconf 79' lang='lat' dir='ltr'>debeatis.</span> 
     </span>
    </p>
   </div>
   <div class='ocr_carea' id='block_1_9' title="bbox 1045 1214 1976 1288">
    <p class='ocr_par' dir='ltr' id='par_1_9' title="bbox 1045 1214 1976 1288">
     <span class='ocr_line' id='line_1_9' title="bbox 1045 1214 1976 1288; baseline 0 -19"><span class='ocrx_word' id='word_1_52' title='bbox 1045 1215 1188 1269; x_wconf 80' lang='lat' dir='ltr'>XVI.</span> <span class='ocrx_word' id='word_1_53' title='bbox 1221 1217 1292 1270; x_wconf 86' lang='lat' dir='ltr'>De</span> <span class='ocrx_word' id='word_1_54' title='bbox 1317 1231 1514 1270; x_wconf 76' lang='lat' dir='ltr'>eorum</span> <span class='ocrx_word' id='word_1_55' title='bbox 1547 1214 1699 1288; x_wconf 73' lang='lat' dir='ltr'>falsa</span> <span class='ocrx_word' id='word_1_56' title='bbox 1711 1215 1976 1285; x_wconf 77' lang='lat' dir='ltr'>jus/ilia.</span> 
     </span>
    </p>
   </div>
   <div class='ocr_carea' id='block_1_10' title="bbox 725 1302 2335 1375">
    <p class='ocr_par' dir='ltr' id='par_1_10' title="bbox 725 1302 2335 1375">
     <span class='ocr_line' id='line_1_10' title="bbox 725 1302 2335 1375; baseline -0.003 -15"><span class='ocrx_word' id='word_1_57' title='bbox 725 1303 1285 1375; x_wconf 86' lang='lat' dir='ltr'>Verum,quoniam</span> <span class='ocrx_word' id='word_1_58' title='bbox 1307 1303 1715 1373; x_wconf 70' lang='lat' dir='ltr'>falsaejustitiee</span> <span class='ocrx_word' id='word_1_59' title='bbox 1738 1303 2063 1357; x_wconf 82' lang='lat' dir='ltr'>doctrinam</span> <span class='ocrx_word' id='word_1_60' title='bbox 2080 1302 2335 1356; x_wconf 91' lang='lat' dir='ltr'>introdu-</span> 
     </span>
    </p>
   </div>
   <div class='ocr_carea' id='block_1_11' title="bbox 576 1389 2334 1471">
    <p class='ocr_par' dir='ltr' id='par_1_11' title="bbox 576 1389 2334 1471">
     <span class='ocr_line' id='line_1_11' title="bbox 576 1389 2334 1471; baseline -0.004 -21"><span class='ocrx_word' id='word_1_61' title='bbox 576 1418 584 1471; x_wconf 63' lang='grc' dir='ltr'><strong>ί</strong></span> <span class='ocrx_word' id='word_1_62' title='bbox 651 1411 796 1452; x_wconf 86' lang='lat' dir='ltr'>cere</span> <span class='ocrx_word' id='word_1_63' title='bbox 835 1391 1109 1459; x_wconf 80' lang='lat' dir='ltr'>tentatis,</span> <span class='ocrx_word' id='word_1_64' title='bbox 1145 1408 1322 1463; x_wconf 88' lang='lat' dir='ltr'>quam</span> <span class='ocrx_word' id='word_1_65' title='bbox 1355 1392 1557 1447; x_wconf 62' lang='lat' dir='ltr'>divina:</span> <span class='ocrx_word' id='word_1_66' title='bbox 1599 1391 1794 1463; x_wconf 82' lang='lat' dir='ltr'>gratiae</span> <span class='ocrx_word' id='word_1_67' title='bbox 1826 1392 1968 1446; x_wconf 89' lang='lat' dir='ltr'>adeo</span> <span class='ocrx_word' id='word_1_68' title='bbox 2001 1389 2334 1462; x_wconf 64' lang='lat' dir='ltr'>prmponitis</span> 
     </span>
    </p>
   </div>
   <div class='ocr_carea' id='block_1_12' title="bbox 579 1479 2333 1558">
    <p class='ocr_par' dir='ltr' id='par_1_12' title="bbox 579 1479 2333 1558">
     <span class='ocr_line' id='line_1_12' title="bbox 579 1479 2333 1558; baseline -0.006 -17"><span class='ocrx_word' id='word_1_69' title='bbox 579 1526 586 1558; x_wconf 41' lang='grc' dir='ltr'>λ</span> <span class='ocrx_word' id='word_1_70' title='bbox 653 1490 725 1540; x_wconf 90' lang='lat' dir='ltr'>ut</span> <span class='ocrx_word' id='word_1_71' title='bbox 765 1481 994 1540; x_wconf 86' lang='lat' dir='ltr'>omnia</span> <span class='ocrx_word' id='word_1_72' title='bbox 1024 1480 1274 1552; x_wconf 88' lang='lat' dir='ltr'>propriis</span> <span class='ocrx_word' id='word_1_73' title='bbox 1306 1481 1530 1538; x_wconf 87' lang='lat' dir='ltr'>meritis</span> <span class='ocrx_word' id='word_1_74' title='bbox 1560 1481 1884 1542; x_wconf 81' lang='lat' dir='ltr'>ascribatis,</span> <span class='ocrx_word' id='word_1_75' title='bbox 1916 1480 2072 1534; x_wconf 90' lang='lat' dir='ltr'>hunc</span> <span class='ocrx_word' id='word_1_76' title='bbox 2104 1479 2333 1534; x_wconf 66' lang='lat' dir='ltr'>nefariae</span> 
     </span>
    </p>
   </div>
   <div class='ocr_carea' id='block_1_13' title="bbox 649 1567 2334 1646">
    <p class='ocr_par' dir='ltr' id='par_1_13' title="bbox 649 1567 2334 1646">
     <span class='ocr_line' id='line_1_13' title="bbox 649 1567 2334 1646; baseline -0.005 -17"><span class='ocrx_word' id='word_1_77' title='bbox 649 1570 1168 1646; x_wconf 66' lang='lat' dir='ltr'>praesumptionis</span> <span class='ocrx_word' id='word_1_78' title='bbox 1194 1586 1448 1623; x_wconf 89' lang='lat' dir='ltr'>errorem</span> <span class='ocrx_word' id='word_1_79' title='bbox 1492 1569 1698 1624; x_wconf 70' lang='lat' dir='ltr'>divinae</span> <span class='ocrx_word' id='word_1_80' title='bbox 1731 1567 2087 1623; x_wconf 86' lang='lat' dir='ltr'>auctoritatis</span> <span class='ocrx_word' id='word_1_81' title='bbox 2121 1567 2334 1621; x_wconf 87' lang='lat' dir='ltr'>ictibus</span> 
     </span>
    </p>
   </div>
   <div class='ocr_carea' id='block_1_14' title="bbox 576 1656 2337 1728">
    <p class='ocr_par' dir='ltr' id='par_1_14' title="bbox 576 1656 2337 1728">
     <span class='ocr_line' id='line_1_14' title="bbox 576 1656 2337 1728; baseline -0.003 -14"><span class='ocrx_word' id='word_1_82' title='bbox 576 1705 586 1714; x_wconf 89' lang='lat'>.</span> <span class='ocrx_word' id='word_1_83' title='bbox 651 1661 1301 1725; x_wconf 80' lang='lat' dir='ltr'>labefactamus;nam</span> <span class='ocrx_word' id='word_1_84' title='bbox 1326 1656 1489 1711; x_wconf 91' lang='lat' dir='ltr'>nulla</span> <span class='ocrx_word' id='word_1_85' title='bbox 1512 1658 1763 1728; x_wconf 88' lang='lat' dir='ltr'>justitia,</span> <span class='ocrx_word' id='word_1_86' title='bbox 1795 1656 2020 1711; x_wconf 89' lang='lat' dir='ltr'>nullum</span> <span class='ocrx_word' id='word_1_87' title='bbox 2053 1657 2186 1710; x_wconf 90' lang='lat' dir='ltr'>boni</span> <span class='ocrx_word' id='word_1_88' title='bbox 2207 1672 2337 1709; x_wconf 88' lang='lat' dir='ltr'>con-</span> 
     </span>
    </p>
   </div>
   <div class='ocr_carea' id='block_1_15' title="bbox 578 1737 2335 1828">
    <p class='ocr_par' dir='ltr' id='par_1_15' title="bbox 578 1737 2335 1828">
     <span class='ocr_line' id='line_1_15' title="bbox 578 1737 2335 1828; baseline -0.005 -21"><span class='ocrx_word' id='word_1_89' title='bbox 652 1754 784 1807; x_wconf 83' lang='lat' dir='ltr'>stat</span> <span class='ocrx_word' id='word_1_90' title='bbox 821 1747 1313 1818; x_wconf 87' lang='lat' dir='ltr'>meritum,quod</span> <span class='ocrx_word' id='word_1_91' title='bbox 1346 1763 1460 1801; x_wconf 89' lang='lat' dir='ltr'>non</span> <span class='ocrx_word' id='word_1_92' title='bbox 1492 1747 1561 1800; x_wconf 91' lang='lat' dir='ltr'>de</span> <span class='ocrx_word' id='word_1_93' title='bbox 1594 1747 1747 1801; x_wconf 87' lang='lat' dir='ltr'>fonte</span> <span class='ocrx_word' id='word_1_94' title='bbox 1773 1763 2033 1816; x_wconf 60' lang='lat' dir='ltr'>supernae.</span> <span class='ocrx_word' id='word_1_95' title='bbox 2057 1745 2254 1816; x_wconf 65' lang='lat' dir='ltr'>gratiae</span> <span class='ocrx_word' id='word_1_96' title='bbox 2276 1744 2335 1798; x_wconf 91' lang='lat' dir='ltr'>id</span> 
     </span>
    </p>
   </div>
   <div class='ocr_carea' id='block_1_16' title="bbox 578 1834 2337 1918">
    <p class='ocr_par' dir='ltr' id='par_1_16' title="bbox 578 1834 2337 1918">
     <span class='ocr_line' id='line_1_16' title="bbox 578 1834 2337 1918; baseline -0.004 -23"><span class='ocrx_word' id='word_1_97' title='bbox 651 1839 834 1912; x_wconf 93' lang='lat' dir='ltr'>quod</span> <span class='ocrx_word' id='word_1_98' title='bbox 872 1839 971 1892; x_wconf 87' lang='lat' dir='ltr'>est</span> <span class='ocrx_word' id='word_1_99' title='bbox 1001 1836 1306 1906; x_wconf 89' lang='lat' dir='ltr'>acceperit.</span> <span class='ocrx_word' id='word_1_100' title='bbox 1342 1834 1503 1889; x_wconf 90' lang='lat' dir='ltr'>Unde</span> <span class='ocrx_word' id='word_1_101' title='bbox 1535 1836 1678 1907; x_wconf 91' lang='lat' dir='ltr'>ipse,</span> <span class='ocrx_word' id='word_1_102' title='bbox 1714 1851 1847 1906; x_wconf 91' lang='lat' dir='ltr'>quo,</span> <span class='ocrx_word' id='word_1_103' title='bbox 1874 1835 2212 1906; x_wconf 86' lang='lat' dir='ltr'>perhibente</span> <span class='ocrx_word' id='word_1_104' title='bbox 2237 1838 2337 1888; x_wconf 91' lang='lat' dir='ltr'>Do-</span> 
     </span>
    </p>
   </div>
   <div class='ocr_carea' id='block_1_17' title="bbox 581 1921 2337 1996">
    <p class='ocr_par' dir='ltr' id='par_1_17' title="bbox 581 1921 2337 1996">
     <span class='ocr_line' id='line_1_17' title="bbox 581 1921 2337 1996; baseline -0.005 -12"><span class='ocrx_word' id='word_1_105' title='bbox 581 1993 586 1996; x_wconf 98' lang='lat'>_</span> <span class='ocrx_word' id='word_1_106' title='bbox 654 1931 864 1992; x_wconf 91' lang='lat' dir='ltr'>mino,</span> <span class='ocrx_word' id='word_1_107' title='bbox 905 1940 1085 1980; x_wconf 88' lang='lat' dir='ltr'>nemo</span> <span class='ocrx_word' id='word_1_108' title='bbox 1114 1924 1265 1978; x_wconf 88' lang='lat' dir='ltr'>inter</span> <span class='ocrx_word' id='word_1_109' title='bbox 1294 1927 1463 1977; x_wconf 89' lang='lat' dir='ltr'>natos</span> <span class='ocrx_word' id='word_1_110' title='bbox 1494 1921 1807 1978; x_wconf 85' lang='lat' dir='ltr'>mulierum</span> <span class='ocrx_word' id='word_1_111' title='bbox 1841 1925 2027 1993; x_wconf 81' lang='lat' dir='ltr'>major</span> <span class='ocrx_word' id='word_1_112' title='bbox 2051 1927 2159 1988; x_wconf 88' lang='lat' dir='ltr'>est,</span> <span class='ocrx_word' id='word_1_113' title='bbox 2183 1923 2254 1976; x_wconf 89' lang='lat' dir='ltr'>de</span> <span class='ocrx_word' id='word_1_114' title='bbox 2277 1938 2337 1976; x_wconf 91' lang='lat' dir='ltr'>se</span> 
     </span>
    </p>
   </div>
   <div class='ocr_carea' id='block_1_18' title="bbox 578 2001 2336 2082">
    <p class='ocr_par' dir='ltr' id='par_1_18' title="bbox 578 2001 2336 2082">
     <span class='ocr_line' id='line_1_18' title="bbox 578 2001 2336 2082; baseline -0.007 -7"><span class='ocrx_word' id='word_1_115' title='bbox 578 2001 590 2012; x_wconf 32' lang='grc' dir='ltr'><strong><em>Ρ</em></strong></span> <span class='ocrx_word' id='word_1_116' title='bbox 647 2020 945 2074; x_wconf 84' lang='lat' dir='ltr'>Joannes</span> <span class='ocrx_word' id='word_1_117' title='bbox 979 2011 1124 2067; x_wconf 85' lang='lat' dir='ltr'>dicit</span> <span class='ocrx_word' id='word_1_118' title='bbox 1157 2027 1169 2065; x_wconf 91' lang='lat'>:</span> <span class='ocrx_word' id='word_1_119' title='bbox 1208 2033 1234 2060; x_wconf 88' lang='grc'>‹‹</span> <span class='ocrx_word' id='word_1_120' title='bbox 1267 2012 1390 2065; x_wconf 90' lang='lat' dir='ltr'>Non</span> <span class='ocrx_word' id='word_1_121' title='bbox 1424 2015 1612 2082; x_wconf 87' lang='lat' dir='ltr'>potest</span> <span class='ocrx_word' id='word_1_122' title='bbox 1658 2011 1830 2066; x_wconf 92' lang='lat' dir='ltr'>homo</span> <span class='ocrx_word' id='word_1_123' title='bbox 1881 2012 2137 2081; x_wconf 89' lang='lat' dir='ltr'>accipere</span> <span class='ocrx_word' id='word_1_124' title='bbox 2169 2010 2336 2080; x_wconf 90' lang='lat' dir='ltr'>quid-</span> 
     </span>
    </p>
   </div>
   <div class='ocr_carea' id='block_1_19' title="bbox 577 2095 2338 2180">
    <p class='ocr_par' dir='ltr' id='par_1_19' title="bbox 577 2095 2338 2180">
     <span class='ocr_line' id='line_1_19' title="bbox 577 2095 2338 2180; baseline -0.006 -17"><span class='ocrx_word' id='word_1_125' title='bbox 577 2095 588 2176; x_wconf 47' lang='lat'>;</span> <span class='ocrx_word' id='word_1_126' title='bbox 649 2120 886 2180; x_wconf 84' lang='lat' dir='ltr'>quam,</span> <span class='ocrx_word' id='word_1_127' title='bbox 926 2100 1047 2156; x_wconf 88' lang='lat' dir='ltr'>nisi</span> <span class='ocrx_word' id='word_1_128' title='bbox 1076 2100 1127 2156; x_wconf 91' lang='lat' dir='ltr'>ei</span> <span class='ocrx_word' id='word_1_129' title='bbox 1161 2100 1333 2155; x_wconf 88' lang='lat' dir='ltr'>fuerit</span> <span class='ocrx_word' id='word_1_130' title='bbox 1364 2100 1563 2156; x_wconf 87' lang='lat' dir='ltr'>datum</span> <span class='ocrx_word' id='word_1_131' title='bbox 1594 2101 1664 2155; x_wconf 92' lang='lat' dir='ltr'>de</span> <span class='ocrx_word' id='word_1_132' title='bbox 1695 2099 1836 2155; x_wconf 68' lang='lat' dir='ltr'>coelo</span> <span class='ocrx_word' id='word_1_133' title='bbox 1869 2101 2045 2171; x_wconf 82' lang='lat' dir='ltr'>(Joan.</span> <span class='ocrx_word' id='word_1_134' title='bbox 2077 2099 2181 2170; x_wconf 81' lang='lat' dir='ltr'>In).</span> <span class='ocrx_word' id='word_1_135' title='bbox 2208 2122 2236 2148; x_wconf 86' lang='lat'>»</span> <span class='ocrx_word' id='word_1_136' title='bbox 2269 2099 2338 2152; x_wconf 88' lang='lat' dir='ltr'>Et</span> 
     </span>
    </p>
   </div>
   <div class='ocr_carea' id='block_1_20' title="bbox 577 2181 2342 2270">
    <p class='ocr_par' dir='ltr' id='par_1_20' title="bbox 577 2181 2342 2270">
     <span class='ocr_line' id='line_1_20' title="bbox 577 2181 2342 2270; baseline -0.007 -17"><span class='ocrx_word' id='word_1_137' title='bbox 577 2181 590 2252; x_wconf 57' lang='grc' dir='ltr'><strong>ί</strong></span> <span class='ocrx_word' id='word_1_138' title='bbox 650 2190 1001 2270; x_wconf 84' lang='lat' dir='ltr'>apostolus</span> <span class='ocrx_word' id='word_1_139' title='bbox 1033 2189 1175 2244; x_wconf 91' lang='lat' dir='ltr'>dicit</span> <span class='ocrx_word' id='word_1_140' title='bbox 1202 2206 1214 2244; x_wconf 90' lang='lat'>:</span> <span class='ocrx_word' id='word_1_141' title='bbox 1248 2189 1484 2244; x_wconf 84' lang='lat' dir='ltr'>«Omne</span> <span class='ocrx_word' id='word_1_142' title='bbox 1513 2189 1717 2244; x_wconf 90' lang='lat' dir='ltr'>datum</span> <span class='ocrx_word' id='word_1_143' title='bbox 1751 2189 2058 2260; x_wconf 88' lang='lat' dir='ltr'>optimum,</span> <span class='ocrx_word' id='word_1_144' title='bbox 2091 2193 2145 2242; x_wconf 88' lang='lat' dir='ltr'>et</span> <span class='ocrx_word' id='word_1_145' title='bbox 2171 2203 2342 2241; x_wconf 91' lang='lat' dir='ltr'>omne</span> 
     </span>
    </p>
   </div>
   <div class='ocr_carea' id='block_1_21' title="bbox 578 2271 2342 2350">
    <p class='ocr_par' dir='ltr' id='par_1_21' title="bbox 578 2271 2342 2350">
     <span class='ocr_line' id='line_1_21' title="bbox 578 2271 2342 2350; baseline -0.009 -6"><span class='ocrx_word' id='word_1_146' title='bbox 578 2271 588 2344; x_wconf 62' lang='grc' dir='ltr'><strong>ί</strong></span> <span class='ocrx_word' id='word_1_147' title='bbox 648 2287 910 2342; x_wconf 82' lang='lat' dir='ltr'>donum</span> <span class='ocrx_word' id='word_1_148' title='bbox 947 2280 1272 2350; x_wconf 89' lang='lat' dir='ltr'>perfectum</span> <span class='ocrx_word' id='word_1_149' title='bbox 1304 2278 1612 2332; x_wconf 86' lang='lat' dir='ltr'>desursum</span> <span class='ocrx_word' id='word_1_150' title='bbox 1635 2281 1724 2332; x_wconf 89' lang='lat' dir='ltr'>est</span> <span class='ocrx_word' id='word_1_151' title='bbox 1743 2277 2101 2333; x_wconf 89' lang='lat' dir='ltr'>descendens</span> <span class='ocrx_word' id='word_1_152' title='bbox 2123 2292 2156 2330; x_wconf 87' lang='lat' dir='ltr'>a</span> <span class='ocrx_word' id='word_1_153' title='bbox 2178 2275 2342 2329; x_wconf 90' lang='lat' dir='ltr'>Patre</span> 
     </span>
    </p>
   </div>
   <div class='ocr_carea' id='block_1_22' title="bbox 578 2361 2339 2436">
    <p class='ocr_par' dir='ltr' id='par_1_22' title="bbox 578 2361 2339 2436">
     <span class='ocr_line' id='line_1_22' title="bbox 578 2361 2339 2436; baseline -0.009 -3"><span class='ocrx_word' id='word_1_154' title='bbox 578 2361 588 2434; x_wconf 61' lang='grc' dir='ltr'>ί</span> <span class='ocrx_word' id='word_1_155' title='bbox 649 2372 992 2430; x_wconf 86' lang='lat' dir='ltr'>luminum</span> <span class='ocrx_word' id='word_1_156' title='bbox 1027 2368 1167 2436; x_wconf 84' lang='lat' dir='ltr'>(Jac.</span> <span class='ocrx_word' id='word_1_157' title='bbox 1202 2367 1264 2435; x_wconf 88' lang='grc' dir='ltr'>ι).</span> <span class='ocrx_word' id='word_1_158' title='bbox 1302 2387 1329 2414; x_wconf 76' lang='grc' dir='ltr'>»ι</span> <span class='ocrx_word' id='word_1_159' title='bbox 1363 2367 1431 2420; x_wconf 88' lang='lat' dir='ltr'>Et</span> <span class='ocrx_word' id='word_1_160' title='bbox 1456 2365 1672 2421; x_wconf 88' lang='lat' dir='ltr'>Paulus</span> <span class='ocrx_word' id='word_1_161' title='bbox 1701 2366 1820 2420; x_wconf 87' lang='lat' dir='ltr'>ait:</span> <span class='ocrx_word' id='word_1_162' title='bbox 1861 2389 1880 2413; x_wconf 75' lang='grc' dir='ltr'>ι</span> <span class='ocrx_word' id='word_1_163' title='bbox 1913 2365 2113 2420; x_wconf 81' lang='lat' dir='ltr'>Infelix</span> <span class='ocrx_word' id='word_1_164' title='bbox 2145 2365 2339 2428; x_wconf 90' lang='lat' dir='ltr'>homo,</span> 
     </span>
    </p>
   </div>
   <div class='ocr_carea' id='block_1_23' title="bbox 580 2441 2344 2537">
    <p class='ocr_par' dir='ltr' id='par_1_23' title="bbox 580 2441 2344 2537">
     <span class='ocr_line' id='line_1_23' title="bbox 580 2441 2344 2537; baseline -0.008 -17"><span class='ocrx_word' id='word_1_165' title='bbox 580 2441 591 2524; x_wconf 37' lang='grc' dir='ltr'>Ι,</span> <span class='ocrx_word' id='word_1_166' title='bbox 649 2465 804 2537; x_wconf 84' lang='lat' dir='ltr'>quis</span> <span class='ocrx_word' id='word_1_167' title='bbox 849 2474 956 2514; x_wconf 84' lang='lat' dir='ltr'>me</span> <span class='ocrx_word' id='word_1_168' title='bbox 986 2455 1256 2510; x_wconf 78' lang='lat' dir='ltr'>liberabit</span> <span class='ocrx_word' id='word_1_169' title='bbox 1286 2456 1358 2510; x_wconf 91' lang='lat' dir='ltr'>de</span> <span class='ocrx_word' id='word_1_170' title='bbox 1390 2472 1626 2526; x_wconf 85' lang='lat' dir='ltr'>corpore</span> <span class='ocrx_word' id='word_1_171' title='bbox 1652 2455 1859 2512; x_wconf 86' lang='lat' dir='ltr'>mortis</span> <span class='ocrx_word' id='word_1_172' title='bbox 1890 2454 2067 2525; x_wconf 87' lang='lat' dir='ltr'>hujus</span> <span class='ocrx_word' id='word_1_173' title='bbox 2088 2455 2114 2508; x_wconf 79' lang='lat'>‘?</span> <span class='ocrx_word' id='word_1_174' title='bbox 2147 2454 2344 2509; x_wconf 81' lang='lat' dir='ltr'>Gratia</span> 
     </span>
    </p>
   </div>
   <div class='ocr_carea' id='block_1_24' title="bbox 576 2543 2338 2624">
    <p class='ocr_par' dir='ltr' id='par_1_24' title="bbox 576 2543 2338 2624">
     <span class='ocr_line' id='line_1_24' title="bbox 576 2543 2338 2624; baseline -0.007 -17"><span class='ocrx_word' id='word_1_175' title='bbox 576 2547 588 2624; x_wconf 61' lang='grc' dir='ltr'>ξ</span> <span class='ocrx_word' id='word_1_176' title='bbox 647 2553 762 2609; x_wconf 88' lang='lat' dir='ltr'>Dei</span> <span class='ocrx_word' id='word_1_177' title='bbox 805 2563 929 2622; x_wconf 84' lang='lat' dir='ltr'>per</span> <span class='ocrx_word' id='word_1_178' title='bbox 959 2544 1165 2600; x_wconf 85' lang='lat' dir='ltr'>Jesum</span> <span class='ocrx_word' id='word_1_179' title='bbox 1196 2544 1494 2598; x_wconf 90' lang='lat' dir='ltr'>Christum</span> <span class='ocrx_word' id='word_1_180' title='bbox 1524 2544 1839 2598; x_wconf 89' lang='lat' dir='ltr'>Dominum</span> <span class='ocrx_word' id='word_1_181' title='bbox 1870 2548 2135 2598; x_wconf 91' lang='lat' dir='ltr'>nostrum</span> <span class='ocrx_word' id='word_1_182' title='bbox 2169 2543 2338 2612; x_wconf 82' lang='lat' dir='ltr'>(Rom.</span> 
     </span>
    </p>
   </div>
   <div class='ocr_carea' id='block_1_25' title="bbox 579 2631 2340 2712">
    <p class='ocr_par' dir='ltr' id='par_1_25' title="bbox 579 2631 2340 2712">
     <span class='ocr_line' id='line_1_25' title="bbox 579 2631 2340 2712; baseline -0.01 -13"><span class='ocrx_word' id='word_1_183' title='bbox 579 2637 588 2646; x_wconf 76' lang='grc'><em>’</em></span> <span class='ocrx_word' id='word_1_184' title='bbox 647 2643 791 2712; x_wconf 81' lang='lat' dir='ltr'>vn).</span> <span class='ocrx_word' id='word_1_185' title='bbox 838 2659 875 2686; x_wconf 84' lang='lat'><em>»</em></span> <span class='ocrx_word' id='word_1_186' title='bbox 910 2635 988 2688; x_wconf 85' lang='lat' dir='ltr'>Et</span> <span class='ocrx_word' id='word_1_187' title='bbox 1017 2633 1229 2688; x_wconf 89' lang='lat' dir='ltr'>iterum</span> <span class='ocrx_word' id='word_1_188' title='bbox 1264 2649 1277 2686; x_wconf 88' lang='lat'><strong>:</strong></span> <span class='ocrx_word' id='word_1_189' title='bbox 1313 2655 1340 2682; x_wconf 86' lang='lat'><strong>«</strong></span> <span class='ocrx_word' id='word_1_190' title='bbox 1367 2632 1565 2687; x_wconf 85' lang='lat' dir='ltr'>Gratia</span> <span class='ocrx_word' id='word_1_191' title='bbox 1594 2632 1694 2686; x_wconf 90' lang='lat' dir='ltr'>Dei</span> <span class='ocrx_word' id='word_1_192' title='bbox 1721 2649 1851 2686; x_wconf 90' lang='lat' dir='ltr'>sum</span> <span class='ocrx_word' id='word_1_193' title='bbox 1885 2632 1940 2684; x_wconf 91' lang='lat' dir='ltr'>id</span> <span class='ocrx_word' id='word_1_194' title='bbox 1965 2631 2118 2702; x_wconf 90' lang='lat' dir='ltr'>quod</span> <span class='ocrx_word' id='word_1_195' title='bbox 2151 2647 2340 2684; x_wconf 79' lang='lat' dir='ltr'>sum.»</span> 
     </span>
    </p>
   </div>
   <div class='ocr_carea' id='block_1_26' title="bbox 578 2718 2340 2796">
    <p class='ocr_par' dir='ltr' id='par_1_26' title="bbox 578 2718 2340 2796">
     <span class='ocr_line' id='line_1_26' title="bbox 578 2718 2340 2796; baseline -0.01 -8"><span class='ocrx_word' id='word_1_196' title='bbox 578 2787 588 2796; x_wconf 74' lang='grc'>,</span> <span class='ocrx_word' id='word_1_197' title='bbox 648 2733 726 2787; x_wconf 86' lang='lat' dir='ltr'>Et</span> <span class='ocrx_word' id='word_1_198' title='bbox 763 2731 1010 2784; x_wconf 85' lang='lat' dir='ltr'>iterum</span> <span class='ocrx_word' id='word_1_199' title='bbox 1047 2738 1060 2776; x_wconf 91' lang='lat'><strong>:</strong></span> <span class='ocrx_word' id='word_1_200' title='bbox 1098 2741 1126 2772; x_wconf 79' lang='grc' dir='ltr'>(ι</span> <span class='ocrx_word' id='word_1_201' title='bbox 1157 2721 1268 2775; x_wconf 89' lang='lat' dir='ltr'>Sed</span> <span class='ocrx_word' id='word_1_202' title='bbox 1299 2719 1433 2792; x_wconf 91' lang='lat' dir='ltr'>plus</span> <span class='ocrx_word' id='word_1_203' title='bbox 1465 2720 1582 2775; x_wconf 90' lang='lat' dir='ltr'>illis</span> <span class='ocrx_word' id='word_1_204' title='bbox 1613 2720 1886 2775; x_wconf 87' lang='lat' dir='ltr'>omnibus</span> <span class='ocrx_word' id='word_1_205' title='bbox 1917 2718 2192 2785; x_wconf 86' lang='lat' dir='ltr'>laboravi,</span> <span class='ocrx_word' id='word_1_206' title='bbox 2228 2735 2340 2772; x_wconf 91' lang='lat' dir='ltr'>non</span> 
     </span>
    </p>
   </div>
   <div class='ocr_carea' id='block_1_27' title="bbox 578 2806 2340 2893">
    <p class='ocr_par' dir='ltr' id='par_1_27' title="bbox 578 2806 2340 2893">
     <span class='ocr_line' id='line_1_27' title="bbox 578 2806 2340 2893; baseline -0.007 -21"><span class='ocrx_word' id='word_1_207' title='bbox 578 2813 588 2822; x_wconf 53' lang='grc'><strong><em>⁵</em></strong></span> <span class='ocrx_word' id='word_1_208' title='bbox 645 2837 767 2893; x_wconf 83' lang='lat' dir='ltr'>ego</span> <span class='ocrx_word' id='word_1_209' title='bbox 807 2817 1056 2878; x_wconf 87' lang='lat' dir='ltr'>autem,</span> <span class='ocrx_word' id='word_1_210' title='bbox 1089 2810 1191 2865; x_wconf 90' lang='lat' dir='ltr'>sed</span> <span class='ocrx_word' id='word_1_211' title='bbox 1223 2810 1411 2881; x_wconf 87' lang='lat' dir='ltr'>gratia</span> <span class='ocrx_word' id='word_1_212' title='bbox 1442 2808 1540 2863; x_wconf 90' lang='lat' dir='ltr'>Dei</span> <span class='ocrx_word' id='word_1_213' title='bbox 1575 2825 1800 2863; x_wconf 89' lang='lat' dir='ltr'>mecum</span> <span class='ocrx_word' id='word_1_214' title='bbox 1833 2811 1880 2876; x_wconf 87' lang='grc' dir='ltr'>(Ι</span> <span class='ocrx_word' id='word_1_215' title='bbox 1908 2811 2030 2863; x_wconf 83' lang='lat' dir='ltr'>Cor.</span> <span class='ocrx_word' id='word_1_216' title='bbox 2063 2807 2172 2877; x_wconf 84' lang='lat' dir='ltr'>xv).</span> <span class='ocrx_word' id='word_1_217' title='bbox 2200 2827 2226 2854; x_wconf 83' lang='lat'>»</span> <span class='ocrx_word' id='word_1_218' title='bbox 2258 2806 2340 2859; x_wconf 87' lang='lat' dir='ltr'>Ad</span> 
     </span>
    </p>
   </div>
   <div class='ocr_carea' id='block_1_28' title="bbox 583 2895 2345 2976">
    <p class='ocr_par' dir='ltr' id='par_1_28' title="bbox 583 2895 2345 2976">
     <span class='ocr_line' id='line_1_28' title="bbox 583 2895 2345 2976; baseline -0.011 -10"><span class='ocrx_word' id='word_1_219' title='bbox 583 2969 589 2976; x_wconf 67' lang='grc'><strong><em>,</em></strong></span> <span class='ocrx_word' id='word_1_220' title='bbox 641 2910 826 2965; x_wconf 88' lang='lat' dir='ltr'>hanc</span> <span class='ocrx_word' id='word_1_221' title='bbox 868 2917 986 2957; x_wconf 89' lang='lat' dir='ltr'>nos</span> <span class='ocrx_word' id='word_1_222' title='bbox 1012 2899 1432 2971; x_wconf 88' lang='lat' dir='ltr'>professionem</span> <span class='ocrx_word' id='word_1_223' title='bbox 1465 2898 1589 2968; x_wconf 90' lang='lat' dir='ltr'>ipse</span> <span class='ocrx_word' id='word_1_224' title='bbox 1621 2897 1895 2961; x_wconf 85' lang='lat' dir='ltr'>instituit,</span> <span class='ocrx_word' id='word_1_225' title='bbox 1933 2912 2066 2950; x_wconf 90' lang='lat' dir='ltr'>cum</span> <span class='ocrx_word' id='word_1_226' title='bbox 2097 2895 2178 2948; x_wconf 88' lang='lat' dir='ltr'>ait</span> <span class='ocrx_word' id='word_1_227' title='bbox 2207 2895 2345 2965; x_wconf 91' lang='lat' dir='ltr'>quia</span> 
     </span>
    </p>
   </div>
   <div class='ocr_carea' id='block_1_29' title="bbox 576 2976 2344 3072">
    <p class='ocr_par' dir='ltr' id='par_1_29' title="bbox 576 2976 2344 3072">
     <span class='ocr_line' id='line_1_29' title="bbox 576 2976 2344 3072; baseline -0.009 -20"><span class='ocrx_word' id='word_1_228' title='bbox 576 2976 586 3072; x_wconf 34' lang='grc' dir='ltr'><em>ξ</em></span> <span class='ocrx_word' id='word_1_229' title='bbox 641 2997 919 3055; x_wconf 88' lang='lat' dir='ltr'>nullum</span> <span class='ocrx_word' id='word_1_230' title='bbox 946 2993 1184 3059; x_wconf 86' lang='lat' dir='ltr'>tempus</span> <span class='ocrx_word' id='word_1_231' title='bbox 1216 2986 1523 3041; x_wconf 88' lang='lat' dir='ltr'>intervenit</span> <span class='ocrx_word' id='word_1_232' title='bbox 1540 3003 1652 3057; x_wconf 86' lang='lat' dir='ltr'>quo</span> <span class='ocrx_word' id='word_1_233' title='bbox 1667 2986 1794 3055; x_wconf 90' lang='lat' dir='ltr'>ejus</span> <span class='ocrx_word' id='word_1_234' title='bbox 1821 3001 1935 3039; x_wconf 92' lang='lat' dir='ltr'>non</span> <span class='ocrx_word' id='word_1_235' title='bbox 1957 2999 2233 3055; x_wconf 90' lang='lat' dir='ltr'>egeamus</span> <span class='ocrx_word' id='word_1_236' title='bbox 2246 3000 2344 3037; x_wconf 89' lang='lat' dir='ltr'>au-</span> 
     </span>
    </p>
   </div>
   <div class='ocr_carea' id='block_1_30' title="bbox 580 3072 2346 3150">
    <p class='ocr_par' dir='ltr' id='par_1_30' title="bbox 580 3072 2346 3150">
     <span class='ocr_line' id='line_1_30' title="bbox 580 3072 2346 3150; baseline -0.012 -5"><span class='ocrx_word' id='word_1_237' title='bbox 580 3081 586 3096; x_wconf 67' lang='grc'><em>’</em></span> <span class='ocrx_word' id='word_1_238' title='bbox 632 3083 914 3144; x_wconf 74' lang='lat' dir='ltr'>xilian</span> <span class='ocrx_word' id='word_1_239' title='bbox 941 3075 1417 3150; x_wconf 67' lang='lat' dir='ltr'>praevaricatione</span> <span class='ocrx_word' id='word_1_240' title='bbox 1439 3090 1695 3145; x_wconf 85' lang='lat' dir='ltr'>namque</span> <span class='ocrx_word' id='word_1_241' title='bbox 1713 3073 1884 3145; x_wconf 90' lang='lat' dir='ltr'>primi</span> <span class='ocrx_word' id='word_1_242' title='bbox 1905 3072 2160 3127; x_wconf 85' lang='lat' dir='ltr'>hominis</span> <span class='ocrx_word' id='word_1_243' title='bbox 2179 3075 2346 3125; x_wconf 79' lang='lat' dir='ltr'>natu-</span> 
     </span>
    </p>
   </div>
   <div class='ocr_carea' id='block_1_31' title="bbox 593 3161 2344 3241">
    <p class='ocr_par' dir='ltr' id='par_1_31' title="bbox 593 3161 2344 3241">
     <span class='ocr_line' id='line_1_31' title="bbox 593 3161 2344 3241; baseline -0.014 -4"><span class='ocrx_word' id='word_1_244' title='bbox 593 3233 595 3236; x_wconf 93' lang='lat'>.</span> <span class='ocrx_word' id='word_1_245' title='bbox 637 3177 866 3234; x_wconf 85' lang='lat' dir='ltr'>ralem</span> <span class='ocrx_word' id='word_1_246' title='bbox 888 3164 1348 3241; x_wconf 86' lang='lat' dir='ltr'>possibilitatem</span> <span class='ocrx_word' id='word_1_247' title='bbox 1363 3163 1720 3218; x_wconf 89' lang='lat' dir='ltr'>etinnocenti</span> <span class='ocrx_word' id='word_1_248' title='bbox 1731 3179 1823 3217; x_wconf 90' lang='lat' dir='ltr'>am</span> <span class='ocrx_word' id='word_1_249' title='bbox 1841 3161 2167 3225; x_wconf 90' lang='lat' dir='ltr'>amisimus,</span> <span class='ocrx_word' id='word_1_250' title='bbox 2183 3163 2344 3214; x_wconf 79' lang='lat' dir='ltr'>etne-</span> 
     </span>
    </p>
   </div>
   <div class='ocr_carea' id='block_1_32' title="bbox 578 3235 2345 3342">
    <p class='ocr_par' dir='ltr' id='par_1_32' title="bbox 578 3235 2345 3342">
     <span class='ocr_line' id='line_1_32' title="bbox 578 3235 2345 3342; baseline -0.011 -22"><span class='ocrx_word' id='word_1_251' title='bbox 639 3283 752 3322; x_wconf 87' lang='lat' dir='ltr'>mo</span> <span class='ocrx_word' id='word_1_252' title='bbox 770 3263 866 3317; x_wconf 86' lang='lat' dir='ltr'>de</span> <span class='ocrx_word' id='word_1_253' title='bbox 882 3235 1179 3330; x_wconf 73' lang='lat' dir='ltr'>profundo</span> <span class='ocrx_word' id='word_1_254' title='bbox 1192 3252 1350 3308; x_wconf 90' lang='lat' dir='ltr'>illius</span> <span class='ocrx_word' id='word_1_255' title='bbox 1364 3253 1543 3307; x_wconf 71' lang='lat' dir='ltr'>ruinae</span> <span class='ocrx_word' id='word_1_256' title='bbox 1558 3250 1914 3323; x_wconf 89' lang='lat' dir='ltr'>perliberum</span> <span class='ocrx_word' id='word_1_257' title='bbox 1929 3249 2234 3304; x_wconf 88' lang='lat' dir='ltr'>arbitrium</span> <span class='ocrx_word' id='word_1_258' title='bbox 2249 3264 2345 3320; x_wconf 87' lang='lat' dir='ltr'>po-</span> 
     </span>
    </p>
   </div>
   <div class='ocr_carea' id='block_1_33' title="bbox 580 3336 2340 3414">
    <p class='ocr_par' dir='ltr' id='par_1_33' title="bbox 580 3336 2340 3414">
     <span class='ocr_line' id='line_1_33' title="bbox 580 3336 2340 3414; baseline -0.007 -12"><span class='ocrx_word' id='word_1_259' title='bbox 580 3336 592 3364; x_wconf 28' lang='lat'>.“</span> <span class='ocrx_word' id='word_1_260' title='bbox 636 3359 777 3411; x_wconf 75' lang='lat' dir='ltr'>test</span> <span class='ocrx_word' id='word_1_261' title='bbox 800 3358 1204 3414; x_wconf 85' lang='lat' dir='ltr'>consurgere,</span> <span class='ocrx_word' id='word_1_262' title='bbox 1223 3341 1332 3396; x_wconf 91' lang='lat' dir='ltr'>nisi</span> <span class='ocrx_word' id='word_1_263' title='bbox 1354 3357 1488 3396; x_wconf 90' lang='lat' dir='ltr'>eum</span> <span class='ocrx_word' id='word_1_264' title='bbox 1513 3339 1701 3412; x_wconf 91' lang='lat' dir='ltr'>gratia</span> <span class='ocrx_word' id='word_1_265' title='bbox 1722 3338 2056 3394; x_wconf 90' lang='lat' dir='ltr'>miserantis</span> <span class='ocrx_word' id='word_1_266' title='bbox 2079 3336 2340 3392; x_wconf 84' lang='lat' dir='ltr'>erexerit.</span> 
     </span>
    </p>
   </div>
   <div class='ocr_carea' id='block_1_34' title="bbox 578 3421 2339 3508">
    <p class='ocr_par' dir='ltr' id='par_1_34' title="bbox 578 3421 2339 3508">
     <span class='ocr_line' id='line_1_34' title="bbox 578 3421 2339 3508; baseline -0.007 -17"><span class='ocrx_word' id='word_1_267' title='bbox 578 3421 592 3456; x_wconf 71' lang='grc'><em>⁵</em></span> <span class='ocrx_word' id='word_1_268' title='bbox 649 3478 660 3481; x_wconf 84' lang='grc'><strong>--</strong></span> <span class='ocrx_word' id='word_1_269' title='bbox 721 3444 1142 3508; x_wconf 73' lang='lat' dir='ltr'>Quaecunque</span> <span class='ocrx_word' id='word_1_270' title='bbox 1176 3429 1355 3502; x_wconf 86' lang='lat' dir='ltr'>igitur</span> <span class='ocrx_word' id='word_1_271' title='bbox 1384 3428 1442 3483; x_wconf 92' lang='lat' dir='ltr'>in</span> <span class='ocrx_word' id='word_1_272' title='bbox 1467 3427 1742 3482; x_wconf 90' lang='lat' dir='ltr'>cordibus</span> <span class='ocrx_word' id='word_1_273' title='bbox 1776 3426 1991 3482; x_wconf 91' lang='lat' dir='ltr'>nostris</span> <span class='ocrx_word' id='word_1_274' title='bbox 2022 3429 2123 3480; x_wconf 86' lang='lat' dir='ltr'>aut</span> <span class='ocrx_word' id='word_1_275' title='bbox 2150 3425 2207 3478; x_wconf 93' lang='lat' dir='ltr'>in</span> <span class='ocrx_word' id='word_1_276' title='bbox 2239 3441 2339 3479; x_wconf 91' lang='lat' dir='ltr'>no-</span> 
     </span>
    </p>
   </div>
   <div class='ocr_carea' id='block_1_35' title="bbox 2442 949 4083 1024">
    <p class='ocr_par' dir='ltr' id='par_1_35' title="bbox 2442 949 4083 1024">
     <span class='ocr_line' id='line_1_35' title="bbox 2442 949 4083 1024; baseline -0.001 -20"><span class='ocrx_word' id='word_1_277' title='bbox 2442 950 2722 1006; x_wconf 88' lang='lat' dir='ltr'>malitiam</span> <span class='ocrx_word' id='word_1_278' title='bbox 2753 953 3049 1024; x_wconf 86' lang='lat' dir='ltr'>exstirpet,</span> <span class='ocrx_word' id='word_1_279' title='bbox 3085 953 3468 1024; x_wconf 87' lang='lat' dir='ltr'>benignitatis</span> <span class='ocrx_word' id='word_1_280' title='bbox 3499 953 3654 1006; x_wconf 90' lang='lat' dir='ltr'>dono</span> <span class='ocrx_word' id='word_1_281' title='bbox 3683 949 3956 1005; x_wconf 90' lang='lat' dir='ltr'>invidiam</span> <span class='ocrx_word' id='word_1_282' title='bbox 3988 967 4083 1004; x_wconf 83' lang='lat' dir='ltr'>ex-</span> 
     </span>
    </p>
   </div>
   <div class='ocr_carea' id='block_1_36' title="bbox 2443 1039 4086 1116">
    <p class='ocr_par' dir='ltr' id='par_1_36' title="bbox 2443 1039 4086 1116">
     <span class='ocr_line' id='line_1_36' title="bbox 2443 1039 4086 1116; baseline -0.001 -23"><span class='ocrx_word' id='word_1_283' title='bbox 2443 1039 2964 1116; x_wconf 88' lang='lat' dir='ltr'>pellat,odibilibus</span> <span class='ocrx_word' id='word_1_284' title='bbox 2994 1057 3226 1112; x_wconf 87' lang='lat' dir='ltr'>quoque</span> <span class='ocrx_word' id='word_1_285' title='bbox 3257 1045 3313 1096; x_wconf 91' lang='lat' dir='ltr'>et</span> <span class='ocrx_word' id='word_1_286' title='bbox 3345 1040 3680 1096; x_wconf 91' lang='lat' dir='ltr'>odientibus</span> <span class='ocrx_word' id='word_1_287' title='bbox 3711 1039 3956 1094; x_wconf 88' lang='lat' dir='ltr'>invicem</span> <span class='ocrx_word' id='word_1_288' title='bbox 3989 1039 4086 1093; x_wconf 89' lang='lat' dir='ltr'>do-</span> 
     </span>
    </p>
   </div>
   <div class='ocr_carea' id='block_1_37' title="bbox 2443 1127 4086 1200">
    <p class='ocr_par' dir='ltr' id='par_1_37' title="bbox 2443 1127 4086 1200">
     <span class='ocr_line' id='line_1_37' title="bbox 2443 1127 4086 1200; baseline -0.001 -19"><span class='ocrx_word' id='word_1_289' title='bbox 2443 1145 2585 1182; x_wconf 89' lang='lat' dir='ltr'>num</span> <span class='ocrx_word' id='word_1_290' title='bbox 2617 1128 2939 1184; x_wconf 85' lang='lat' dir='ltr'>dilectionis</span> <span class='ocrx_word' id='word_1_291' title='bbox 2969 1129 3257 1185; x_wconf 82' lang='lat' dir='ltr'>infundat.</span> <span class='ocrx_word' id='word_1_292' title='bbox 3295 1129 3366 1184; x_wconf 93' lang='lat' dir='ltr'>Ut</span> <span class='ocrx_word' id='word_1_293' title='bbox 3412 1145 3548 1200; x_wconf 90' lang='lat' dir='ltr'>ergo</span> <span class='ocrx_word' id='word_1_294' title='bbox 3601 1145 3669 1182; x_wconf 89' lang='lat' dir='ltr'>ex</span> <span class='ocrx_word' id='word_1_295' title='bbox 3729 1127 3900 1183; x_wconf 90' lang='lat' dir='ltr'>malis</span> <span class='ocrx_word' id='word_1_296' title='bbox 3948 1127 4086 1181; x_wconf 92' lang='lat' dir='ltr'>boni</span> 
     </span>
    </p>
   </div>
   <div class='ocr_carea' id='block_1_38' title="bbox 2443 1216 4088 1288">
    <p class='ocr_par' dir='ltr' id='par_1_38' title="bbox 2443 1216 4088 1288">
     <span class='ocr_line' id='line_1_38' title="bbox 2443 1216 4088 1288; baseline 0 -18"><span class='ocrx_word' id='word_1_297' title='bbox 2443 1217 2649 1284; x_wconf 90' lang='lat' dir='ltr'>simus,</span> <span class='ocrx_word' id='word_1_298' title='bbox 2675 1223 2740 1271; x_wconf 92' lang='lat' dir='ltr'>ut</span> <span class='ocrx_word' id='word_1_299' title='bbox 2769 1223 2980 1272; x_wconf 67' lang='lat' dir='ltr'>sanctze</span> <span class='ocrx_word' id='word_1_300' title='bbox 3011 1218 3313 1273; x_wconf 89' lang='lat' dir='ltr'>charitatis</span> <span class='ocrx_word' id='word_1_301' title='bbox 3353 1217 3486 1288; x_wconf 87' lang='lat' dir='ltr'>igne</span> <span class='ocrx_word' id='word_1_302' title='bbox 3517 1217 3856 1288; x_wconf 86' lang='lat' dir='ltr'>ﬂagremus,</span> <span class='ocrx_word' id='word_1_303' title='bbox 3888 1216 4088 1288; x_wconf 72' lang='lat' dir='ltr'>gratiae</span> 
     </span>
    </p>
   </div>
   <div class='ocr_carea' id='block_1_39' title="bbox 2443 1305 4087 1378">
    <p class='ocr_par' dir='ltr' id='par_1_39' title="bbox 2443 1305 4087 1378">
     <span class='ocr_line' id='line_1_39' title="bbox 2443 1305 4087 1378; baseline 0 -18"><span class='ocrx_word' id='word_1_304' title='bbox 2443 1305 2722 1376; x_wconf 89' lang='lat' dir='ltr'>spiritalis</span> <span class='ocrx_word' id='word_1_305' title='bbox 2745 1324 2914 1378; x_wconf 90' lang='lat' dir='ltr'>opere</span> <span class='ocrx_word' id='word_1_306' title='bbox 2945 1307 3001 1360; x_wconf 92' lang='lat' dir='ltr'>in</span> <span class='ocrx_word' id='word_1_307' title='bbox 3035 1307 3204 1362; x_wconf 91' lang='lat' dir='ltr'>nobis</span> <span class='ocrx_word' id='word_1_308' title='bbox 3235 1306 3557 1374; x_wconf 89' lang='lat' dir='ltr'>inchoatur,</span> <span class='ocrx_word' id='word_1_309' title='bbox 3574 1305 3895 1377; x_wconf 88' lang='lat' dir='ltr'>ejusquein</span> <span class='ocrx_word' id='word_1_310' title='bbox 3915 1305 4087 1360; x_wconf 90' lang='lat' dir='ltr'>nobis</span> 
     </span>
    </p>
   </div>
   <div class='ocr_carea' id='block_1_40' title="bbox 2443 1396 3118 1467">
    <p class='ocr_par' dir='ltr' id='par_1_40' title="bbox 2443 1396 3118 1467">
     <span class='ocr_line' id='line_1_40' title="bbox 2443 1396 3118 1467; baseline 0.003 -19"><span class='ocrx_word' id='word_1_311' title='bbox 2443 1396 2774 1465; x_wconf 88' lang='lat' dir='ltr'>operatione</span> <span class='ocrx_word' id='word_1_312' title='bbox 2806 1396 3118 1467; x_wconf 82' lang='lat' dir='ltr'>perﬁcitur.</span> 
     </span>
    </p>
   </div>
   <div class='ocr_carea' id='block_1_41' title="bbox 2513 1482 4077 1555">
    <p class='ocr_par' dir='ltr' id='par_1_41' title="bbox 2513 1482 4077 1555">
     <span class='ocr_line' id='line_1_41' title="bbox 2513 1482 4077 1555; baseline 0.001 -19"><span class='ocrx_word' id='word_1_313' title='bbox 2513 1483 2758 1539; x_wconf 88' lang='lat' dir='ltr'>Proinde</span> <span class='ocrx_word' id='word_1_314' title='bbox 2801 1501 2971 1539; x_wconf 90' lang='lat' dir='ltr'>nosse</span> <span class='ocrx_word' id='word_1_315' title='bbox 3019 1485 3186 1539; x_wconf 91' lang='lat' dir='ltr'>debet</span> <span class='ocrx_word' id='word_1_316' title='bbox 3235 1483 3639 1555; x_wconf 89' lang='lat' dir='ltr'>unusquisque</span> <span class='ocrx_word' id='word_1_317' title='bbox 3687 1482 4077 1549; x_wconf 89' lang='lat' dir='ltr'>Christianus,</span> 
     </span>
    </p>
   </div>
   <div class='ocr_carea' id='block_1_42' title="bbox 2444 1571 4086 1645">
    <p class='ocr_par' dir='ltr' id='par_1_42' title="bbox 2444 1571 4086 1645">
     <span class='ocr_line' id='line_1_42' title="bbox 2444 1571 4086 1645; baseline 0 -20"><span class='ocrx_word' id='word_1_318' title='bbox 2444 1588 2630 1643; x_wconf 89' lang='lat' dir='ltr'>neque</span> <span class='ocrx_word' id='word_1_319' title='bbox 2661 1572 2717 1626; x_wconf 92' lang='lat' dir='ltr'>in</span> <span class='ocrx_word' id='word_1_320' title='bbox 2745 1573 2965 1627; x_wconf 86' lang='lat' dir='ltr'>viribus</span> <span class='ocrx_word' id='word_1_321' title='bbox 2997 1577 3235 1639; x_wconf 66' lang='lat' dir='ltr'>naturae,</span> <span class='ocrx_word' id='word_1_322' title='bbox 3267 1588 3453 1645; x_wconf 89' lang='lat' dir='ltr'>neque</span> <span class='ocrx_word' id='word_1_323' title='bbox 3504 1571 3562 1626; x_wconf 90' lang='lat' dir='ltr'>in</span> <span class='ocrx_word' id='word_1_324' title='bbox 3613 1571 3897 1644; x_wconf 88' lang='lat' dir='ltr'>legalibus</span> <span class='ocrx_word' id='word_1_325' title='bbox 3943 1587 4086 1642; x_wconf 74' lang='lat' dir='ltr'>prae-</span> 
     </span>
    </p>
   </div>
   <div class='ocr_carea' id='block_1_43' title="bbox 2445 1659 4084 1730">
    <p class='ocr_par' dir='ltr' id='par_1_43' title="bbox 2445 1659 4084 1730">
     <span class='ocr_line' id='line_1_43' title="bbox 2445 1659 4084 1730; baseline 0 -16"><span class='ocrx_word' id='word_1_326' title='bbox 2445 1660 2650 1730; x_wconf 83' lang='lat' dir='ltr'>ceptis,</span> <span class='ocrx_word' id='word_1_327' title='bbox 2681 1662 2779 1715; x_wconf 87' lang='lat' dir='ltr'>sed</span> <span class='ocrx_word' id='word_1_328' title='bbox 2831 1661 2888 1716; x_wconf 90' lang='lat' dir='ltr'>in</span> <span class='ocrx_word' id='word_1_329' title='bbox 2935 1659 3359 1716; x_wconf 88' lang='lat' dir='ltr'>illuminatione</span> <span class='ocrx_word' id='word_1_330' title='bbox 3416 1660 3610 1716; x_wconf 89' lang='lat' dir='ltr'>cordis</span> <span class='ocrx_word' id='word_1_331' title='bbox 3660 1664 3716 1715; x_wconf 90' lang='lat' dir='ltr'>et</span> <span class='ocrx_word' id='word_1_332' title='bbox 3759 1659 4084 1714; x_wconf 89' lang='lat' dir='ltr'>voluntario</span> 
     </span>
    </p>
   </div>
   <div class='ocr_carea' id='block_1_44' title="bbox 2445 1745 4086 1820">
    <p class='ocr_par' dir='ltr' id='par_1_44' title="bbox 2445 1745 4086 1820">
     <span class='ocr_line' id='line_1_44' title="bbox 2445 1745 4086 1820; baseline -0.001 -19"><span class='ocrx_word' id='word_1_333' title='bbox 2445 1749 2652 1802; x_wconf 84' lang='lat' dir='ltr'>divinae</span> <span class='ocrx_word' id='word_1_334' title='bbox 2680 1748 2990 1804; x_wconf 88' lang='lat' dir='ltr'>voluntatis</span> <span class='ocrx_word' id='word_1_335' title='bbox 3023 1765 3262 1804; x_wconf 88' lang='lat' dir='ltr'>munere</span> <span class='ocrx_word' id='word_1_336' title='bbox 3288 1753 3552 1804; x_wconf 88' lang='lat' dir='ltr'>constare</span> <span class='ocrx_word' id='word_1_337' title='bbox 3581 1747 3779 1820; x_wconf 70' lang='lat' dir='ltr'>gratia:</span> <span class='ocrx_word' id='word_1_338' title='bbox 3811 1745 4086 1802; x_wconf 87' lang='lat' dir='ltr'>salutaris</span> 
     </span>
    </p>
   </div>
   <div class='ocr_carea' id='block_1_45' title="bbox 2446 1837 4088 1910">
    <p class='ocr_par' dir='ltr' id='par_1_45' title="bbox 2446 1837 4088 1910">
     <span class='ocr_line' id='line_1_45' title="bbox 2446 1837 4088 1910; baseline -0.001 -18"><span class='ocrx_word' id='word_1_339' title='bbox 2446 1839 2898 1910; x_wconf 84' lang='lat' dir='ltr'>exordium,qua</span> <span class='ocrx_word' id='word_1_340' title='bbox 2929 1840 2993 1894; x_wconf 85' lang='lat' dir='ltr'>ﬁt</span> <span class='ocrx_word' id='word_1_341' title='bbox 3024 1843 3089 1894; x_wconf 89' lang='lat' dir='ltr'>ut</span> <span class='ocrx_word' id='word_1_342' title='bbox 3117 1839 3272 1910; x_wconf 91' lang='lat' dir='ltr'>quod</span> <span class='ocrx_word' id='word_1_343' title='bbox 3305 1839 3583 1893; x_wconf 89' lang='lat' dir='ltr'>divinitus</span> <span class='ocrx_word' id='word_1_344' title='bbox 3610 1837 4088 1910; x_wconf 68' lang='lat' dir='ltr'>praecipiturmon</span> 
     </span>
    </p>
   </div>
   <div class='ocr_carea' id='block_1_46' title="bbox 2446 1925 4094 1999">
    <p class='ocr_par' dir='ltr' id='par_1_46' title="bbox 2446 1925 4094 1999">
     <span class='ocr_line' id='line_1_46' title="bbox 2446 1925 4094 1999; baseline -0.001 -18"><span class='ocrx_word' id='word_1_345' title='bbox 2446 1926 2635 1981; x_wconf 91' lang='lat' dir='ltr'>solum</span> <span class='ocrx_word' id='word_1_346' title='bbox 2666 1944 2699 1982; x_wconf 90' lang='lat' dir='ltr'>a</span> <span class='ocrx_word' id='word_1_347' title='bbox 2731 1928 2895 1982; x_wconf 91' lang='lat' dir='ltr'>nobis</span> <span class='ocrx_word' id='word_1_348' title='bbox 2948 1928 3206 1999; x_wconf 86' lang='lat' dir='ltr'>agnosci,</span> <span class='ocrx_word' id='word_1_349' title='bbox 3239 1929 3340 1982; x_wconf 90' lang='lat' dir='ltr'>sed</span> <span class='ocrx_word' id='word_1_350' title='bbox 3390 1927 3564 1982; x_wconf 90' lang='lat' dir='ltr'>etiam</span> <span class='ocrx_word' id='word_1_351' title='bbox 3616 1927 3779 1998; x_wconf 88' lang='lat' dir='ltr'>diligi</span> <span class='ocrx_word' id='word_1_352' title='bbox 3812 1925 3998 1997; x_wconf 89' lang='lat' dir='ltr'>possit</span> <span class='ocrx_word' id='word_1_353' title='bbox 4027 1941 4094 1980; x_wconf 89' lang='lat' dir='ltr'>ac</span> 
     </span>
    </p>
   </div>
   <div class='ocr_carea' id='block_1_47' title="bbox 2447 2013 4091 2088">
    <p class='ocr_par' dir='ltr' id='par_1_47' title="bbox 2447 2013 4091 2088">
     <span class='ocr_line' id='line_1_47' title="bbox 2447 2013 4091 2088; baseline 0 -20"><span class='ocrx_word' id='word_1_354' title='bbox 2447 2015 2590 2070; x_wconf 81' lang='lat' dir='ltr'>ﬁeri.</span> <span class='ocrx_word' id='word_1_355' title='bbox 2613 2015 2644 2071; x_wconf 89' lang='lat' dir='ltr'><strong>J</strong></span> <span class='ocrx_word' id='word_1_356' title='bbox 2654 2033 2753 2070; x_wconf 91' lang='lat' dir='ltr'>ure</span> <span class='ocrx_word' id='word_1_357' title='bbox 2776 2016 2952 2088; x_wconf 87' lang='lat' dir='ltr'>igitur</span> <span class='ocrx_word' id='word_1_358' title='bbox 2981 2015 3232 2088; x_wconf 90' lang='lat' dir='ltr'>gratuito</span> <span class='ocrx_word' id='word_1_359' title='bbox 3264 2015 3544 2070; x_wconf 84' lang='lat' dir='ltr'>beneficio</span> <span class='ocrx_word' id='word_1_360' title='bbox 3575 2015 3780 2069; x_wconf 73' lang='lat' dir='ltr'>divinae</span> <span class='ocrx_word' id='word_1_361' title='bbox 3811 2013 4091 2069; x_wconf 89' lang='lat' dir='ltr'>bonitatis</span> 
     </span>
    </p>
   </div>
   <div class='ocr_carea' id='block_1_48' title="bbox 2447 2101 4092 2176">
    <p class='ocr_par' dir='ltr' id='par_1_48' title="bbox 2447 2101 4092 2176">
     <span class='ocr_line' id='line_1_48' title="bbox 2447 2101 4092 2176; baseline -0.002 -18"><span class='ocrx_word' id='word_1_362' title='bbox 2447 2104 2776 2170; x_wconf 88' lang='lat' dir='ltr'>ascribitur,</span> <span class='ocrx_word' id='word_1_363' title='bbox 2812 2104 2908 2176; x_wconf 91' lang='lat' dir='ltr'>qui</span> <span class='ocrx_word' id='word_1_364' title='bbox 2943 2121 3047 2159; x_wconf 91' lang='lat' dir='ltr'>nos</span> <span class='ocrx_word' id='word_1_365' title='bbox 3077 2104 3204 2159; x_wconf 92' lang='lat' dir='ltr'>ideo</span> <span class='ocrx_word' id='word_1_366' title='bbox 3237 2105 3306 2159; x_wconf 88' lang='lat' dir='ltr'>ad</span> <span class='ocrx_word' id='word_1_367' title='bbox 3339 2105 3491 2160; x_wconf 88' lang='lat' dir='ltr'>bona</span> <span class='ocrx_word' id='word_1_368' title='bbox 3512 2121 3687 2176; x_wconf 87' lang='lat' dir='ltr'>opera</span> <span class='ocrx_word' id='word_1_369' title='bbox 3704 2101 4092 2158; x_wconf 89' lang='lat' dir='ltr'>misericordi-</span> 
     </span>
    </p>
   </div>
   <div class='ocr_carea' id='block_1_49' title="bbox 2450 2191 4091 2264">
    <p class='ocr_par' dir='ltr' id='par_1_49' title="bbox 2450 2191 4091 2264">
     <span class='ocr_line' id='line_1_49' title="bbox 2450 2191 4091 2264; baseline -0.001 -18"><span class='ocrx_word' id='word_1_370' title='bbox 2450 2196 2538 2246; x_wconf 84' lang='lat' dir='ltr'>ter</span> <span class='ocrx_word' id='word_1_371' title='bbox 2553 2193 2852 2260; x_wconf 87' lang='lat' dir='ltr'>excitat,ut</span> <span class='ocrx_word' id='word_1_372' title='bbox 2877 2192 3089 2247; x_wconf 88' lang='lat' dir='ltr'>habeat</span> <span class='ocrx_word' id='word_1_373' title='bbox 3119 2194 3274 2264; x_wconf 89' lang='lat' dir='ltr'>quod</span> <span class='ocrx_word' id='word_1_374' title='bbox 3306 2194 3364 2248; x_wconf 92' lang='lat' dir='ltr'>in</span> <span class='ocrx_word' id='word_1_375' title='bbox 3396 2210 3500 2247; x_wconf 90' lang='lat' dir='ltr'>nos</span> <span class='ocrx_word' id='word_1_376' title='bbox 3515 2194 3675 2263; x_wconf 91' lang='lat' dir='ltr'>justo</span> <span class='ocrx_word' id='word_1_377' title='bbox 3697 2207 3972 2246; x_wconf 88' lang='lat' dir='ltr'>coronare</span> <span class='ocrx_word' id='word_1_378' title='bbox 3994 2191 4091 2245; x_wconf 90' lang='lat' dir='ltr'>de-</span> 
     </span>
    </p>
   </div>
   <div class='ocr_carea' id='block_1_50' title="bbox 2451 2279 4096 2352">
    <p class='ocr_par' dir='ltr' id='par_1_50' title="bbox 2451 2279 4096 2352">
     <span class='ocr_line' id='line_1_50' title="bbox 2451 2279 4096 2352; baseline -0.001 -18"><span class='ocrx_word' id='word_1_379' title='bbox 2451 2280 2831 2346; x_wconf 89' lang='lat' dir='ltr'>beat.Quibus</span> <span class='ocrx_word' id='word_1_380' title='bbox 2850 2281 3000 2336; x_wconf 88' lang='lat' dir='ltr'>sicut</span> <span class='ocrx_word' id='word_1_381' title='bbox 3016 2299 3118 2352; x_wconf 89' lang='lat' dir='ltr'>per</span> <span class='ocrx_word' id='word_1_382' title='bbox 3135 2281 3591 2337; x_wconf 86' lang='lat' dir='ltr'>misericordiam</span> <span class='ocrx_word' id='word_1_383' title='bbox 3615 2279 3959 2352; x_wconf 80' lang='lat' dir='ltr'>praeparavit</span> <span class='ocrx_word' id='word_1_384' title='bbox 3971 2294 4096 2351; x_wconf 88' lang='lat' dir='ltr'>gra-</span> 
     </span>
    </p>
   </div>
   <div class='ocr_carea' id='block_1_51' title="bbox 2450 2369 4098 2440">
    <p class='ocr_par' dir='ltr' id='par_1_51' title="bbox 2450 2369 4098 2440">
     <span class='ocr_line' id='line_1_51' title="bbox 2450 2369 4098 2440; baseline 0.001 -18"><span class='ocrx_word' id='word_1_385' title='bbox 2450 2369 3457 2440; x_wconf 80' lang='lat' dir='ltr'>tuitumjustificationisdonum,ita</span> <span class='ocrx_word' id='word_1_386' title='bbox 3471 2369 3868 2440; x_wconf 89' lang='lat' dir='ltr'>perjustitiam</span> <span class='ocrx_word' id='word_1_387' title='bbox 3883 2384 4098 2440; x_wconf 58' lang='lat' dir='ltr'>praepa-</span> 
     </span>
    </p>
   </div>
   <div class='ocr_carea' id='block_1_52' title="bbox 2453 2456 4096 2528">
    <p class='ocr_par' dir='ltr' id='par_1_52' title="bbox 2453 2456 4096 2528">
     <span class='ocr_line' id='line_1_52' title="bbox 2453 2456 4096 2528; baseline -0.001 -17"><span class='ocrx_word' id='word_1_388' title='bbox 2453 2457 2600 2511; x_wconf 84' lang='lat' dir='ltr'>ravit</span> <span class='ocrx_word' id='word_1_389' title='bbox 2628 2463 2853 2512; x_wconf 66' lang='lat' dir='ltr'>aeternae</span> <span class='ocrx_word' id='word_1_390' title='bbox 2879 2456 3320 2527; x_wconf 83' lang='lat' dir='ltr'>justiﬁcationis</span> <span class='ocrx_word' id='word_1_391' title='bbox 3353 2457 3682 2528; x_wconf 79' lang='lat' dir='ltr'>praemium.</span> <span class='ocrx_word' id='word_1_392' title='bbox 3706 2457 3867 2528; x_wconf 90' lang='lat' dir='ltr'>Opus</span> <span class='ocrx_word' id='word_1_393' title='bbox 3897 2456 4096 2526; x_wconf 88' lang='lat' dir='ltr'>itaque</span> 
     </span>
    </p>
   </div>
   <div class='ocr_carea' id='block_1_53' title="bbox 2451 2543 4094 2618">
    <p class='ocr_par' dir='ltr' id='par_1_53' title="bbox 2451 2543 4094 2618">
     <span class='ocr_line' id='line_1_53' title="bbox 2451 2543 4094 2618; baseline -0.001 -19"><span class='ocrx_word' id='word_1_394' title='bbox 2451 2546 2648 2617; x_wconf 66' lang='lat' dir='ltr'>gratim</span> <span class='ocrx_word' id='word_1_395' title='bbox 2666 2546 2719 2599; x_wconf 94' lang='lat' dir='ltr'>in</span> <span class='ocrx_word' id='word_1_396' title='bbox 2735 2546 3010 2600; x_wconf 88' lang='lat' dir='ltr'>omnibus</span> <span class='ocrx_word' id='word_1_397' title='bbox 3040 2545 3464 2618; x_wconf 77' lang='lat' dir='ltr'>przedestinatis</span> <span class='ocrx_word' id='word_1_398' title='bbox 3491 2545 3745 2615; x_wconf 84' lang='lat' dir='ltr'>gratuita</span> <span class='ocrx_word' id='word_1_399' title='bbox 3766 2543 4094 2599; x_wconf 90' lang='lat' dir='ltr'>misericor-</span> 
     </span>
    </p>
   </div>
   <div class='ocr_carea' id='block_1_54' title="bbox 2452 2629 4092 2704">
    <p class='ocr_par' dir='ltr' id='par_1_54' title="bbox 2452 2629 4092 2704">
     <span class='ocr_line' id='line_1_54' title="bbox 2452 2629 4092 2704; baseline -0.001 -18"><span class='ocrx_word' id='word_1_400' title='bbox 2452 2633 2547 2687; x_wconf 86' lang='lat' dir='ltr'>dia</span> <span class='ocrx_word' id='word_1_401' title='bbox 2571 2632 2898 2699; x_wconf 88' lang='lat' dir='ltr'>inchoatur,</span> <span class='ocrx_word' id='word_1_402' title='bbox 2917 2637 2974 2688; x_wconf 89' lang='lat' dir='ltr'>et</span> <span class='ocrx_word' id='word_1_403' title='bbox 2998 2635 3160 2704; x_wconf 88' lang='lat' dir='ltr'>justa</span> <span class='ocrx_word' id='word_1_404' title='bbox 3189 2633 3569 2687; x_wconf 87' lang='lat' dir='ltr'>retributione</span> <span class='ocrx_word' id='word_1_405' title='bbox 3600 2629 4092 2702; x_wconf 79' lang='lat' dir='ltr'>perficitur.Quod</span> 
     </span>
    </p>
   </div>
   <div class='ocr_carea' id='block_1_55' title="bbox 2452 2717 4094 2792">
    <p class='ocr_par' dir='ltr' id='par_1_55' title="bbox 2452 2717 4094 2792">
     <span class='ocr_line' id='line_1_55' title="bbox 2452 2717 4094 2792; baseline 0 -18"><span class='ocrx_word' id='word_1_406' title='bbox 2452 2738 2584 2776; x_wconf 83' lang='lat' dir='ltr'>vero</span> <span class='ocrx_word' id='word_1_407' title='bbox 2596 2725 2827 2776; x_wconf 90' lang='lat' dir='ltr'>econtra</span> <span class='ocrx_word' id='word_1_408' title='bbox 2841 2722 2975 2776; x_wconf 91' lang='lat' dir='ltr'>dein</span> <span class='ocrx_word' id='word_1_409' title='bbox 2977 2722 3155 2792; x_wconf 86' lang='lat' dir='ltr'>justis</span> <span class='ocrx_word' id='word_1_410' title='bbox 3169 2737 3467 2776; x_wconf 92' lang='lat' dir='ltr'>occurrere</span> <span class='ocrx_word' id='word_1_411' title='bbox 3479 2717 3843 2792; x_wconf 89' lang='lat' dir='ltr'>poterat,illis</span> <span class='ocrx_word' id='word_1_412' title='bbox 3855 2719 4094 2790; x_wconf 89' lang='lat' dir='ltr'>quidem</span> 
     </span>
    </p>
   </div>
   <div class='ocr_carea' id='block_1_56' title="bbox 2454 2810 4095 2880">
    <p class='ocr_par' dir='ltr' id='par_1_56' title="bbox 2454 2810 4095 2880">
     <span class='ocr_line' id='line_1_56' title="bbox 2454 2810 4095 2880; baseline -0.001 -18"><span class='ocrx_word' id='word_1_413' title='bbox 2454 2826 2566 2863; x_wconf 91' lang='lat' dir='ltr'>non</span> <span class='ocrx_word' id='word_1_414' title='bbox 2599 2810 2816 2878; x_wconf 81' lang='lat' dir='ltr'>injusto</span> <span class='ocrx_word' id='word_1_415' title='bbox 2840 2811 3062 2880; x_wconf 91' lang='lat' dir='ltr'>judicio</span> <span class='ocrx_word' id='word_1_416' title='bbox 3095 2810 3288 2880; x_wconf 89' lang='lat' dir='ltr'>ignem</span> <span class='ocrx_word' id='word_1_417' title='bbox 3313 2813 3591 2864; x_wconf 66' lang='lat' dir='ltr'>aeternum</span> <span class='ocrx_word' id='word_1_418' title='bbox 3625 2810 3931 2879; x_wconf 68' lang='lat' dir='ltr'>praeparat,</span> <span class='ocrx_word' id='word_1_419' title='bbox 3948 2822 4095 2878; x_wconf 91' lang='lat' dir='ltr'>quos</span> 
     </span>
    </p>
   </div>
   <div class='ocr_carea' id='block_1_57' title="bbox 2455 2896 4096 2970">
    <p class='ocr_par' dir='ltr' id='par_1_57' title="bbox 2455 2896 4096 2970">
     <span class='ocr_line' id='line_1_57' title="bbox 2455 2896 4096 2970; baseline -0.001 -19"><span class='ocrx_word' id='word_1_420' title='bbox 2455 2899 2792 2968; x_wconf 78' lang='lat' dir='ltr'>przeviderat</span> <span class='ocrx_word' id='word_1_421' title='bbox 2822 2899 3030 2970; x_wconf 89' lang='lat' dir='ltr'>dignos</span> <span class='ocrx_word' id='word_1_422' title='bbox 3060 2899 3130 2954; x_wconf 89' lang='lat' dir='ltr'>ad</span> <span class='ocrx_word' id='word_1_423' title='bbox 3163 2898 3378 2954; x_wconf 90' lang='lat' dir='ltr'>luenda</span> <span class='ocrx_word' id='word_1_424' title='bbox 3417 2896 3725 2969; x_wconf 88' lang='lat' dir='ltr'>supplicia,</span> <span class='ocrx_word' id='word_1_425' title='bbox 3759 2912 3863 2950; x_wconf 91' lang='lat' dir='ltr'>nec</span> <span class='ocrx_word' id='word_1_426' title='bbox 3893 2900 4096 2951; x_wconf 86' lang='lat' dir='ltr'>tamen</span> 
     </span>
    </p>
   </div>
   <div class='ocr_carea' id='block_1_58' title="bbox 2453 2982 4100 3058">
    <p class='ocr_par' dir='ltr' id='par_1_58' title="bbox 2453 2982 4100 3058">
     <span class='ocr_line' id='line_1_58' title="bbox 2453 2982 4100 3058; baseline -0.001 -19"><span class='ocrx_word' id='word_1_427' title='bbox 2453 2987 2886 3057; x_wconf 72' lang='lat' dir='ltr'>przedestinavit</span> <span class='ocrx_word' id='word_1_428' title='bbox 2934 2988 3005 3042; x_wconf 90' lang='lat' dir='ltr'>ad</span> <span class='ocrx_word' id='word_1_429' title='bbox 3055 2987 3319 3042; x_wconf 81' lang='lat' dir='ltr'>facienda</span> <span class='ocrx_word' id='word_1_430' title='bbox 3371 2990 3624 3058; x_wconf 88' lang='lat' dir='ltr'>peccata.</span> <span class='ocrx_word' id='word_1_431' title='bbox 3661 2982 4100 3040; x_wconf 74' lang='lat' dir='ltr'>Praedestinavit</span> 
     </span>
    </p>
   </div>
   <div class='ocr_carea' id='block_1_59' title="bbox 2453 3073 4100 3146">
    <p class='ocr_par' dir='ltr' id='par_1_59' title="bbox 2453 3073 4100 3146">
     <span class='ocr_line' id='line_1_59' title="bbox 2453 3073 4100 3146; baseline -0.001 -18"><span class='ocrx_word' id='word_1_432' title='bbox 2453 3074 2606 3129; x_wconf 89' lang='lat' dir='ltr'>Deus</span> <span class='ocrx_word' id='word_1_433' title='bbox 2620 3076 2772 3146; x_wconf 89' lang='lat' dir='ltr'>quod</span> <span class='ocrx_word' id='word_1_434' title='bbox 2786 3076 2980 3130; x_wconf 89' lang='lat' dir='ltr'>divina</span> <span class='ocrx_word' id='word_1_435' title='bbox 2993 3076 3235 3146; x_wconf 67' lang='lat' dir='ltr'>aequitas</span> <span class='ocrx_word' id='word_1_436' title='bbox 3251 3075 3653 3140; x_wconf 85' lang='lat' dir='ltr'>redderet,non</span> <span class='ocrx_word' id='word_1_437' title='bbox 3669 3073 3824 3146; x_wconf 86' lang='lat' dir='ltr'>quod</span> <span class='ocrx_word' id='word_1_438' title='bbox 3838 3073 4100 3128; x_wconf 86' lang='lat' dir='ltr'>humana</span> 
     </span>
    </p>
   </div>
   <div class='ocr_carea' id='block_1_60' title="bbox 2454 3161 4097 3235">
    <p class='ocr_par' dir='ltr' id='par_1_60' title="bbox 2454 3161 4097 3235">
     <span class='ocr_line' id='line_1_60' title="bbox 2454 3161 4097 3235; baseline -0.001 -19"><span class='ocrx_word' id='word_1_439' title='bbox 2454 3162 2734 3233; x_wconf 88' lang='lat' dir='ltr'>iniquitas</span> <span class='ocrx_word' id='word_1_440' title='bbox 2749 3164 3063 3228; x_wconf 89' lang='lat' dir='ltr'>amisisset;</span> <span class='ocrx_word' id='word_1_441' title='bbox 3081 3163 3424 3235; x_wconf 68' lang='lat' dir='ltr'>praeparavit</span> <span class='ocrx_word' id='word_1_442' title='bbox 3445 3163 3622 3235; x_wconf 85' lang='lat' dir='ltr'>igitur</span> <span class='ocrx_word' id='word_1_443' title='bbox 3635 3161 3859 3218; x_wconf 91' lang='lat' dir='ltr'>homini</span> <span class='ocrx_word' id='word_1_444' title='bbox 3875 3177 3970 3216; x_wconf 87' lang='lat' dir='ltr'>reo</span> <span class='ocrx_word' id='word_1_445' title='bbox 3985 3177 4097 3216; x_wconf 91' lang='lat' dir='ltr'>non</span> 
     </span>
    </p>
   </div>
   <div class='ocr_carea' id='block_1_61' title="bbox 2452 3249 4099 3323">
    <p class='ocr_par' dir='ltr' id='par_1_61' title="bbox 2452 3249 4099 3323">
     <span class='ocr_line' id='line_1_61' title="bbox 2452 3249 4099 3323; baseline 0 -19"><span class='ocrx_word' id='word_1_446' title='bbox 2452 3251 2682 3323; x_wconf 88' lang='lat' dir='ltr'>culpam</span> <span class='ocrx_word' id='word_1_447' title='bbox 2702 3268 2879 3323; x_wconf 90' lang='lat' dir='ltr'>quam</span> <span class='ocrx_word' id='word_1_448' title='bbox 2905 3252 3045 3317; x_wconf 90' lang='lat' dir='ltr'>odit,</span> <span class='ocrx_word' id='word_1_449' title='bbox 3063 3253 3473 3322; x_wconf 85' lang='lat' dir='ltr'>sedjudicium</span> <span class='ocrx_word' id='word_1_450' title='bbox 3496 3251 3651 3323; x_wconf 91' lang='lat' dir='ltr'>quod</span> <span class='ocrx_word' id='word_1_451' title='bbox 3676 3249 3893 3322; x_wconf 87' lang='lat' dir='ltr'>diligit;</span> <span class='ocrx_word' id='word_1_452' title='bbox 3910 3249 4099 3321; x_wconf 92' lang='lat' dir='ltr'>scrip-</span> 
     </span>
    </p>
   </div>
   <div class='ocr_carea' id='block_1_62' title="bbox 2452 3336 4102 3412">
    <p class='ocr_par' dir='ltr' id='par_1_62' title="bbox 2452 3336 4102 3412">
     <span class='ocr_line' id='line_1_62' title="bbox 2452 3336 4102 3412; baseline -0.002 -19"><span class='ocrx_word' id='word_1_453' title='bbox 2452 3343 2577 3393; x_wconf 90' lang='lat' dir='ltr'>tum</span> <span class='ocrx_word' id='word_1_454' title='bbox 2592 3344 2678 3394; x_wconf 90' lang='lat' dir='ltr'>est</span> <span class='ocrx_word' id='word_1_455' title='bbox 2691 3339 3052 3403; x_wconf 80' lang='lat' dir='ltr'>enim:«Quia</span> <span class='ocrx_word' id='word_1_456' title='bbox 3067 3339 3400 3412; x_wconf 86' lang='lat' dir='ltr'>misericord</span> <span class='ocrx_word' id='word_1_457' title='bbox 3413 3340 3525 3393; x_wconf 82' lang='lat' dir='ltr'>iam</span> <span class='ocrx_word' id='word_1_458' title='bbox 3543 3337 3892 3409; x_wconf 87' lang='lat' dir='ltr'>etjudicium</span> <span class='ocrx_word' id='word_1_459' title='bbox 3907 3336 4102 3408; x_wconf 87' lang='lat' dir='ltr'>diligit</span> 
     </span>
    </p>
   </div>
   <div class='ocr_carea' id='block_1_63' title="bbox 2451 3424 4101 3499">
    <p class='ocr_par' dir='ltr' id='par_1_63' title="bbox 2451 3424 4101 3499">
     <span class='ocr_line' id='line_1_63' title="bbox 2451 3424 4101 3499; baseline -0.003 -18"><span class='ocrx_word' id='word_1_460' title='bbox 2451 3428 2780 3499; x_wconf 80' lang='lat' dir='ltr'>Deus(Psal.</span> <span class='ocrx_word' id='word_1_461' title='bbox 2793 3427 3327 3498; x_wconf 64' lang='lat' dir='ltr'>axxxm).»Proinde</span> <span class='ocrx_word' id='word_1_462' title='bbox 3340 3428 3815 3498; x_wconf 72' lang='lat' dir='ltr'>bonaoperaquze</span> <span class='ocrx_word' id='word_1_463' title='bbox 3829 3426 3980 3480; x_wconf 88' lang='lat' dir='ltr'>Deus</span> <span class='ocrx_word' id='word_1_464' title='bbox 3995 3424 4101 3478; x_wconf 90' lang='lat' dir='ltr'>mi-</span> 
     </span>
    </p>
   </div>
   <div class='ocr_carea' id='block_1_64' title="bbox 578 3501 4097 3589">
    <p class='ocr_par' dir='ltr' id='par_1_64' title="bbox 578 3501 4097 3589">
     <span class='ocr_line' id='line_1_64' title="bbox 578 3501 4097 3589; baseline -0.006 -1"><span class='ocrx_word' id='word_1_465' title='bbox 578 3508 592 3549; x_wconf 55' lang='grc'><em>⁵</em></span> <span class='ocrx_word' id='word_1_466' title='bbox 639 3538 793 3588; x_wconf 85' lang='lat' dir='ltr'>stro</span> <span class='ocrx_word' id='word_1_467' title='bbox 825 3501 2338 3589; x_wconf 69' lang='lat' dir='ltr'>arbitriosanctacogitatioest,autpiumconSilium,</span> <span class='ocrx_word' id='word_1_468' title='bbox 2373 3501 2416 3567; x_wconf 82' lang='lat' dir='ltr'>C</span> <span class='ocrx_word' id='word_1_469' title='bbox 2456 3517 2823 3572; x_wconf 89' lang='lat' dir='ltr'>sericorditer</span> <span class='ocrx_word' id='word_1_470' title='bbox 2851 3517 3044 3582; x_wconf 91' lang='lat' dir='ltr'>donat,</span> <span class='ocrx_word' id='word_1_471' title='bbox 3055 3517 3216 3587; x_wconf 90' lang='lat' dir='ltr'>juste</span> <span class='ocrx_word' id='word_1_472' title='bbox 3238 3519 3960 3587; x_wconf 78' lang='lat' dir='ltr'>coronat,operaveroquae</span> <span class='ocrx_word' id='word_1_473' title='bbox 3981 3528 4097 3567; x_wconf 91' lang='lat' dir='ltr'>non</span> 
     </span>
    </p>
   </div>
   <div class='ocr_carea' id='block_1_65' title="bbox 579 3597 2350 3685">
    <p class='ocr_par' dir='ltr' id='par_1_65' title="bbox 579 3597 2350 3685">
     <span class='ocr_line' id='line_1_65' title="bbox 579 3597 2350 3685; baseline -0.012 -7"><span class='ocrx_word' id='word_1_474' title='bbox 579 3597 599 3656; x_wconf 45' lang='grc' dir='ltr'><em>ἶ</em></span> <span class='ocrx_word' id='word_1_475' title='bbox 640 3623 767 3677; x_wconf 84' lang='lat' dir='ltr'>aut</span> <span class='ocrx_word' id='word_1_476' title='bbox 809 3607 1086 3685; x_wconf 87' lang='lat' dir='ltr'>quilibet</span> <span class='ocrx_word' id='word_1_477' title='bbox 1114 3610 1311 3661; x_wconf 89' lang='lat' dir='ltr'>motus</span> <span class='ocrx_word' id='word_1_478' title='bbox 1340 3606 1503 3660; x_wconf 71' lang='lat' dir='ltr'>bonae</span> <span class='ocrx_word' id='word_1_479' title='bbox 1534 3604 1870 3670; x_wconf 88' lang='lat' dir='ltr'>voluntatis,</span> <span class='ocrx_word' id='word_1_480' title='bbox 1905 3620 1971 3658; x_wconf 86' lang='lat' dir='ltr'>ex</span> <span class='ocrx_word' id='word_1_481' title='bbox 2001 3621 2117 3658; x_wconf 64' lang='lat' dir='ltr'>sua</span> <span class='ocrx_word' id='word_1_482' title='bbox 2150 3602 2350 3674; x_wconf 77' lang='lat' dir='ltr'>gratiae</span> 
     </span>
    </p>
   </div>
   <div class='ocr_carea' id='block_1_66' title="bbox 580 3691 2353 3767">
    <p class='ocr_par' dir='ltr' id='par_1_66' title="bbox 580 3691 2353 3767">
     <span class='ocr_line' id='line_1_66' title="bbox 580 3691 2353 3767; baseline -0.012 -2"><span class='ocrx_word' id='word_1_483' title='bbox 580 3691 594 3726; x_wconf 55' lang='grc' dir='ltr'><em>ξ</em></span> <span class='ocrx_word' id='word_1_484' title='bbox 643 3712 844 3767; x_wconf 89' lang='lat' dir='ltr'>dono</span> <span class='ocrx_word' id='word_1_485' title='bbox 885 3693 1374 3766; x_wconf 86' lang='lat' dir='ltr'>descendit,quia</span> <span class='ocrx_word' id='word_1_486' title='bbox 1404 3710 1506 3764; x_wconf 87' lang='lat' dir='ltr'>per</span> <span class='ocrx_word' id='word_1_487' title='bbox 1535 3693 1700 3748; x_wconf 88' lang='lat' dir='ltr'>illum</span> <span class='ocrx_word' id='word_1_488' title='bbox 1732 3692 1951 3763; x_wconf 89' lang='lat' dir='ltr'>aliquid</span> <span class='ocrx_word' id='word_1_489' title='bbox 1984 3692 2119 3746; x_wconf 92' lang='lat' dir='ltr'>boni</span> <span class='ocrx_word' id='word_1_490' title='bbox 2150 3707 2353 3762; x_wconf 87' lang='lat' dir='ltr'>possu-</span> 
     </span>
    </p>
   </div>
   <div class='ocr_carea' id='block_1_67' title="bbox 580 3778 2348 3859">
    <p class='ocr_par' dir='ltr' id='par_1_67' title="bbox 580 3778 2348 3859">
     <span class='ocr_line' id='line_1_67' title="bbox 580 3778 2348 3859; baseline -0.013 -4"><span class='ocrx_word' id='word_1_491' title='bbox 580 3779 596 3832; x_wconf 44' lang='grc' dir='ltr'><strong>ἶ</strong></span> <span class='ocrx_word' id='word_1_492' title='bbox 637 3811 835 3859; x_wconf 87' lang='lat' dir='ltr'>mus,</span> <span class='ocrx_word' id='word_1_493' title='bbox 847 3788 993 3845; x_wconf 86' lang='lat' dir='ltr'>sine</span> <span class='ocrx_word' id='word_1_494' title='bbox 1005 3801 1121 3856; x_wconf 91' lang='lat' dir='ltr'>quo</span> <span class='ocrx_word' id='word_1_495' title='bbox 1134 3783 1280 3838; x_wconf 88' lang='lat' dir='ltr'>nihil</span> <span class='ocrx_word' id='word_1_496' title='bbox 1294 3781 1920 3854; x_wconf 89' lang='lat' dir='ltr'>possumus,sicutipse</span> <span class='ocrx_word' id='word_1_497' title='bbox 1933 3778 2237 3851; x_wconf 90' lang='lat' dir='ltr'>discipulis</span> <span class='ocrx_word' id='word_1_498' title='bbox 2249 3778 2348 3832; x_wconf 86' lang='lat' dir='ltr'>ait:</span> 
     </span>
    </p>
   </div>
   <div class='ocr_carea' id='block_1_68' title="bbox 576 3867 2356 3944">
    <p class='ocr_par' dir='ltr' id='par_1_68' title="bbox 576 3867 2356 3944">
     <span class='ocr_line' id='line_1_68' title="bbox 576 3867 2356 3944; baseline -0.011 -2"><span class='ocrx_word' id='word_1_499' title='bbox 576 3871 592 3914; x_wconf 54' lang='grc' dir='ltr'><em>δ</em></span> <span class='ocrx_word' id='word_1_500' title='bbox 635 3913 668 3938; x_wconf 90' lang='grc'>‹‹</span> <span class='ocrx_word' id='word_1_501' title='bbox 687 3887 870 3942; x_wconf 86' lang='lat' dir='ltr'>Sine</span> <span class='ocrx_word' id='word_1_502' title='bbox 885 3871 1146 3932; x_wconf 86' lang='lat' dir='ltr'>menihil</span> <span class='ocrx_word' id='word_1_503' title='bbox 1173 3871 1416 3944; x_wconf 88' lang='lat' dir='ltr'>potestis</span> <span class='ocrx_word' id='word_1_504' title='bbox 1441 3871 1624 3926; x_wconf 86' lang='lat' dir='ltr'>facere</span> <span class='ocrx_word' id='word_1_505' title='bbox 1638 3873 1814 3938; x_wconf 82' lang='lat' dir='ltr'>(Joan.</span> <span class='ocrx_word' id='word_1_506' title='bbox 1829 3872 1981 3937; x_wconf 84' lang='lat' dir='ltr'>xv).»</span> <span class='ocrx_word' id='word_1_507' title='bbox 1995 3869 2138 3923; x_wconf 90' lang='lat' dir='ltr'>Nam</span> <span class='ocrx_word' id='word_1_508' title='bbox 2158 3867 2356 3922; x_wconf 87' lang='lat' dir='ltr'>omnia</span> 
     </span>
    </p>
   </div>
   <div class='ocr_carea' id='block_1_69' title="bbox 578 3958 2356 4032">
    <p class='ocr_par' dir='ltr' id='par_1_69' title="bbox 578 3958 2356 4032">
     <span class='ocr_line' id='line_1_69' title="bbox 578 3958 2356 4032; baseline 0.009 -36"><span class='ocrx_word' id='word_1_509' title='bbox 578 3962 600 4001; x_wconf 69' lang='grc' dir='ltr'>ιε-</span> <span class='ocrx_word' id='word_1_510' title='bbox 633 3970 1012 4032; x_wconf 73' lang='lat' dir='ltr'>hominum</span> <span class='ocrx_word' id='word_1_511' title='bbox 1033 3961 1244 4018; x_wconf 87' lang='lat' dir='ltr'>merita</span> <span class='ocrx_word' id='word_1_512' title='bbox 1263 3960 1336 4015; x_wconf 90' lang='lat' dir='ltr'>ab</span> <span class='ocrx_word' id='word_1_513' title='bbox 1354 3960 1541 4030; x_wconf 92' lang='lat' dir='ltr'>ipsius</span> <span class='ocrx_word' id='word_1_514' title='bbox 1558 3959 1745 4032; x_wconf 88' lang='lat' dir='ltr'>gratia</span> <span class='ocrx_word' id='word_1_515' title='bbox 1776 3958 2225 4029; x_wconf 72' lang='lat' dir='ltr'>praeveniantur,</span> <span class='ocrx_word' id='word_1_516' title='bbox 2253 3973 2356 4027; x_wconf 89' lang='lat' dir='ltr'>per</span> 
     </span>
    </p>
   </div>
   <div class='ocr_carea' id='block_1_70' title="bbox 578 4046 2348 4139">
    <p class='ocr_par' dir='ltr' id='par_1_70' title="bbox 578 4046 2348 4139">
     <span class='ocr_line' id='line_1_70' title="bbox 578 4046 2348 4139; baseline -0.014 -16"><span class='ocrx_word' id='word_1_517' title='bbox 578 4057 594 4090; x_wconf 53' lang='grc' dir='ltr'><em>τ</em></span> <span class='ocrx_word' id='word_1_518' title='bbox 633 4075 866 4139; x_wconf 85' lang='lat' dir='ltr'>quem</span> <span class='ocrx_word' id='word_1_519' title='bbox 883 4054 956 4108; x_wconf 85' lang='lat' dir='ltr'>fit</span> <span class='ocrx_word' id='word_1_520' title='bbox 972 4054 1037 4106; x_wconf 88' lang='lat' dir='ltr'>ut</span> <span class='ocrx_word' id='word_1_521' title='bbox 1058 4049 1281 4139; x_wconf 90' lang='lat' dir='ltr'>aliquid</span> <span class='ocrx_word' id='word_1_522' title='bbox 1309 4047 1444 4139; x_wconf 81' lang='lat' dir='ltr'>boni</span> <span class='ocrx_word' id='word_1_523' title='bbox 1462 4052 1518 4102; x_wconf 90' lang='lat' dir='ltr'>et</span> <span class='ocrx_word' id='word_1_524' title='bbox 1533 4047 2046 4139; x_wconf 76' lang='lat' dir='ltr'>velleincipiamus</span> <span class='ocrx_word' id='word_1_525' title='bbox 2063 4050 2119 4100; x_wconf 90' lang='lat' dir='ltr'>et</span> <span class='ocrx_word' id='word_1_526' title='bbox 2141 4046 2348 4139; x_wconf 85' lang='lat' dir='ltr'>facere.</span> 
     </span>
    </p>
   </div>
   <div class='ocr_carea' id='block_1_71' title="bbox 632 4134 2353 4217">
    <p class='ocr_par' dir='ltr' id='par_1_71' title="bbox 632 4134 2353 4217">
     <span class='ocr_line' id='line_1_71' title="bbox 632 4134 2353 4217; baseline -0.014 -5"><span class='ocrx_word' id='word_1_527' title='bbox 632 4134 968 4217; x_wconf 82' lang='lat' dir='ltr'>Denique</span> <span class='ocrx_word' id='word_1_528' title='bbox 997 4138 1216 4210; x_wconf 88' lang='lat' dir='ltr'>quibus</span> <span class='ocrx_word' id='word_1_529' title='bbox 1236 4137 1484 4207; x_wconf 60' lang='lat' dir='ltr'>justitia;</span> <span class='ocrx_word' id='word_1_530' title='bbox 1518 4136 1793 4208; x_wconf 89' lang='lat' dir='ltr'>operibus</span> <span class='ocrx_word' id='word_1_531' title='bbox 1809 4136 1982 4190; x_wconf 89' lang='lat' dir='ltr'>Maria</span> <span class='ocrx_word' id='word_1_532' title='bbox 2006 4134 2353 4206; x_wconf 85' lang='lat' dir='ltr'>peccatrix,a</span> 
     </span>
    </p>
   </div>
   <div class='ocr_carea' id='block_1_72' title="bbox 578 4223 2355 4318">
    <p class='ocr_par' dir='ltr' id='par_1_72' title="bbox 578 4223 2355 4318">
     <span class='ocr_line' id='line_1_72' title="bbox 578 4223 2355 4318; baseline -0.014 -18"><span class='ocrx_word' id='word_1_533' title='bbox 578 4223 594 4276; x_wconf 42' lang='grc' dir='ltr'>τί</span> <span class='ocrx_word' id='word_1_534' title='bbox 626 4232 956 4318; x_wconf 82' lang='lat' dir='ltr'>peccatis</span> <span class='ocrx_word' id='word_1_535' title='bbox 971 4228 1238 4318; x_wconf 78' lang='lat' dir='ltr'>dimissa,</span> <span class='ocrx_word' id='word_1_536' title='bbox 1253 4226 1561 4318; x_wconf 80' lang='lat' dir='ltr'>Zachaeusj</span> <span class='ocrx_word' id='word_1_537' title='bbox 1572 4223 1918 4318; x_wconf 76' lang='lat' dir='ltr'>ustificatus,</span> <span class='ocrx_word' id='word_1_538' title='bbox 1937 4223 2089 4318; x_wconf 84' lang='lat' dir='ltr'>latro</span> <span class='ocrx_word' id='word_1_539' title='bbox 2104 4223 2177 4318; x_wconf 33' lang='lat' dir='ltr'>ad.</span> <span class='ocrx_word' id='word_1_540' title='bbox 2192 4239 2355 4294; x_wconf 89' lang='lat' dir='ltr'>para-</span> 
     </span>
    </p>
   </div>
   <div class='ocr_carea' id='block_1_73' title="bbox 589 4312 2355 4397">
    <p class='ocr_par' dir='ltr' id='par_1_73' title="bbox 589 4312 2355 4397">
     <span class='ocr_line' id='line_1_73' title="bbox 589 4312 2355 4397; baseline -0.015 -5"><span class='ocrx_word' id='word_1_541' title='bbox 589 4323 594 4354; x_wconf 37' lang='grc' dir='ltr'>ἶ</span> <span class='ocrx_word' id='word_1_542' title='bbox 626 4312 782 4390; x_wconf 54' lang='lat' dir='ltr'>disi</span> <span class='ocrx_word' id='word_1_543' title='bbox 807 4315 1056 4397; x_wconf 81' lang='lat' dir='ltr'>gaudia</span> <span class='ocrx_word' id='word_1_544' title='bbox 1071 4319 1338 4386; x_wconf 83' lang='lat' dir='ltr'>receptus</span> <span class='ocrx_word' id='word_1_545' title='bbox 1354 4319 1461 4378; x_wconf 90' lang='lat' dir='ltr'>est,</span> <span class='ocrx_word' id='word_1_546' title='bbox 1480 4313 1592 4368; x_wconf 90' lang='lat' dir='ltr'>nisi</span> <span class='ocrx_word' id='word_1_547' title='bbox 1612 4312 1736 4368; x_wconf 90' lang='lat' dir='ltr'>sola</span> <span class='ocrx_word' id='word_1_548' title='bbox 1758 4313 1963 4367; x_wconf 71' lang='lat' dir='ltr'>divinae</span> <span class='ocrx_word' id='word_1_549' title='bbox 1981 4313 2214 4384; x_wconf 87' lang='lat' dir='ltr'>pietatis</span> <span class='ocrx_word' id='word_1_550' title='bbox 2230 4327 2355 4383; x_wconf 85' lang='lat' dir='ltr'>gra-</span> 
     </span>
    </p>
   </div>
   <div class='ocr_carea' id='block_1_74' title="bbox 576 4399 2348 4479">
    <p class='ocr_par' dir='ltr' id='par_1_74' title="bbox 576 4399 2348 4479">
     <span class='ocr_line' id='line_1_74' title="bbox 576 4399 2348 4479; baseline -0.001 -24"><span class='ocrx_word' id='word_1_551' title='bbox 576 4411 594 4455; x_wconf 72' lang='grc' dir='ltr'><em>ῖ</em></span> <span class='ocrx_word' id='word_1_552' title='bbox 625 4424 738 4479; x_wconf 64' lang='lat' dir='ltr'>tia</span> <span class='ocrx_word' id='word_1_553' title='bbox 753 4419 790 4473; x_wconf 58' lang='grc' dir='ltr'>τε</span> <span class='ocrx_word' id='word_1_554' title='bbox 817 4412 908 4468; x_wconf 84' lang='lat' dir='ltr'>de</span> <span class='ocrx_word' id='word_1_555' title='bbox 931 4422 1057 4478; x_wconf 87' lang='lat' dir='ltr'>qua</span> <span class='ocrx_word' id='word_1_556' title='bbox 1076 4403 1386 4476; x_wconf 89' lang='lat' dir='ltr'>Apostolus</span> <span class='ocrx_word' id='word_1_557' title='bbox 1409 4403 1478 4458; x_wconf 91' lang='lat' dir='ltr'>ad</span> <span class='ocrx_word' id='word_1_558' title='bbox 1503 4403 1824 4457; x_wconf 80' lang='lat' dir='ltr'>Romanos:</span> <span class='ocrx_word' id='word_1_559' title='bbox 1852 4399 1998 4455; x_wconf 83' lang='lat' dir='ltr'>«Ubi</span> <span class='ocrx_word' id='word_1_560' title='bbox 2017 4400 2348 4467; x_wconf 88' lang='lat' dir='ltr'>abundavit,</span> 
     </span>
    </p>
   </div>
   <div class='ocr_carea' id='block_1_75' title="bbox 580 4488 2354 4580">
    <p class='ocr_par' dir='ltr' id='par_1_75' title="bbox 580 4488 2354 4580">
     <span class='ocr_line' id='line_1_75' title="bbox 580 4488 2354 4580; baseline 0.008 -52"><span class='ocrx_word' id='word_1_561' title='bbox 580 4507 591 4528; x_wconf 96' lang='lat'>-.</span> <span class='ocrx_word' id='word_1_562' title='bbox 629 4500 914 4580; x_wconf 71' lang='lat' dir='ltr'>inquit,</span> <span class='ocrx_word' id='word_1_563' title='bbox 933 4492 1238 4559; x_wconf 85' lang='lat' dir='ltr'>delictum,</span> <span class='ocrx_word' id='word_1_564' title='bbox 1255 4489 1751 4580; x_wconf 85' lang='lat' dir='ltr'>superabundavit</span> <span class='ocrx_word' id='word_1_565' title='bbox 1769 4489 1958 4560; x_wconf 89' lang='lat' dir='ltr'>gratia</span> <span class='ocrx_word' id='word_1_566' title='bbox 1978 4488 2354 4580; x_wconf 34' lang='lat' dir='ltr'>(Rom.v)-.»lj]t</span> 
     </span>
    </p>
   </div>
   <div class='ocr_carea' id='block_1_76' title="bbox 576 4575 2356 4657">
    <p class='ocr_par' dir='ltr' id='par_1_76' title="bbox 576 4575 2356 4657">
     <span class='ocr_line' id='line_1_76' title="bbox 576 4575 2356 4657; baseline -0.016 1"><span class='ocrx_word' id='word_1_567' title='bbox 576 4602 580 4624; x_wconf 80' lang='grc'><strong><em>⁵</em></strong></span> <span class='ocrx_word' id='word_1_568' title='bbox 627 4575 825 4657; x_wconf 69' lang='grc' dir='ltr'>ειιὶὗί</span> <span class='ocrx_word' id='word_1_569' title='bbox 873 4603 887 4642; x_wconf 90' lang='lat'>:</span> <span class='ocrx_word' id='word_1_570' title='bbox 933 4606 955 4632; x_wconf 78' lang='grc' dir='ltr'>ι</span> <span class='ocrx_word' id='word_1_571' title='bbox 996 4581 1213 4637; x_wconf 89' lang='lat' dir='ltr'>Omnes</span> <span class='ocrx_word' id='word_1_572' title='bbox 1255 4579 1410 4635; x_wconf 88' lang='lat' dir='ltr'>enim</span> <span class='ocrx_word' id='word_1_573' title='bbox 1457 4581 1858 4650; x_wconf 80' lang='lat' dir='ltr'>peccaverunt,</span> <span class='ocrx_word' id='word_1_574' title='bbox 1891 4581 1946 4632; x_wconf 91' lang='lat' dir='ltr'>et</span> <span class='ocrx_word' id='word_1_575' title='bbox 1973 4581 2145 4649; x_wconf 88' lang='lat' dir='ltr'>egent</span> <span class='ocrx_word' id='word_1_576' title='bbox 2171 4575 2356 4649; x_wconf 89' lang='lat' dir='ltr'>gloria</span> 
     </span>
    </p>
   </div>
   <div class='ocr_carea' id='block_1_77' title="bbox 578 4665 2353 4751">
    <p class='ocr_par' dir='ltr' id='par_1_77' title="bbox 578 4665 2353 4751">
     <span class='ocr_line' id='line_1_77' title="bbox 578 4665 2353 4751; baseline -0.016 -5"><span class='ocrx_word' id='word_1_577' title='bbox 578 4693 590 4722; x_wconf 67' lang='grc' dir='ltr'>ῖ·</span> <span class='ocrx_word' id='word_1_578' title='bbox 625 4685 800 4750; x_wconf 88' lang='lat' dir='ltr'>Dei,</span> <span class='ocrx_word' id='word_1_579' title='bbox 821 4669 1160 4751; x_wconf 83' lang='lat' dir='ltr'>justiﬁcati</span> <span class='ocrx_word' id='word_1_580' title='bbox 1188 4668 1370 4740; x_wconf 87' lang='lat' dir='ltr'>gratis</span> <span class='ocrx_word' id='word_1_581' title='bbox 1399 4684 1502 4739; x_wconf 90' lang='lat' dir='ltr'>per</span> <span class='ocrx_word' id='word_1_582' title='bbox 1531 4666 1777 4740; x_wconf 89' lang='lat' dir='ltr'>gratiam</span> <span class='ocrx_word' id='word_1_583' title='bbox 1808 4666 2183 4737; x_wconf 80' lang='lat' dir='ltr'>ipsius(R0m.</span> <span class='ocrx_word' id='word_1_584' title='bbox 2208 4665 2353 4736; x_wconf 77' lang='lat'>111).»</span> 
     </span>
    </p>
   </div>
   <div class='ocr_carea' id='block_1_78' title="bbox 577 4753 2350 4835">
    <p class='ocr_par' dir='ltr' id='par_1_78' title="bbox 577 4753 2350 4835">
     <span class='ocr_line' id='line_1_78' title="bbox 577 4753 2350 4835; baseline -0.003 -23"><span class='ocrx_word' id='word_1_585' title='bbox 577 4775 592 4812; x_wconf 71' lang='lat' dir='ltr'>r</span> <span class='ocrx_word' id='word_1_586' title='bbox 620 4778 719 4835; x_wconf 59' lang='lat' dir='ltr'><strong>Et</strong></span> <span class='ocrx_word' id='word_1_587' title='bbox 762 4772 1019 4826; x_wconf 72' lang='lat' dir='ltr'>iterum</span> <span class='ocrx_word' id='word_1_588' title='bbox 1042 4777 1062 4813; x_wconf 87' lang='lat'><strong><em>:</em></strong></span> <span class='ocrx_word' id='word_1_589' title='bbox 1094 4781 1122 4808; x_wconf 85' lang='lat'><strong><em>«</em></strong></span> <span class='ocrx_word' id='word_1_590' title='bbox 1148 4757 1412 4821; x_wconf 87' lang='lat' dir='ltr'>Fuimus,</span> <span class='ocrx_word' id='word_1_591' title='bbox 1438 4755 1648 4827; x_wconf 85' lang='lat' dir='ltr'>inquit,</span> <span class='ocrx_word' id='word_1_592' title='bbox 1668 4758 1724 4810; x_wconf 93' lang='lat' dir='ltr'>et</span> <span class='ocrx_word' id='word_1_593' title='bbox 1754 4771 1860 4810; x_wconf 88' lang='lat' dir='ltr'>nos</span> <span class='ocrx_word' id='word_1_594' title='bbox 1880 4758 2088 4810; x_wconf 90' lang='lat' dir='ltr'>natura</span> <span class='ocrx_word' id='word_1_595' title='bbox 2109 4753 2212 4808; x_wconf 81' lang='lat' dir='ltr'>filii</span> <span class='ocrx_word' id='word_1_596' title='bbox 2234 4753 2350 4819; x_wconf 67' lang='lat' dir='ltr'>iraa,</span> 
     </span>
    </p>
   </div>
   <div class='ocr_carea' id='block_1_79' title="bbox 578 4844 1596 4923">
    <p class='ocr_par' dir='ltr' id='par_1_79' title="bbox 578 4844 1596 4923">
     <span class='ocr_line' id='line_1_79' title="bbox 578 4844 1596 4923; baseline -0.013 -14"><span class='ocrx_word' id='word_1_597' title='bbox 578 4853 588 4908; x_wconf 69' lang='grc' dir='ltr'>ί</span> <span class='ocrx_word' id='word_1_598' title='bbox 618 4861 842 4923; x_wconf 67' lang='lat' dir='ltr'>sicut</span> <span class='ocrx_word' id='word_1_599' title='bbox 880 4854 946 4907; x_wconf 86' lang='lat' dir='ltr'>et</span> <span class='ocrx_word' id='word_1_600' title='bbox 979 4847 1170 4902; x_wconf 63' lang='lat' dir='ltr'>cateri</span> <span class='ocrx_word' id='word_1_601' title='bbox 1203 4846 1414 4917; x_wconf 82' lang='lat' dir='ltr'>(Ephes.</span> <span class='ocrx_word' id='word_1_602' title='bbox 1446 4844 1533 4915; x_wconf 81' lang='grc' dir='ltr'>ιι).</span> <span class='ocrx_word' id='word_1_603' title='bbox 1567 4867 1596 4894; x_wconf 88' lang='grc'><strong>››</strong></span> 
     </span>
    </p>
   </div>
   <div class='ocr_carea' id='block_1_80' title="bbox 580 4930 2354 5006">
    <p class='ocr_par' dir='ltr' id='par_1_80' title="bbox 580 4930 2354 5006">
     <span class='ocr_line' id='line_1_80' title="bbox 580 4930 2354 5006; baseline -0.007 -9"><span class='ocrx_word' id='word_1_604' title='bbox 727 4937 1119 5005; x_wconf 86' lang='lat' dir='ltr'>Certissime</span> <span class='ocrx_word' id='word_1_605' title='bbox 1148 4936 1346 5006; x_wconf 89' lang='lat' dir='ltr'>itaque</span> <span class='ocrx_word' id='word_1_606' title='bbox 1384 4937 1652 4988; x_wconf 89' lang='lat' dir='ltr'>tenemus</span> <span class='ocrx_word' id='word_1_607' title='bbox 1708 4947 1913 4986; x_wconf 90' lang='lat' dir='ltr'>omnes</span> <span class='ocrx_word' id='word_1_608' title='bbox 1962 4930 2227 4986; x_wconf 88' lang='lat' dir='ltr'>homines</span> <span class='ocrx_word' id='word_1_609' title='bbox 2252 4947 2354 5004; x_wconf 87' lang='lat' dir='ltr'>per</span> 
     </span>
    </p>
   </div>
   <div class='ocr_carea' id='block_1_81' title="bbox 576 5019 2356 5103">
    <p class='ocr_par' dir='ltr' id='par_1_81' title="bbox 576 5019 2356 5103">
     <span class='ocr_line' id='line_1_81' title="bbox 576 5019 2356 5103; baseline -0.008 -15"><span class='ocrx_word' id='word_1_610' title='bbox 576 5055 584 5088; x_wconf 54' lang='grc' dir='ltr'>ξ</span> <span class='ocrx_word' id='word_1_611' title='bbox 617 5030 1057 5103; x_wconf 69' lang='lat' dir='ltr'>semetipsos</span> <span class='ocrx_word' id='word_1_612' title='bbox 1078 5041 1193 5080; x_wconf 91' lang='lat' dir='ltr'>non</span> <span class='ocrx_word' id='word_1_613' title='bbox 1219 5022 1409 5079; x_wconf 91' lang='lat' dir='ltr'>solum</span> <span class='ocrx_word' id='word_1_614' title='bbox 1434 5020 1982 5094; x_wconf 84' lang='lat' dir='ltr'>perfectionem,sed</span> <span class='ocrx_word' id='word_1_615' title='bbox 2002 5036 2105 5074; x_wconf 91' lang='lat' dir='ltr'>nec</span> <span class='ocrx_word' id='word_1_616' title='bbox 2123 5019 2356 5074; x_wconf 90' lang='lat' dir='ltr'>initium</span> 
     </span>
    </p>
   </div>
   <div class='ocr_carea' id='block_1_82' title="bbox 598 5107 2360 5211">
    <p class='ocr_par' dir='ltr' id='par_1_82' title="bbox 598 5107 2360 5211">
     <span class='ocr_line' id='line_1_82' title="bbox 598 5107 2360 5211; baseline -0.01 -32"><span class='ocrx_word' id='word_1_617' title='bbox 598 5119 943 5211; x_wconf 63' lang='lat' dir='ltr'>justitia:</span> <span class='ocrx_word' id='word_1_618' title='bbox 995 5129 1170 5185; x_wconf 91' lang='lat' dir='ltr'>posse</span> <span class='ocrx_word' id='word_1_619' title='bbox 1216 5111 1572 5182; x_wconf 87' lang='lat' dir='ltr'>contingere,</span> <span class='ocrx_word' id='word_1_620' title='bbox 1607 5109 1708 5165; x_wconf 90' lang='lat' dir='ltr'>sed</span> <span class='ocrx_word' id='word_1_621' title='bbox 1743 5109 2048 5164; x_wconf 89' lang='lat' dir='ltr'>universos</span> <span class='ocrx_word' id='word_1_622' title='bbox 2075 5108 2176 5179; x_wconf 91' lang='lat' dir='ltr'>qui</span> <span class='ocrx_word' id='word_1_623' title='bbox 2209 5107 2360 5163; x_wconf 82' lang='lat' dir='ltr'>fiunt</span> 
     </span>
    </p>
   </div>
   <div class='ocr_carea' id='block_1_83' title="bbox 582 5197 2357 5282">
    <p class='ocr_par' dir='ltr' id='par_1_83' title="bbox 582 5197 2357 5282">
     <span class='ocr_line' id='line_1_83' title="bbox 582 5197 2357 5282; baseline -0.008 -16"><span class='ocrx_word' id='word_1_624' title='bbox 582 5197 852 5282; x_wconf 55' lang='lat' dir='ltr'>‘Loni,</span> <span class='ocrx_word' id='word_1_625' title='bbox 893 5203 1104 5261; x_wconf 88' lang='lat' dir='ltr'>divina</span> <span class='ocrx_word' id='word_1_626' title='bbox 1153 5200 1344 5274; x_wconf 88' lang='lat' dir='ltr'>gratia</span> <span class='ocrx_word' id='word_1_627' title='bbox 1392 5197 1715 5272; x_wconf 68' lang='lat' dir='ltr'>praeveniri.</span> <span class='ocrx_word' id='word_1_628' title='bbox 1749 5202 1968 5252; x_wconf 87' lang='lat' dir='ltr'>Bonam</span> <span class='ocrx_word' id='word_1_629' title='bbox 2015 5212 2268 5269; x_wconf 90' lang='lat' dir='ltr'>namque</span> <span class='ocrx_word' id='word_1_630' title='bbox 2297 5198 2357 5252; x_wconf 91' lang='lat' dir='ltr'>in</span> 
     </span>
    </p>
   </div>
   <div class='ocr_carea' id='block_1_84' title="bbox 580 5286 2358 5372">
    <p class='ocr_par' dir='ltr' id='par_1_84' title="bbox 580 5286 2358 5372">
     <span class='ocr_line' id='line_1_84' title="bbox 580 5286 2358 5372; baseline -0.004 -21"><span class='ocrx_word' id='word_1_631' title='bbox 580 5292 1050 5372; x_wconf 77' lang='lat' dir='ltr'>;hominibus</span> <span class='ocrx_word' id='word_1_632' title='bbox 1077 5289 1436 5347; x_wconf 86' lang='lat' dir='ltr'>voluntatem</span> <span class='ocrx_word' id='word_1_633' title='bbox 1468 5287 1592 5360; x_wconf 89' lang='lat' dir='ltr'>ipse</span> <span class='ocrx_word' id='word_1_634' title='bbox 1623 5286 1804 5359; x_wconf 87' lang='lat' dir='ltr'>gratis</span> <span class='ocrx_word' id='word_1_635' title='bbox 1835 5289 2139 5357; x_wconf 80' lang='lat' dir='ltr'>praeparat,</span> <span class='ocrx_word' id='word_1_636' title='bbox 2173 5287 2358 5358; x_wconf 89' lang='lat' dir='ltr'>gratis</span> 
     </span>
    </p>
   </div>
   <div class='ocr_carea' id='block_1_85' title="bbox 616 5374 2355 5459">
    <p class='ocr_par' dir='ltr' id='par_1_85' title="bbox 616 5374 2355 5459">
     <span class='ocr_line' id='line_1_85' title="bbox 616 5374 2355 5459; baseline -0.022 -3"><span class='ocrx_word' id='word_1_637' title='bbox 616 5390 902 5459; x_wconf 84' lang='lat' dir='ltr'>donat,</span> <span class='ocrx_word' id='word_1_638' title='bbox 934 5382 1066 5452; x_wconf 87' lang='lat' dir='ltr'>ipse</span> <span class='ocrx_word' id='word_1_639' title='bbox 1095 5379 1355 5449; x_wconf 89' lang='lat' dir='ltr'>adjuvat,</span> <span class='ocrx_word' id='word_1_640' title='bbox 1376 5377 1500 5449; x_wconf 91' lang='lat' dir='ltr'>ipse</span> <span class='ocrx_word' id='word_1_641' title='bbox 1524 5379 1912 5432; x_wconf 86' lang='lat' dir='ltr'>consummat.</span> <span class='ocrx_word' id='word_1_642' title='bbox 1937 5374 2011 5429; x_wconf 91' lang='lat' dir='ltr'>Ut</span> <span class='ocrx_word' id='word_1_643' title='bbox 2034 5374 2190 5430; x_wconf 90' lang='lat' dir='ltr'>enim</span> <span class='ocrx_word' id='word_1_644' title='bbox 2215 5376 2355 5431; x_wconf 78' lang='lat' dir='ltr'>«ab.</span> 
     </span>
    </p>
   </div>
   <div class='ocr_carea' id='block_1_86' title="bbox 580 5461 2354 5556">
    <p class='ocr_par' dir='ltr' id='par_1_86' title="bbox 580 5461 2354 5556">
     <span class='ocr_line' id='line_1_86' title="bbox 580 5461 2354 5556; baseline -0.01 -22"><span class='ocrx_word' id='word_1_645' title='bbox 580 5505 592 5539; x_wconf 75' lang='grc' dir='ltr'>ς·</span> <span class='ocrx_word' id='word_1_646' title='bbox 613 5477 989 5556; x_wconf 76' lang='lat' dir='ltr'>negantes</span> <span class='ocrx_word' id='word_1_647' title='bbox 1011 5467 1372 5538; x_wconf 88' lang='lat' dir='ltr'>impietatem</span> <span class='ocrx_word' id='word_1_648' title='bbox 1395 5469 1452 5521; x_wconf 91' lang='lat' dir='ltr'>et</span> <span class='ocrx_word' id='word_1_649' title='bbox 1481 5463 1781 5521; x_wconf 67' lang='lat' dir='ltr'>saecularia</span> <span class='ocrx_word' id='word_1_650' title='bbox 1810 5461 2115 5530; x_wconf 89' lang='lat' dir='ltr'>desideria,</span> <span class='ocrx_word' id='word_1_651' title='bbox 2143 5463 2354 5530; x_wconf 89' lang='lat' dir='ltr'>sobrie,</span> 
     </span>
    </p>
   </div>
   <div class='ocr_carea' id='block_1_87' title="bbox 583 5548 2352 5656">
    <p class='ocr_par' dir='ltr' id='par_1_87' title="bbox 583 5548 2352 5656">
     <span class='ocr_line' id='line_1_87' title="bbox 583 5548 2352 5656; baseline -0.014 -29"><span class='ocrx_word' id='word_1_652' title='bbox 583 5548 849 5656; x_wconf 55' lang='lat' dir='ltr'>&#39;jus&#39;te</span> <span class='ocrx_word' id='word_1_653' title='bbox 881 5562 947 5616; x_wconf 88' lang='lat' dir='ltr'>et</span> <span class='ocrx_word' id='word_1_654' title='bbox 980 5556 1074 5628; x_wconf 89' lang='lat' dir='ltr'>pie</span> <span class='ocrx_word' id='word_1_655' title='bbox 1101 5555 1366 5610; x_wconf 86' lang='lat' dir='ltr'>vivamus</span> <span class='ocrx_word' id='word_1_656' title='bbox 1420 5553 1475 5606; x_wconf 93' lang='lat' dir='ltr'>in</span> <span class='ocrx_word' id='word_1_657' title='bbox 1527 5551 1636 5606; x_wconf 88' lang='lat' dir='ltr'>hoc</span> <span class='ocrx_word' id='word_1_658' title='bbox 1665 5548 1876 5603; x_wconf 67' lang='lat' dir='ltr'>saeculo</span> <span class='ocrx_word' id='word_1_659' title='bbox 1910 5549 2048 5621; x_wconf 83' lang='lat' dir='ltr'>(Tit.</span> <span class='ocrx_word' id='word_1_660' title='bbox 2071 5553 2154 5617; x_wconf 82' lang='lat'>11),</span> <span class='ocrx_word' id='word_1_661' title='bbox 2180 5573 2208 5598; x_wconf 90' lang='grc'>››</span> <span class='ocrx_word' id='word_1_662' title='bbox 2236 5551 2352 5606; x_wconf 89' lang='lat' dir='ltr'>ait:</span> 
     </span>
    </p>
   </div>
   <div class='ocr_carea' id='block_1_88' title="bbox 582 5638 2354 5722">
    <p class='ocr_par' dir='ltr' id='par_1_88' title="bbox 582 5638 2354 5722">
     <span class='ocr_line' id='line_1_88' title="bbox 582 5638 2354 5722; baseline -0.019 -10"><span class='ocrx_word' id='word_1_663' title='bbox 582 5638 652 5722; x_wconf 46' lang='grc' dir='ltr'>,τί</span> <span class='ocrx_word' id='word_1_664' title='bbox 714 5648 973 5716; x_wconf 82' lang='lat' dir='ltr'>Gratia</span> <span class='ocrx_word' id='word_1_665' title='bbox 985 5643 1086 5699; x_wconf 91' lang='lat' dir='ltr'>Dei</span> <span class='ocrx_word' id='word_1_666' title='bbox 1101 5658 1203 5713; x_wconf 89' lang='lat' dir='ltr'>per</span> <span class='ocrx_word' id='word_1_667' title='bbox 1220 5642 1250 5697; x_wconf 87' lang='lat' dir='ltr'><strong>J</strong></span> <span class='ocrx_word' id='word_1_668' title='bbox 1257 5657 1422 5697; x_wconf 88' lang='lat' dir='ltr'>esum</span> <span class='ocrx_word' id='word_1_669' title='bbox 1444 5639 1741 5694; x_wconf 89' lang='lat' dir='ltr'>Christum</span> <span class='ocrx_word' id='word_1_670' title='bbox 1764 5638 2074 5692; x_wconf 86' lang='lat' dir='ltr'>Dominum</span> <span class='ocrx_word' id='word_1_671' title='bbox 2089 5641 2354 5692; x_wconf 67' lang='lat' dir='ltr'>nostrum</span> 
     </span>
    </p>
   </div>
   <div class='ocr_carea' id='block_1_89' title="bbox 608 5724 2355 5831">
    <p class='ocr_par' dir='ltr' id='par_1_89' title="bbox 608 5724 2355 5831">
     <span class='ocr_line' id='line_1_89' title="bbox 608 5724 2355 5831; baseline -0.007 -39"><span class='ocrx_word' id='word_1_672' title='bbox 608 5757 869 5831; x_wconf 71' lang='lat' dir='ltr'>(Rom.</span> <span class='ocrx_word' id='word_1_673' title='bbox 905 5734 1039 5803; x_wconf 79' lang='lat' dir='ltr'>vn),</span> <span class='ocrx_word' id='word_1_674' title='bbox 1073 5753 1101 5780; x_wconf 83' lang='lat'><strong><em>»</em></strong></span> <span class='ocrx_word' id='word_1_675' title='bbox 1132 5731 1298 5801; x_wconf 88' lang='lat' dir='ltr'>cujus</span> <span class='ocrx_word' id='word_1_676' title='bbox 1324 5730 1445 5784; x_wconf 81' lang='lat' dir='ltr'>haec</span> <span class='ocrx_word' id='word_1_677' title='bbox 1470 5731 1559 5784; x_wconf 90' lang='lat' dir='ltr'>est</span> <span class='ocrx_word' id='word_1_678' title='bbox 1590 5724 1934 5821; x_wconf 77' lang='lat' dir='ltr'>inexhausta</span> <span class='ocrx_word' id='word_1_679' title='bbox 1962 5725 2192 5831; x_wconf 56' lang='lat' dir='ltr'>pietnatis</span> <span class='ocrx_word' id='word_1_680' title='bbox 2223 5743 2355 5823; x_wconf 79' lang='lat' dir='ltr'>mu-</span> 
     </span>
    </p>
   </div>
   <div class='ocr_carea' id='block_1_90' title="bbox 586 5812 2356 5904">
    <p class='ocr_par' dir='ltr' id='par_1_90' title="bbox 586 5812 2356 5904">
     <span class='ocr_line' id='line_1_90' title="bbox 586 5812 2356 5904; baseline -0.008 -23"><span class='ocrx_word' id='word_1_681' title='bbox 586 5812 1029 5904; x_wconf 21' lang='lat' dir='ltr'>,hiﬁcentia,</span> <span class='ocrx_word' id='word_1_682' title='bbox 1065 5821 1130 5872; x_wconf 85' lang='lat' dir='ltr'>ut</span> <span class='ocrx_word' id='word_1_683' title='bbox 1156 5833 1222 5872; x_wconf 86' lang='lat' dir='ltr'>ex</span> <span class='ocrx_word' id='word_1_684' title='bbox 1251 5815 1664 5887; x_wconf 88' lang='lat' dir='ltr'>insipientibus</span> <span class='ocrx_word' id='word_1_685' title='bbox 1685 5812 1976 5882; x_wconf 86' lang='lat' dir='ltr'>sapientes</span> <span class='ocrx_word' id='word_1_686' title='bbox 2007 5812 2238 5880; x_wconf 82' lang='lat' dir='ltr'>efﬁciat,</span> <span class='ocrx_word' id='word_1_687' title='bbox 2273 5813 2356 5867; x_wconf 88' lang='lat' dir='ltr'>in-</span> 
     </span>
    </p>
   </div>
   <div class='ocr_carea' id='block_1_91' title="bbox 604 5899 2348 5994">
    <p class='ocr_par' dir='ltr' id='par_1_91' title="bbox 604 5899 2348 5994">
     <span class='ocr_line' id='line_1_91' title="bbox 604 5899 2348 5994; baseline -0.017 -12"><span class='ocrx_word' id='word_1_688' title='bbox 604 5899 994 5994; x_wconf 51' lang='lat' dir='ltr'>fidelibus.</span> <span class='ocrx_word' id='word_1_689' title='bbox 1014 5905 1197 5962; x_wconf 81' lang='lat' dir='ltr'>ﬁdem</span> <span class='ocrx_word' id='word_1_690' title='bbox 1224 5905 1462 5973; x_wconf 88' lang='lat' dir='ltr'>tribuat,</span> <span class='ocrx_word' id='word_1_691' title='bbox 1494 5902 1752 5959; x_wconf 87' lang='lat' dir='ltr'>errantes</span> <span class='ocrx_word' id='word_1_692' title='bbox 1781 5916 1899 5957; x_wconf 89' lang='lat' dir='ltr'>non</span> <span class='ocrx_word' id='word_1_693' title='bbox 1929 5899 2120 5957; x_wconf 88' lang='lat' dir='ltr'>solum</span> <span class='ocrx_word' id='word_1_694' title='bbox 2168 5904 2348 5967; x_wconf 87' lang='lat' dir='ltr'>vocet,</span> 
     </span>
    </p>
   </div>
   <div class='ocr_carea' id='block_1_92' title="bbox 2458 3599 4095 3676">
    <p class='ocr_par' dir='ltr' id='par_1_92' title="bbox 2458 3599 4095 3676">
     <span class='ocr_line' id='line_1_92' title="bbox 2458 3599 4095 3676; baseline -0.002 -18"><span class='ocrx_word' id='word_1_695' title='bbox 2458 3604 2582 3676; x_wconf 89' lang='lat' dir='ltr'>ipse</span> <span class='ocrx_word' id='word_1_696' title='bbox 2613 3605 3006 3676; x_wconf 89' lang='lat' dir='ltr'>tribuit,juste</span> <span class='ocrx_word' id='word_1_697' title='bbox 3037 3605 3224 3676; x_wconf 91' lang='lat' dir='ltr'>punit.</span> <span class='ocrx_word' id='word_1_698' title='bbox 3250 3605 3312 3658; x_wconf 91' lang='lat' dir='ltr'>In</span> <span class='ocrx_word' id='word_1_699' title='bbox 3345 3604 3474 3659; x_wconf 91' lang='lat' dir='ltr'>istis</span> <span class='ocrx_word' id='word_1_700' title='bbox 3504 3620 3638 3675; x_wconf 88' lang='lat' dir='ltr'>ergo</span> <span class='ocrx_word' id='word_1_701' title='bbox 3669 3605 3978 3657; x_wconf 89' lang='lat' dir='ltr'>coronatur</span> <span class='ocrx_word' id='word_1_702' title='bbox 4006 3599 4095 3655; x_wconf 91' lang='lat' dir='ltr'>di-</span> 
     </span>
    </p>
   </div>
   <div class='ocr_carea' id='block_1_93' title="bbox 2460 3691 4097 3765">
    <p class='ocr_par' dir='ltr' id='par_1_93' title="bbox 2460 3691 4097 3765">
     <span class='ocr_line' id='line_1_93' title="bbox 2460 3691 4097 3765; baseline -0.001 -19"><span class='ocrx_word' id='word_1_703' title='bbox 2460 3693 2852 3765; x_wconf 82' lang='lat' dir='ltr'>vinalargitio,</span> <span class='ocrx_word' id='word_1_704' title='bbox 2872 3694 2929 3748; x_wconf 91' lang='lat' dir='ltr'>in</span> <span class='ocrx_word' id='word_1_705' title='bbox 2948 3693 3063 3748; x_wconf 88' lang='lat' dir='ltr'>illis</span> <span class='ocrx_word' id='word_1_706' title='bbox 3085 3693 3471 3765; x_wconf 86' lang='lat' dir='ltr'>transgressio</span> <span class='ocrx_word' id='word_1_707' title='bbox 3493 3691 4097 3747; x_wconf 73' lang='lat' dir='ltr'>humana&#39;damnatur.</span> 
     </span>
    </p>
   </div>
   <div class='ocr_carea' id='block_1_94' title="bbox 2460 3777 4104 3854">
    <p class='ocr_par' dir='ltr' id='par_1_94' title="bbox 2460 3777 4104 3854">
     <span class='ocr_line' id='line_1_94' title="bbox 2460 3777 4104 3854; baseline -0.004 -16"><span class='ocrx_word' id='word_1_708' title='bbox 2460 3782 2615 3838; x_wconf 86' lang='lat' dir='ltr'>Nihil</span> <span class='ocrx_word' id='word_1_709' title='bbox 2648 3783 2826 3854; x_wconf 91' lang='lat' dir='ltr'>igitur</span> <span class='ocrx_word' id='word_1_710' title='bbox 2856 3783 2962 3838; x_wconf 92' lang='lat' dir='ltr'>iste</span> <span class='ocrx_word' id='word_1_711' title='bbox 2993 3783 3184 3850; x_wconf 89' lang='lat' dir='ltr'>habet,</span> <span class='ocrx_word' id='word_1_712' title='bbox 3215 3782 3368 3853; x_wconf 87' lang='lat' dir='ltr'>quod</span> <span class='ocrx_word' id='word_1_713' title='bbox 3402 3781 3652 3854; x_wconf 86' lang='lat' dir='ltr'>propriis</span> <span class='ocrx_word' id='word_1_714' title='bbox 3683 3779 3907 3835; x_wconf 91' lang='lat' dir='ltr'>meritis</span> <span class='ocrx_word' id='word_1_715' title='bbox 3923 3777 4104 3834; x_wconf 89' lang='lat' dir='ltr'>ascri-</span> 
     </span>
    </p>
   </div>
   <div class='ocr_carea' id='block_1_95' title="bbox 2461 3868 4104 3942">
    <p class='ocr_par' dir='ltr' id='par_1_95' title="bbox 2461 3868 4104 3942">
     <span class='ocr_line' id='line_1_95' title="bbox 2461 3868 4104 3942; baseline -0.003 -16"><span class='ocrx_word' id='word_1_716' title='bbox 2461 3871 2616 3938; x_wconf 89' lang='lat' dir='ltr'>bere,</span> <span class='ocrx_word' id='word_1_717' title='bbox 2650 3888 2754 3926; x_wconf 88' lang='lat' dir='ltr'>nec</span> <span class='ocrx_word' id='word_1_718' title='bbox 2787 3871 3071 3942; x_wconf 90' lang='lat' dir='ltr'>ille,quod</span> <span class='ocrx_word' id='word_1_719' title='bbox 3103 3870 3295 3925; x_wconf 93' lang='lat' dir='ltr'>divino</span> <span class='ocrx_word' id='word_1_720' title='bbox 3319 3869 3542 3940; x_wconf 91' lang='lat' dir='ltr'>judicio</span> <span class='ocrx_word' id='word_1_721' title='bbox 3567 3871 3700 3941; x_wconf 87' lang='lat' dir='ltr'>jure</span> <span class='ocrx_word' id='word_1_722' title='bbox 3729 3868 3914 3941; x_wconf 88' lang='lat' dir='ltr'>possit</span> <span class='ocrx_word' id='word_1_723' title='bbox 3938 3868 4104 3923; x_wconf 87' lang='lat' dir='ltr'>dero-</span> 
     </span>
    </p>
   </div>
   <div class='ocr_carea' id='block_1_96' title="bbox 2466 3956 4108 4032">
    <p class='ocr_par' dir='ltr' id='par_1_96' title="bbox 2466 3956 4108 4032">
     <span class='ocr_line' id='line_1_96' title="bbox 2466 3956 4108 4032; baseline -0.002 -19"><span class='ocrx_word' id='word_1_724' title='bbox 2466 3975 2621 4031; x_wconf 85' lang='lat' dir='ltr'>gare.</span> <span class='ocrx_word' id='word_1_725' title='bbox 2656 3960 2839 4032; x_wconf 90' lang='lat' dir='ltr'>Igitur</span> <span class='ocrx_word' id='word_1_726' title='bbox 2885 3962 3054 4032; x_wconf 85' lang='lat' dir='ltr'>juxta</span> <span class='ocrx_word' id='word_1_727' title='bbox 3103 3959 3466 4029; x_wconf 75' lang='lat' dir='ltr'>Apostolum,</span> <span class='ocrx_word' id='word_1_728' title='bbox 3502 3976 3616 4014; x_wconf 93' lang='lat' dir='ltr'>non</span> <span class='ocrx_word' id='word_1_729' title='bbox 3649 3962 3736 4014; x_wconf 91' lang='lat' dir='ltr'>est</span> <span class='ocrx_word' id='word_1_730' title='bbox 3765 3956 3920 4030; x_wconf 87' lang='lat' dir='ltr'>quod</span> <span class='ocrx_word' id='word_1_731' title='bbox 3952 3956 4108 4011; x_wconf 89' lang='lat' dir='ltr'>dicat</span> 
     </span>
    </p>
   </div>
   <div class='ocr_carea' id='block_1_97' title="bbox 2463 4043 4106 4120">
    <p class='ocr_par' dir='ltr' id='par_1_97' title="bbox 2463 4043 4106 4120">
     <span class='ocr_line' id='line_1_97' title="bbox 2463 4043 4106 4120; baseline -0.002 -18"><span class='ocrx_word' id='word_1_732' title='bbox 2463 4071 2490 4097; x_wconf 89' lang='grc'>‹‹</span> <span class='ocrx_word' id='word_1_733' title='bbox 2526 4049 2868 4120; x_wconf 81' lang='lat' dir='ltr'>ﬁgmentum</span> <span class='ocrx_word' id='word_1_734' title='bbox 2902 4047 2953 4103; x_wconf 92' lang='lat' dir='ltr'>ei</span> <span class='ocrx_word' id='word_1_735' title='bbox 2984 4048 3084 4119; x_wconf 92' lang='lat' dir='ltr'>qui</span> <span class='ocrx_word' id='word_1_736' title='bbox 3117 4064 3179 4102; x_wconf 91' lang='lat' dir='ltr'>se</span> <span class='ocrx_word' id='word_1_737' title='bbox 3210 4047 3375 4102; x_wconf 84' lang='lat' dir='ltr'>ﬁnxit</span> <span class='ocrx_word' id='word_1_738' title='bbox 3408 4065 3421 4103; x_wconf 92' lang='lat'><strong>:</strong></span> <span class='ocrx_word' id='word_1_739' title='bbox 3455 4046 3603 4111; x_wconf 89' lang='lat' dir='ltr'>Quid</span> <span class='ocrx_word' id='word_1_740' title='bbox 3637 4063 3728 4101; x_wconf 90' lang='lat' dir='ltr'>me</span> <span class='ocrx_word' id='word_1_741' title='bbox 3757 4045 3943 4100; x_wconf 88' lang='lat' dir='ltr'>fecisti</span> <span class='ocrx_word' id='word_1_742' title='bbox 3979 4043 4106 4100; x_wconf 82' lang='lat' dir='ltr'>sic?</span> 
     </span>
    </p>
   </div>
   <div class='ocr_carea' id='block_1_98' title="bbox 2462 4133 4106 4208">
    <p class='ocr_par' dir='ltr' id='par_1_98' title="bbox 2462 4133 4106 4208">
     <span class='ocr_line' id='line_1_98' title="bbox 2462 4133 4106 4208; baseline -0.002 -18"><span class='ocrx_word' id='word_1_743' title='bbox 2462 4136 2608 4201; x_wconf 86' lang='lat' dir='ltr'>Quia</span> <span class='ocrx_word' id='word_1_744' title='bbox 2625 4136 2798 4192; x_wconf 90' lang='lat' dir='ltr'>habet</span> <span class='ocrx_word' id='word_1_745' title='bbox 2819 4140 3162 4208; x_wconf 87' lang='lat' dir='ltr'>potestatem</span> <span class='ocrx_word' id='word_1_746' title='bbox 3197 4134 3415 4207; x_wconf 82' lang='lat' dir='ltr'>figulus</span> <span class='ocrx_word' id='word_1_747' title='bbox 3446 4133 3556 4189; x_wconf 89' lang='lat' dir='ltr'>luti</span> <span class='ocrx_word' id='word_1_748' title='bbox 3582 4150 3651 4188; x_wconf 83' lang='lat' dir='ltr'>ex</span> <span class='ocrx_word' id='word_1_749' title='bbox 3679 4134 3879 4188; x_wconf 88' lang='lat' dir='ltr'>eadem</span> <span class='ocrx_word' id='word_1_750' title='bbox 3909 4147 4106 4188; x_wconf 88' lang='lat' dir='ltr'>massa</span> 
     </span>
    </p>
   </div>
   <div class='ocr_carea' id='block_1_99' title="bbox 2462 4219 4102 4294">
    <p class='ocr_par' dir='ltr' id='par_1_99' title="bbox 2462 4219 4102 4294">
     <span class='ocr_line' id='line_1_99' title="bbox 2462 4219 4102 4294; baseline -0.003 -16"><span class='ocrx_word' id='word_1_751' title='bbox 2462 4224 2647 4278; x_wconf 86' lang='lat' dir='ltr'>facere</span> <span class='ocrx_word' id='word_1_752' title='bbox 2678 4223 2835 4278; x_wconf 91' lang='lat' dir='ltr'>aliud</span> <span class='ocrx_word' id='word_1_753' title='bbox 2867 4223 3102 4294; x_wconf 91' lang='lat' dir='ltr'>quidem</span> <span class='ocrx_word' id='word_1_754' title='bbox 3134 4238 3236 4277; x_wconf 85' lang='lat' dir='ltr'>vas</span> <span class='ocrx_word' id='word_1_755' title='bbox 3265 4223 3322 4276; x_wconf 93' lang='lat' dir='ltr'>in</span> <span class='ocrx_word' id='word_1_756' title='bbox 3354 4221 3656 4286; x_wconf 90' lang='lat' dir='ltr'>honorem,</span> <span class='ocrx_word' id='word_1_757' title='bbox 3691 4219 3847 4275; x_wconf 90' lang='lat' dir='ltr'>aliud</span> <span class='ocrx_word' id='word_1_758' title='bbox 3879 4235 4012 4274; x_wconf 91' lang='lat' dir='ltr'>vero</span> <span class='ocrx_word' id='word_1_759' title='bbox 4042 4219 4102 4273; x_wconf 92' lang='lat' dir='ltr'>in</span> 
     </span>
    </p>
   </div>
   <div class='ocr_carea' id='block_1_100' title="bbox 2462 4306 4103 4382">
    <p class='ocr_par' dir='ltr' id='par_1_100' title="bbox 2462 4306 4103 4382">
     <span class='ocr_line' id='line_1_100' title="bbox 2462 4306 4103 4382; baseline -0.003 -15"><span class='ocrx_word' id='word_1_760' title='bbox 2462 4311 2872 4368; x_wconf 90' lang='lat' dir='ltr'>contumeliam</span> <span class='ocrx_word' id='word_1_761' title='bbox 2919 4312 3093 4382; x_wconf 86' lang='lat' dir='ltr'>(Rom.</span> <span class='ocrx_word' id='word_1_762' title='bbox 3127 4310 3229 4382; x_wconf 77' lang='lat' dir='ltr'>xx).</span> <span class='ocrx_word' id='word_1_763' title='bbox 3263 4332 3292 4360; x_wconf 83' lang='lat'><strong>»</strong></span> <span class='ocrx_word' id='word_1_764' title='bbox 3341 4309 3605 4365; x_wconf 87' lang='lat' dir='ltr'>Ostendit</span> <span class='ocrx_word' id='word_1_765' title='bbox 3648 4308 3826 4380; x_wconf 89' lang='lat' dir='ltr'>igitur</span> <span class='ocrx_word' id='word_1_766' title='bbox 3872 4306 4103 4362; x_wconf 88' lang='lat' dir='ltr'>divitias</span> 
     </span>
    </p>
   </div>
   <div class='ocr_carea' id='block_1_101' title="bbox 2460 4395 4104 4469">
    <p class='ocr_par' dir='ltr' id='par_1_101' title="bbox 2460 4395 4104 4469">
     <span class='ocr_line' id='line_1_101' title="bbox 2460 4395 4104 4469; baseline -0.004 -14"><span class='ocrx_word' id='word_1_767' title='bbox 2460 4400 2739 4455; x_wconf 89' lang='lat' dir='ltr'>bonitatis</span> <span class='ocrx_word' id='word_1_768' title='bbox 2761 4416 2877 4454; x_wconf 69' lang='lat' dir='ltr'>suae</span> <span class='ocrx_word' id='word_1_769' title='bbox 2897 4398 2955 4452; x_wconf 90' lang='lat' dir='ltr'>in</span> <span class='ocrx_word' id='word_1_770' title='bbox 2981 4398 3138 4468; x_wconf 87' lang='lat' dir='ltr'>vasis</span> <span class='ocrx_word' id='word_1_771' title='bbox 3171 4397 3610 4466; x_wconf 78' lang='lat' dir='ltr'>misericordiae;</span> <span class='ocrx_word' id='word_1_772' title='bbox 3630 4395 3950 4469; x_wconf 87' lang='lat' dir='ltr'>potentiam</span> <span class='ocrx_word' id='word_1_773' title='bbox 3970 4411 4104 4450; x_wconf 91' lang='lat' dir='ltr'>vero</span> 
     </span>
    </p>
   </div>
   <div class='ocr_carea' id='block_1_102' title="bbox 2461 4483 4138 4560">
    <p class='ocr_par' dir='ltr' id='par_1_102' title="bbox 2461 4483 4138 4560">
     <span class='ocr_line' id='line_1_102' title="bbox 2461 4483 4138 4560; baseline -0.005 -16"><span class='ocrx_word' id='word_1_774' title='bbox 2461 4493 2636 4560; x_wconf 90' lang='lat' dir='ltr'>atque</span> <span class='ocrx_word' id='word_1_775' title='bbox 2655 4487 2946 4557; x_wconf 87' lang='lat' dir='ltr'>judicium</span> <span class='ocrx_word' id='word_1_776' title='bbox 2978 4486 3037 4540; x_wconf 93' lang='lat' dir='ltr'>in</span> <span class='ocrx_word' id='word_1_777' title='bbox 3068 4486 3223 4542; x_wconf 89' lang='lat' dir='ltr'>vasis</span> <span class='ocrx_word' id='word_1_778' title='bbox 3253 4485 3371 4556; x_wconf 69' lang='lat' dir='ltr'>iraa,</span> <span class='ocrx_word' id='word_1_779' title='bbox 3405 4485 3546 4540; x_wconf 91' lang='lat' dir='ltr'>dum</span> <span class='ocrx_word' id='word_1_780' title='bbox 3577 4485 3684 4540; x_wconf 92' lang='lat' dir='ltr'>hos</span> <span class='ocrx_word' id='word_1_781' title='bbox 3714 4485 4002 4556; x_wconf 65' lang='lat' dir='ltr'>praeparat</span> <span class='ocrx_word' id='word_1_782' title='bbox 4029 4483 4101 4538; x_wconf 88' lang='lat' dir='ltr'>ad</span> <span class='ocrx_word' id='word_1_783' title='bbox 4135 4527 4138 4532; x_wconf 91' lang='lat'>.</span> 
     </span>
    </p>
   </div>
   <div class='ocr_carea' id='block_1_103' title="bbox 2461 4573 3719 4649">
    <p class='ocr_par' dir='ltr' id='par_1_103' title="bbox 2461 4573 3719 4649">
     <span class='ocr_line' id='line_1_103' title="bbox 2461 4573 3719 4649; baseline -0.002 -18"><span class='ocrx_word' id='word_1_784' title='bbox 2461 4575 2728 4649; x_wconf 88' lang='lat' dir='ltr'>gloriam,</span> <span class='ocrx_word' id='word_1_785' title='bbox 2759 4573 2891 4629; x_wconf 90' lang='lat' dir='ltr'>illos</span> <span class='ocrx_word' id='word_1_786' title='bbox 2921 4574 3170 4630; x_wconf 90' lang='lat' dir='ltr'>sustinet</span> <span class='ocrx_word' id='word_1_787' title='bbox 3197 4574 3282 4628; x_wconf 90' lang='lat' dir='ltr'>ire</span> <span class='ocrx_word' id='word_1_788' title='bbox 3308 4574 3366 4628; x_wconf 92' lang='lat' dir='ltr'>in</span> <span class='ocrx_word' id='word_1_789' title='bbox 3399 4574 3719 4628; x_wconf 88' lang='lat' dir='ltr'>interitum.</span> 
     </span>
    </p>
   </div>
   <div class='ocr_carea' id='block_1_104' title="bbox 2534 4662 4106 4735">
    <p class='ocr_par' dir='ltr' id='par_1_104' title="bbox 2534 4662 4106 4735">
     <span class='ocr_line' id='line_1_104' title="bbox 2534 4662 4106 4735; baseline -0.003 -16"><span class='ocrx_word' id='word_1_790' title='bbox 2534 4667 2806 4729; x_wconf 78' lang='lat' dir='ltr'>Quaenam</span> <span class='ocrx_word' id='word_1_791' title='bbox 2827 4662 3005 4735; x_wconf 89' lang='lat' dir='ltr'>igitur</span> <span class='ocrx_word' id='word_1_792' title='bbox 3023 4667 3112 4718; x_wconf 90' lang='lat' dir='ltr'>est</span> <span class='ocrx_word' id='word_1_793' title='bbox 3132 4663 3243 4718; x_wconf 53' lang='lat' dir='ltr'>ista</span> <span class='ocrx_word' id='word_1_794' title='bbox 3261 4666 3454 4718; x_wconf 76' lang='lat' dir='ltr'>vestra</span> <span class='ocrx_word' id='word_1_795' title='bbox 3467 4662 3721 4733; x_wconf 88' lang='lat' dir='ltr'>justitia,</span> <span class='ocrx_word' id='word_1_796' title='bbox 3743 4678 3869 4733; x_wconf 69' lang='lat' dir='ltr'>quae</span> <span class='ocrx_word' id='word_1_797' title='bbox 3893 4664 4106 4716; x_wconf 91' lang='lat' dir='ltr'>cuncta</span> 
     </span>
    </p>
   </div>
   <div class='ocr_carea' id='block_1_105' title="bbox 2463 4750 4102 4823">
    <p class='ocr_par' dir='ltr' id='par_1_105' title="bbox 2463 4750 4102 4823">
     <span class='ocr_line' id='line_1_105' title="bbox 2463 4750 4102 4823; baseline -0.002 -15"><span class='ocrx_word' id='word_1_798' title='bbox 2463 4753 2604 4808; x_wconf 87' lang='lat' dir='ltr'>solis</span> <span class='ocrx_word' id='word_1_799' title='bbox 2631 4752 2875 4818; x_wconf 87' lang='lat' dir='ltr'>meritis,</span> <span class='ocrx_word' id='word_1_800' title='bbox 2903 4751 3045 4806; x_wconf 90' lang='lat' dir='ltr'>nihil</span> <span class='ocrx_word' id='word_1_801' title='bbox 3069 4756 3260 4807; x_wconf 89' lang='lat' dir='ltr'>tamen</span> <span class='ocrx_word' id='word_1_802' title='bbox 3294 4751 3494 4823; x_wconf 68' lang='lat' dir='ltr'>gratiae</span> <span class='ocrx_word' id='word_1_803' title='bbox 3523 4750 3729 4806; x_wconf 84' lang='lat' dir='ltr'>debet?</span> <span class='ocrx_word' id='word_1_804' title='bbox 3753 4750 3925 4806; x_wconf 90' lang='lat' dir='ltr'>Porro</span> <span class='ocrx_word' id='word_1_805' title='bbox 3955 4750 4102 4805; x_wconf 88' lang='lat' dir='ltr'>Pau-</span> 
     </span>
    </p>
   </div>
   <div class='ocr_carea' id='block_1_106' title="bbox 2365 4837 4102 4926">
    <p class='ocr_par' dir='ltr' id='par_1_106' title="bbox 2365 4837 4102 4926">
     <span class='ocr_line' id='line_1_106' title="bbox 2365 4837 4102 4926; baseline -0.002 -31"><span class='ocrx_word' id='word_1_806' title='bbox 2365 4862 2430 4926; x_wconf 70' lang='grc' dir='ltr'><strong>Β</strong></span> <span class='ocrx_word' id='word_1_807' title='bbox 2465 4841 2560 4897; x_wconf 91' lang='lat' dir='ltr'>lus</span> <span class='ocrx_word' id='word_1_808' title='bbox 2583 4843 2708 4912; x_wconf 90' lang='lat' dir='ltr'>jam</span> <span class='ocrx_word' id='word_1_809' title='bbox 2739 4839 3141 4896; x_wconf 89' lang='lat' dir='ltr'>testimonium</span> <span class='ocrx_word' id='word_1_810' title='bbox 3187 4839 3352 4895; x_wconf 92' lang='lat' dir='ltr'>vobis</span> <span class='ocrx_word' id='word_1_811' title='bbox 3383 4839 3650 4910; x_wconf 90' lang='lat' dir='ltr'>perhibet</span> <span class='ocrx_word' id='word_1_812' title='bbox 3681 4838 3832 4926; x_wconf 84' lang='lat' dir='ltr'>quod</span> <span class='ocrx_word' id='word_1_813' title='bbox 3865 4837 4102 4893; x_wconf 79' lang='lat' dir='ltr'>aemula-</span> 
     </span>
    </p>
   </div>
   <div class='ocr_carea' id='block_1_107' title="bbox 2461 4925 4101 4995">
    <p class='ocr_par' dir='ltr' id='par_1_107' title="bbox 2461 4925 4101 4995">
     <span class='ocr_line' id='line_1_107' title="bbox 2461 4925 4101 4995; baseline -0.002 -10"><span class='ocrx_word' id='word_1_814' title='bbox 2461 4930 2678 4986; x_wconf 84' lang='lat' dir='ltr'>tionem</span> <span class='ocrx_word' id='word_1_815' title='bbox 2710 4929 2810 4985; x_wconf 90' lang='lat' dir='ltr'>Dei</span> <span class='ocrx_word' id='word_1_816' title='bbox 2842 4928 3086 4995; x_wconf 89' lang='lat' dir='ltr'>habetis,</span> <span class='ocrx_word' id='word_1_817' title='bbox 3120 4928 3221 4984; x_wconf 91' lang='lat' dir='ltr'>sed</span> <span class='ocrx_word' id='word_1_818' title='bbox 3254 4945 3365 4984; x_wconf 92' lang='lat' dir='ltr'>non</span> <span class='ocrx_word' id='word_1_819' title='bbox 3399 4928 3722 4984; x_wconf 88' lang='lat' dir='ltr'>secundum</span> <span class='ocrx_word' id='word_1_820' title='bbox 3757 4925 4101 4982; x_wconf 88' lang='lat' dir='ltr'>scientiam:</span> 
     </span>
    </p>
   </div>
   <div class='ocr_carea' id='block_1_108' title="bbox 2467 5016 4106 5090">
    <p class='ocr_par' dir='ltr' id='par_1_108' title="bbox 2467 5016 4106 5090">
     <span class='ocr_line' id='line_1_108' title="bbox 2467 5016 4106 5090; baseline 0.001 -22"><span class='ocrx_word' id='word_1_821' title='bbox 2467 5043 2494 5068; x_wconf 85' lang='grc'>‹‹</span> <span class='ocrx_word' id='word_1_822' title='bbox 2532 5021 2868 5090; x_wconf 89' lang='lat' dir='ltr'>Ignorantes</span> <span class='ocrx_word' id='word_1_823' title='bbox 2898 5017 3053 5072; x_wconf 91' lang='lat' dir='ltr'>enim</span> <span class='ocrx_word' id='word_1_824' title='bbox 3084 5016 3185 5071; x_wconf 91' lang='lat' dir='ltr'>Dei</span> <span class='ocrx_word' id='word_1_825' title='bbox 3226 5016 3542 5086; x_wconf 89' lang='lat' dir='ltr'>justitiam,</span> <span class='ocrx_word' id='word_1_826' title='bbox 3574 5020 3630 5070; x_wconf 92' lang='lat' dir='ltr'>et</span> <span class='ocrx_word' id='word_1_827' title='bbox 3659 5019 3910 5070; x_wconf 89' lang='lat' dir='ltr'>vestram</span> <span class='ocrx_word' id='word_1_828' title='bbox 3943 5031 4106 5087; x_wconf 67' lang='lat' dir='ltr'>quaa-</span> 
     </span>
    </p>
   </div>
   <div class='ocr_carea' id='block_1_109' title="bbox 2466 5102 4105 5176">
    <p class='ocr_par' dir='ltr' id='par_1_109' title="bbox 2466 5102 4105 5176">
     <span class='ocr_line' id='line_1_109' title="bbox 2466 5102 4105 5176; baseline -0.003 -14"><span class='ocrx_word' id='word_1_829' title='bbox 2466 5112 2659 5163; x_wconf 90' lang='lat' dir='ltr'>rentes</span> <span class='ocrx_word' id='word_1_830' title='bbox 2710 5109 2982 5171; x_wconf 88' lang='lat' dir='ltr'>statuere,</span> <span class='ocrx_word' id='word_1_831' title='bbox 3029 5104 3273 5176; x_wconf 77' lang='lat' dir='ltr'>justitiae</span> <span class='ocrx_word' id='word_1_832' title='bbox 3318 5105 3418 5159; x_wconf 88' lang='lat' dir='ltr'>Dei</span> <span class='ocrx_word' id='word_1_833' title='bbox 3478 5120 3593 5158; x_wconf 92' lang='lat' dir='ltr'>non</span> <span class='ocrx_word' id='word_1_834' title='bbox 3647 5103 3786 5159; x_wconf 85' lang='lat' dir='ltr'>estis</span> <span class='ocrx_word' id='word_1_835' title='bbox 3834 5102 4105 5174; x_wconf 87' lang='lat' dir='ltr'>subjecti.</span> 
     </span>
    </p>
   </div>
   <div class='ocr_carea' id='block_1_110' title="bbox 2467 5191 4107 5268">
    <p class='ocr_par' dir='ltr' id='par_1_110' title="bbox 2467 5191 4107 5268">
     <span class='ocr_line' id='line_1_110' title="bbox 2467 5191 4107 5268; baseline -0.002 -17"><span class='ocrx_word' id='word_1_836' title='bbox 2467 5197 2696 5268; x_wconf 85' lang='lat' dir='ltr'>Moyses</span> <span class='ocrx_word' id='word_1_837' title='bbox 2727 5211 2856 5250; x_wconf 91' lang='lat' dir='ltr'>vero</span> <span class='ocrx_word' id='word_1_838' title='bbox 2887 5193 3121 5266; x_wconf 89' lang='lat' dir='ltr'>scripsit</span> <span class='ocrx_word' id='word_1_839' title='bbox 3141 5193 3416 5264; x_wconf 89' lang='lat' dir='ltr'>quoniam</span> <span class='ocrx_word' id='word_1_840' title='bbox 3443 5192 3738 5264; x_wconf 81' lang='lat' dir='ltr'>justitiam</span> <span class='ocrx_word' id='word_1_841' title='bbox 3755 5208 3881 5264; x_wconf 66' lang='lat' dir='ltr'>qua:</span> <span class='ocrx_word' id='word_1_842' title='bbox 3899 5207 3967 5246; x_wconf 83' lang='lat' dir='ltr'>ex</span> <span class='ocrx_word' id='word_1_843' title='bbox 3982 5191 4107 5265; x_wconf 88' lang='lat' dir='ltr'>lege</span> 
     </span>
    </p>
   </div>
   <div class='ocr_carea' id='block_1_111' title="bbox 2465 5281 4107 5355">
    <p class='ocr_par' dir='ltr' id='par_1_111' title="bbox 2465 5281 4107 5355">
     <span class='ocr_line' id='line_1_111' title="bbox 2465 5281 4107 5355; baseline -0.003 -15"><span class='ocrx_word' id='word_1_844' title='bbox 2465 5289 2572 5352; x_wconf 88' lang='lat' dir='ltr'>est,</span> <span class='ocrx_word' id='word_1_845' title='bbox 2607 5283 2706 5355; x_wconf 91' lang='lat' dir='ltr'>qui</span> <span class='ocrx_word' id='word_1_846' title='bbox 2738 5282 2936 5338; x_wconf 81' lang='lat' dir='ltr'>fecerit</span> <span class='ocrx_word' id='word_1_847' title='bbox 2964 5281 3160 5349; x_wconf 87' lang='lat' dir='ltr'>homo,</span> <span class='ocrx_word' id='word_1_848' title='bbox 3188 5282 3338 5337; x_wconf 81' lang='lat' dir='ltr'>vivet</span> <span class='ocrx_word' id='word_1_849' title='bbox 3360 5281 3420 5336; x_wconf 90' lang='lat' dir='ltr'>in</span> <span class='ocrx_word' id='word_1_850' title='bbox 3445 5298 3511 5336; x_wconf 90' lang='lat' dir='ltr'>ea</span> <span class='ocrx_word' id='word_1_851' title='bbox 3533 5282 3705 5353; x_wconf 81' lang='lat' dir='ltr'>(Rom.</span> <span class='ocrx_word' id='word_1_852' title='bbox 3734 5284 3850 5350; x_wconf 86' lang='lat' dir='ltr'>x).»</span> <span class='ocrx_word' id='word_1_853' title='bbox 3882 5283 4107 5344; x_wconf 87' lang='lat' dir='ltr'>Quanto</span> 
     </span>
    </p>
   </div>
   <div class='ocr_carea' id='block_1_112' title="bbox 2467 5369 4144 5445">
    <p class='ocr_par' dir='ltr' id='par_1_112' title="bbox 2467 5369 4144 5445">
     <span class='ocr_line' id='line_1_112' title="bbox 2467 5369 4144 5445; baseline -0.003 -17"><span class='ocrx_word' id='word_1_854' title='bbox 2467 5373 2655 5445; x_wconf 89' lang='lat' dir='ltr'>magis</span> <span class='ocrx_word' id='word_1_855' title='bbox 2687 5376 2881 5426; x_wconf 90' lang='lat' dir='ltr'>autem</span> <span class='ocrx_word' id='word_1_856' title='bbox 2931 5371 3165 5441; x_wconf 89' lang='lat' dir='ltr'>justitia</span> <span class='ocrx_word' id='word_1_857' title='bbox 3213 5387 3340 5441; x_wconf 67' lang='lat' dir='ltr'>quae</span> <span class='ocrx_word' id='word_1_858' title='bbox 3372 5387 3440 5424; x_wconf 83' lang='lat' dir='ltr'>ex</span> <span class='ocrx_word' id='word_1_859' title='bbox 3469 5370 3778 5443; x_wconf 78' lang='lat' dir='ltr'>Evangelia</span> <span class='ocrx_word' id='word_1_860' title='bbox 3807 5369 4019 5426; x_wconf 85' lang='lat' dir='ltr'>Christi</span> <span class='ocrx_word' id='word_1_861' title='bbox 4053 5372 4110 5424; x_wconf 89' lang='lat' dir='ltr'>et</span> <span class='ocrx_word' id='word_1_862' title='bbox 4139 5403 4144 5410; x_wconf 39' lang='lat'><strong><em>.</em></strong></span> 
     </span>
    </p>
   </div>
   <div class='ocr_carea' id='block_1_113' title="bbox 2467 5458 4105 5532">
    <p class='ocr_par' dir='ltr' id='par_1_113' title="bbox 2467 5458 4105 5532">
     <span class='ocr_line' id='line_1_113' title="bbox 2467 5458 4105 5532; baseline -0.004 -15"><span class='ocrx_word' id='word_1_863' title='bbox 2467 5461 2807 5518; x_wconf 88' lang='lat' dir='ltr'>auctoritate</span> <span class='ocrx_word' id='word_1_864' title='bbox 2829 5459 3144 5532; x_wconf 89' lang='lat' dir='ltr'>apostolica</span> <span class='ocrx_word' id='word_1_865' title='bbox 3166 5464 3272 5526; x_wconf 93' lang='lat' dir='ltr'>est,</span> <span class='ocrx_word' id='word_1_866' title='bbox 3291 5460 3467 5514; x_wconf 85' lang='lat' dir='ltr'>vitam</span> <span class='ocrx_word' id='word_1_867' title='bbox 3491 5459 3768 5514; x_wconf 81' lang='lat' dir='ltr'>donabit?</span> <span class='ocrx_word' id='word_1_868' title='bbox 3782 5458 3927 5526; x_wconf 91' lang='lat' dir='ltr'>Quid</span> <span class='ocrx_word' id='word_1_869' title='bbox 3951 5458 4105 5513; x_wconf 91' lang='lat' dir='ltr'>enim</span> 
     </span>
    </p>
   </div>
   <div class='ocr_carea' id='block_1_114' title="bbox 2466 5543 4106 5623">
    <p class='ocr_par' dir='ltr' id='par_1_114' title="bbox 2466 5543 4106 5623">
     <span class='ocr_line' id='line_1_114' title="bbox 2466 5543 4106 5623; baseline -0.004 -17"><span class='ocrx_word' id='word_1_870' title='bbox 2466 5549 2710 5623; x_wconf 88' lang='lat' dir='ltr'>apostoli</span> <span class='ocrx_word' id='word_1_871' title='bbox 2741 5549 2899 5604; x_wconf 91' lang='lat' dir='ltr'>aliud</span> <span class='ocrx_word' id='word_1_872' title='bbox 2931 5547 3402 5612; x_wconf 89' lang='lat' dir='ltr'>docuerunt,nisi</span> <span class='ocrx_word' id='word_1_873' title='bbox 3432 5547 3584 5618; x_wconf 91' lang='lat' dir='ltr'>quod</span> <span class='ocrx_word' id='word_1_874' title='bbox 3620 5564 3687 5602; x_wconf 83' lang='lat' dir='ltr'>ex</span> <span class='ocrx_word' id='word_1_875' title='bbox 3709 5564 3806 5603; x_wconf 91' lang='lat' dir='ltr'>ore</span> <span class='ocrx_word' id='word_1_876' title='bbox 3833 5543 4106 5601; x_wconf 88' lang='lat' dir='ltr'>Veritatis</span> 
     </span>
    </p>
   </div>
   <div class='ocr_carea' id='block_1_115' title="bbox 2465 5634 4099 5710">
    <p class='ocr_par' dir='ltr' id='par_1_115' title="bbox 2465 5634 4099 5710">
     <span class='ocr_line' id='line_1_115' title="bbox 2465 5634 4099 5710; baseline -0.006 -15"><span class='ocrx_word' id='word_1_877' title='bbox 2465 5635 3010 5710; x_wconf 81' lang='lat' dir='ltr'>acceperunt?Quid</span> <span class='ocrx_word' id='word_1_878' title='bbox 3024 5639 3216 5690; x_wconf 90' lang='lat' dir='ltr'>autem</span> <span class='ocrx_word' id='word_1_879' title='bbox 3248 5634 3405 5690; x_wconf 90' lang='lat' dir='ltr'>aliud</span> <span class='ocrx_word' id='word_1_880' title='bbox 3439 5634 3905 5710; x_wconf 59' lang='lat' dir='ltr'>sanctaEcclesia</span> <span class='ocrx_word' id='word_1_881' title='bbox 3926 5635 4099 5696; x_wconf 89' lang='lat' dir='ltr'>tenet,</span> 
     </span>
    </p>
   </div>
   <div class='ocr_carea' id='block_1_116' title="bbox 2463 5721 4100 5798">
    <p class='ocr_par' dir='ltr' id='par_1_116' title="bbox 2463 5721 4100 5798">
     <span class='ocr_line' id='line_1_116' title="bbox 2463 5721 4100 5798; baseline -0.007 -16"><span class='ocrx_word' id='word_1_882' title='bbox 2463 5728 2577 5783; x_wconf 91' lang='lat' dir='ltr'>nisi</span> <span class='ocrx_word' id='word_1_883' title='bbox 2610 5727 2763 5798; x_wconf 89' lang='lat' dir='ltr'>quod</span> <span class='ocrx_word' id='word_1_884' title='bbox 2808 5742 2842 5780; x_wconf 92' lang='lat' dir='ltr'>a</span> <span class='ocrx_word' id='word_1_885' title='bbox 2885 5725 3050 5778; x_wconf 91' lang='lat' dir='ltr'>beato</span> <span class='ocrx_word' id='word_1_886' title='bbox 3096 5723 3258 5778; x_wconf 90' lang='lat' dir='ltr'>Petro</span> <span class='ocrx_word' id='word_1_887' title='bbox 3289 5727 3346 5778; x_wconf 90' lang='lat' dir='ltr'>et</span> <span class='ocrx_word' id='word_1_888' title='bbox 3375 5723 3595 5777; x_wconf 72' lang='lat' dir='ltr'>caeteris</span> <span class='ocrx_word' id='word_1_889' title='bbox 3643 5721 3918 5798; x_wconf 72' lang='lat' dir='ltr'>apostolis</span> <span class='ocrx_word' id='word_1_890' title='bbox 3949 5733 4100 5774; x_wconf 88' lang='lat' dir='ltr'>acce-</span> 
     </span>
    </p>
   </div>
   <div class='ocr_carea' id='block_1_117' title="bbox 2464 5650 4096 5946">
    <p class='ocr_par' dir='ltr' id='par_1_117' title="bbox 2464 5650 4096 5946">
     <span class='ocr_line' id='line_1_117' title="bbox 2465 5650 4096 5710; baseline -0.006 -15"><span class='ocrx_word' id='word_1_891' title='bbox 2465 5650 3010 5710; x_wconf 73' lang='lat' dir='ltr'>acceperunt‘IQuia</span> <span class='ocrx_word' id='word_1_892' title='bbox 3024 5650 3216 5690; x_wconf 85' lang='lat' dir='ltr'>autem</span> <span class='ocrx_word' id='word_1_893' title='bbox 3248 5650 3405 5690; x_wconf 80' lang='lat' dir='ltr'>aliud</span> <span class='ocrx_word' id='word_1_894' title='bbox 3439 5650 3602 5689; x_wconf 80' lang='lat' dir='ltr'>sanet</span> <span class='ocrx_word' id='word_1_895' title='bbox 3651 5650 3905 5690; x_wconf 70' lang='lat' dir='ltr'>meoiesm</span> <span class='ocrx_word' id='word_1_896' title='bbox 3926 5650 4096 5696; x_wconf 79' lang='lat' dir='ltr'>tenet,</span> 
     </span>
     <span class='ocr_line' id='line_1_118' title="bbox 2464 5721 4096 5798; baseline -0.007 -16"><span class='ocrx_word' id='word_1_897' title='bbox 2464 5728 2577 5783; x_wconf 92' lang='lat' dir='ltr'>nisi</span> <span class='ocrx_word' id='word_1_898' title='bbox 2610 5727 2763 5798; x_wconf 89' lang='lat' dir='ltr'>quod</span> <span class='ocrx_word' id='word_1_899' title='bbox 2808 5742 2842 5780; x_wconf 92' lang='lat' dir='ltr'>a</span> <span class='ocrx_word' id='word_1_900' title='bbox 2885 5725 3050 5778; x_wconf 91' lang='lat' dir='ltr'>beato</span> <span class='ocrx_word' id='word_1_901' title='bbox 3096 5723 3258 5778; x_wconf 90' lang='lat' dir='ltr'>Petro</span> <span class='ocrx_word' id='word_1_902' title='bbox 3289 5727 3346 5778; x_wconf 90' lang='lat' dir='ltr'>et</span> <span class='ocrx_word' id='word_1_903' title='bbox 3375 5723 3595 5777; x_wconf 72' lang='lat' dir='ltr'>caeteris</span> <span class='ocrx_word' id='word_1_904' title='bbox 3719 5721 3918 5776; x_wconf 91' lang='lat' dir='ltr'>ostolis</span> <span class='ocrx_word' id='word_1_905' title='bbox 3949 5733 4096 5774; x_wconf 90' lang='lat' dir='ltr'>acce-</span> 
     </span>
     <span class='ocr_line' id='line_1_119' title="bbox 2464 5805 4096 5887; baseline -0.009 -17"><span class='ocrx_word' id='word_1_906' title='bbox 2464 5816 2594 5887; x_wconf 85' lang='lat' dir='ltr'>pit?</span> <span class='ocrx_word' id='word_1_907' title='bbox 2623 5813 2762 5879; x_wconf 92' lang='lat' dir='ltr'>Quis</span> <span class='ocrx_word' id='word_1_908' title='bbox 2794 5817 2987 5868; x_wconf 89' lang='lat' dir='ltr'>autem</span> <span class='ocrx_word' id='word_1_909' title='bbox 3017 5810 3256 5876; x_wconf 87' lang='lat' dir='ltr'>nesciat,</span> <span class='ocrx_word' id='word_1_910' title='bbox 3292 5814 3391 5865; x_wconf 88' lang='lat' dir='ltr'>aut</span> <span class='ocrx_word' id='word_1_911' title='bbox 3434 5827 3544 5864; x_wconf 91' lang='lat' dir='ltr'>non</span> <span class='ocrx_word' id='word_1_912' title='bbox 3595 5810 3697 5864; x_wconf 74' lang='lat' dir='ltr'>adv</span> <span class='ocrx_word' id='word_1_913' title='bbox 3742 5813 3853 5862; x_wconf 90' lang='lat' dir='ltr'>rtat</span> <span class='ocrx_word' id='word_1_914' title='bbox 3881 5805 4030 5876; x_wconf 90' lang='lat' dir='ltr'>quod</span> <span class='ocrx_word' id='word_1_915' title='bbox 4063 5819 4096 5854; x_wconf 91' lang='lat' dir='ltr'>a</span> 
     </span>
     <span class='ocr_line' id='line_1_120' title="bbox 2465 5891 4092 5946; baseline -0.004 0"><span class='ocrx_word' id='word_1_916' title='bbox 2465 5902 2724 5946; x_wconf 73' lang='lat' dir='ltr'>m-innine</span> <span class='ocrx_word' id='word_1_917' title='bbox 2756 5898 3147 5946; x_wconf 74' lang='lat' dir='ltr'>nnnstnlornm</span> <span class='ocrx_word' id='word_1_918' title='bbox 3181 5899 3346 5946; x_wconf 82' lang='lat' dir='ltr'>Petro</span> <span class='ocrx_word' id='word_1_919' title='bbox 3379 5897 3648 5946; x_wconf 75' lang='lat' dir='ltr'>Romanae</span> <span class='ocrx_word' id='word_1_920' title='bbox 3688 5895 3728 5946; x_wconf 88' lang='lat' dir='ltr'><strong>E</strong></span> <span class='ocrx_word' id='word_1_921' title='bbox 3765 5891 3949 5946; x_wconf 72' lang='lat' dir='ltr'>clesiae</span> <span class='ocrx_word' id='word_1_922' title='bbox 3979 5893 4092 5942; x_wconf 81' lang='lat' dir='ltr'>tra-</span> 
     </span>
    </p>
   </div>
   <div class='ocr_carea' id='block_1_118' title="bbox 2465 5891 4092 5975">
    <p class='ocr_par' dir='ltr' id='par_1_118' title="bbox 2465 5891 4092 5975">
     <span class='ocr_line' id='line_1_121' title="bbox 2465 5891 4092 5975; baseline -0.012 -15"><span class='ocrx_word' id='word_1_923' title='bbox 2465 5898 3148 5975; x_wconf 78' lang='lat' dir='ltr'>principeapostolorum</span> <span class='ocrx_word' id='word_1_924' title='bbox 3181 5899 3346 5955; x_wconf 87' lang='lat' dir='ltr'>Petro</span> <span class='ocrx_word' id='word_1_925' title='bbox 3379 5897 3648 5952; x_wconf 80' lang='lat' dir='ltr'>Romanae</span> <span class='ocrx_word' id='word_1_926' title='bbox 3688 5891 3949 5948; x_wconf 60' lang='lat' dir='ltr'>Ecclesiae</span> <span class='ocrx_word' id='word_1_927' title='bbox 3979 5893 4092 5942; x_wconf 87' lang='lat' dir='ltr'>tra-</span> 
     </span>
    </p>
   </div>
  </div>
