4986 6452
1087 527 1243 590 1319

2053 524 2394 588 GERARDI
2439 524 2462 586 Ι
2506 521 3104 586 GAMERACENSIS
3148 520 3523 584 EPISCOPI.

4346 523 4507 587 £390

1089 659 1518 725 mus,videlicet
1535 663 1604 714 ut
1629 657 2734 730 unaEcclesiaduosliabcatepiscopos,
2765 657 2818 724 Α
2850 674 2960 728 que
2992 655 3133 711 mihi
3167 653 3298 727 plus
3325 654 3497 710 solito
3544 655 3720 710 timor
3761 658 3819 710 et
3855 654 4046 722 dolor,
4077 656 4206 728 qui,
4239 655 4386 712 licet
4432 658 4510 714 sit

1089 753 1146 804 et
1175 765 1327 804 unus
1357 747 1602 803 alterum
1634 747 1705 802 ad
1738 747 2158 802 instituendum
2189 747 2300 802 sibi
2332 762 2726 802 successorem

1087 835 1340 893 liberum
1373 836 1582 892 habeat
1607 836 2095 908 arbitrium,quod
2119 852 2255 890 sane
2285 835 2504 890 nullius
2535 840 2730 889 aucto-

1089 925 1281 983 ritatis
1305 929 1528 982 constat
1557 925 1784 997 pondus
1831 923 2127 991 habuisse,
2159 924 2426 979 videmur
2465 924 2589 994 jam
2641 923 2726 976 in-

1089 1013 1239 1072 tueri
1271 1013 1560 1086 quoddam
1591 1012 1933 1068 barathrum
1968 1012 2271 1084 patens,de
2298 1028 2417 1083 quo
2433 1012 2633 1066 fumus
2649 1016 2729 1065 te-

1090 1103 1349 1160 merariae
1379 1103 1776 1175 usurpationis
1797 1118 2108 1174 erumpens
2130 1100 2727 1173 portenditquoddam

1089 1191 1421 1249 schismatis
1453 1191 1783 1246 incendium
1815 1190 2211 1262 tuturum,per
2241 1188 2727 1260 quod,subeunti-

1086 1282 1196 1338 bus
1218 1281 1500 1348 discidiis,
1521 1280 1776 1336 Ecclesia
1805 1297 1839 1335 a
1868 1296 1986 1336 suis
2012 1281 2171 1353 pacis
2202 1279 2422 1334 unitate
2449 1277 2725 1332 solvatur.

1084 1370 1320 1437 Verum,
1371 1370 1671 1442 quoniam,
1711 1369 1762 1425 si
1809 1369 1960 1425 hanc
2008 1385 2132 1424 rem
2181 1384 2486 1424 assensum
2538 1366 2728 1422 adhuc

1083 1457 1438 1532 praabuistis,
1467 1459 1727 1514 nondum
1759 1458 1996 1513 auditur
2022 1475 2056 1513 a
2086 1457 2273 1524 nobis,
2307 1457 2727 1512 fraternitatem

1081 1551 1336 1605 vestram
1363 1547 2179 1619 pmmonemus,obtestantes
2206 1563 2310 1618 per
2335 1562 2469 1602 eum
2504 1545 2602 1616 qui
2622 1559 2728 1599 nos

1085 1635 1351 1692 Ecclesia
1381 1653 1500 1692 suis
1529 1635 1832 1691 ministros
1861 1640 1917 1691 et
1945 1640 2206 1708 pastores
2237 1651 2362 1690 esse
2379 1632 2726 1700 voluit,ut,si

1085 1723 1196 1780 hoc
1226 1727 1418 1780 vestro
1447 1730 1677 1779 constat
1703 1740 1832 1779 esse
1863 1723 2124 1793 consilio,
2145 1723 2348 1777 divinae
2375 1720 2726 1778 ordinationi

1085 1813 1409 1868 cedendum
1441 1813 1633 1885 potius
1663 1813 1985 1878 mstimetis,
2017 1828 2194 1884 quam
2223 1810 2455 1883 proprio
2487 1808 2727 1864 arbitrio

1087 1901 1558 1974 impendatisme
1587 1904 1708 1956 tam
1737 1917 1839 1956 vos
1868 1899 2118 1955 carnalis
2140 1916 2304 1954 amor
2333 1899 2389 1952 in
2422 1897 2725 1952 sinistrum

1087 1991 1486 2062 rapiat,quam
1517 1988 1842 2060 spiritualis
1865 1990 2024 2043 favor
2055 1989 2111 2042 in
2143 1987 2328 2042 zelum
2365 1985 2726 2041 rectitudinis

1086 2079 1386 2134 accendat.
1415 2077 1514 2131 Sin
1549 2081 1762 2144 autem,
1797 2091 2094 2148 nunquam
2133 2093 2234 2130 vos
2265 2075 2318 2128 in
2354 2074 2460 2129 hoc
2491 2073 2728 2128 haeresis

1088 2165 1470 2238 praecipitium
1485 2165 1617 2235 quis
1632 2164 2018 2236 pertrahat,ut
2035 2165 2168 2219 huic
2181 2163 2725 2234 adinventioni,quls

1087 2255 1325 2328 quidem
1357 2260 1556 2309 contra
1589 2254 1842 2326 Spiritus
1875 2254 2056 2308 sancti
2087 2253 2514 2307 ordinationem
2555 2256 2611 2305 et
2641 2255 2726 2304 to-

1083 2345 1202 2402 tius
1231 2348 1320 2401 est
1349 2342 1614 2400 Ecclesia:
1663 2341 1955 2397 catholica:
2005 2341 2450 2407 institutionem,
2485 2355 2726 2395 consen-

1083 2451 1213 2490 sum
1247 2431 1532 2506 prazstetis
1563 2433 1695 2502 (11).

1685 2537 2024 2592 EPISTULA
2062 2536 2127 2590 V.

1283 2627 1355 2666 AD
1395 2626 1692 2664 ιεῡυικυω
1734 2625 1996 2662 ΑΒΒΑἸἘΜ
2037 2624 2232 2662 SANCTI
2272 2623 2524 2661 \‘EDASTI.

1710 2698 1898 2767 (Anno
1934 2697 2110 2762 tOBl.)

1209 2788 1286 2843 De
1313 2786 1564 2843 incendio
1592 2787 1834 2840 ecclesia?
1860 2785 2186 2840 cathedralis
2215 2785 2592 2840 Atrebatensis.

1155 2875 1728 2948 Gemanusmomine
1754 2891 1863 2928 non
1899 2874 2105 2930 merito
2134 2875 2725 2946 episcopus,Li-;numo

1083 2965 1281 3020 abbati
1301 2969 1370 3020 et
1404 2963 1562 3019 omni
1593 2963 2025 3036 congregationi
2075 2963 2256 3019 sancti
2307 2963 2495 3018 Patris
2540 2961 2722 3018 nostri

1081 3052 1340 3118 Vedasti,
1371 3052 1483 3110 sub
1513 3069 1578 3108 eo
1609 3053 1860 3124 degenti,
1887 3055 1947 3106 et
1975 3051 2251 3107 omnibus
2281 3051 2429 3106 hanc
2451 3051 2723 3123 paginam

1082 3141 1283 3198 devote
1311 3140 1716 3214 lcgentibus,et
1741 3141 1859 3196 vita
1882 3143 1938 3195 et
1967 3157 2077 3212 pax
2093 3157 2126 3195 a
2153 3140 2268 3196 Deo
2282 3138 2720 3211 multiplicetur,

1082 3230 1180 3302 qui
1215 3234 1304 3286 est
1332 3230 1449 3285 vita
1477 3234 1535 3286 et
1563 3229 1748 3302 gloria
1775 3229 2002 3284 cunctis
2035 3230 2091 3284 in
2122 3245 2184 3284 se
2214 3227 2606 3285 credentibus.

1150 3319 1434 3386 Quoniam
1469 3324 1681 3376 sancta:
1715 3317 1916 3374 matris
1940 3317 2205 3374 Ecclesia
2233 3317 2612 3389 cognovimus
2625 3332 2723 3372 vos

2838 745 2981 799 mihi
3017 761 3120 816 per
3151 761 3323 798 usum
3355 745 3617 810 vetusﬁt
3645 747 3839 799 tamen
3853 759 4512 819 semperperaugmen—

2838 838 2961 889 tum
2995 850 3196 889 novns.
3229 833 3374 888 Nam
3408 833 3455 888 si
3487 831 3803 905 aliquando
3831 833 4128 906 meipsum
4156 836 4510 892 secundum

2838 923 3182 994 qualitatem
3229 921 3358 977 vitm
3403 922 3642 995 aspicio,
3689 922 3754 978 in
3812 924 4210 981 amaritudine
4266 942 4507 993 versor,

2837 1012 2975 1082 quia
3005 1011 3062 1066 in
3095 1012 3262 1067 bonis
3289 1012 3515 1078 deficio,
3545 1011 3602 1065 in
3643 1009 3817 1068 malis
3853 1013 4126 1084 perdam.
4161 1012 4226 1068 Si
4255 1014 4509 1088 quando

2837 1116 2970 1155 vero
3000 1100 3071 1154 ad
3103 1117 3170 1154 ea
3201 1117 3329 1171 qua":
3363 1101 3422 1155 iu
3453 1101 3826 1157 mundosunt
3843 1102 4258 1174 perspicienda
4275 1105 4507 1161 mentis

2838 1185 3071 1240 oculum
3106 1187 3549 1255 attollo,cuncta
3579 1189 3718 1260 quia
3745 1189 3805 1244 in
3838 1189 4096 1262 maligno
4125 1197 4275 1247 sunt
4303 1195 4508 1266 posita

2837 1276 3258 1340 video.Quanto
3290 1277 3549 1333 mundus
3581 1277 3824 1333 feriatur
3843 1278 4293 1352 gladio,quibus
4315 1298 4507 1356 pupu-

2837 1363 2925 1418 lus
2960 1363 3206 1420 intereat
3235 1366 3713 1437 percussionibus
3743 1368 4054 1424 manifesto
4083 1371 4508 1439 considero,ac

2837 1469 2938 1524 per
2966 1452 3072 1508 hoc
3117 1453 3307 1509 adhuc
3354 1456 3580 1526 majora
3624 1455 3820 1512 venire
3863 1455 4064 1525 timeo,
4096 1459 4240 1531 quia
4289 1466 4506 1518 nostro

2837 1540 3179 1596 sacerdotali
3211 1548 3444 1614 peccato
3493 1542 3616 1599 fieri
3666 1545 3962 1613 confiteor,
3995 1547 4151 1604 sicut
4197 1549 4504 1623 scriptum

2835 1635 3196 1696 est,testante
3226 1631 3395 1687 beato
3426 1631 3590 1688 Petro
3621 1633 3884 1704 apostolo
3917 1653 3930 1691 :
3960 1658 3990 1685 ‹‹
4025 1636 4324 1701 Quoniam
4349 1645 4507 1697 tem-

2836 1735 2947 1791 pus
2975 1725 3062 1774 est
3093 1725 3157 1774 ut
3188 1719 3428 1792 incipiat
3451 1721 3742 1792 judicium
3775 1723 3846 1779 de
3897 1723 4074 1782 domo
4121 1725 4224 1782 Dei
4259 1729 4320 1801 (ῐ
4345 1735 4500 1787 Patr.

2837 1810 2932 1874 iv).
2972 1833 2996 1856 ››
3031 1809 3095 1863 Et
3127 1809 3182 1864 in
3219 1809 3509 1865 Ezechiele
3543 1827 3554 1864 :
3590 1834 3618 1859 ‹‹
3652 1813 3697 1866 Α
3725 1813 4058 1870 sanctuario
4088 1827 4220 1870 meo
4249 1815 4502 1890 incipite

2837 1899 3052 1968 (Ezerh.
3089 1899 3188 1968 ix).
3227 1922 3252 1946 υ
3288 1898 3458 1952 Verbi
3489 1900 3694 1972 gratia,
3726 1901 3885 1956 velut
3915 1902 3975 1958 in
4023 1905 4306 1976 presenti
4345 1907 4500 1964 San-

2757 2023 2805 2088 B
2827 1992 2937 2040 ctae
2970 1987 3658 2088 MariaznAtrebatensium
3693 1991 4070 2048 manifestum
4093 1997 4188 2050 ent
4217 1994 4495 2064 ecclesia,

2839 2091 3036 2145 quam,
3068 2094 3124 2131 ιιι
3157 2077 3278 2132 Kal.
3301 2078 3566 2148 Augusti,
3591 2079 3745 2150 ignis
3777 2080 4090 2138 adveniens
4120 2081 4197 2137 (lc
4227 2083 4380 2139 cmlo
4407 2089 4494 2141 to-

2834 2167 2950 2218 tam
2985 2167 3328 2230 combussit,
3363 2167 3694 2222 videntibus
3725 2169 3970 2224 cunctis.
3998 2168 4164 2226 Und:
4198 2171 4382 2229 timeo
4417 2175 4499 2229 ni-

2837 2254 2996 2308 nium
3031 2255 3237 2308 divina:
3271 2256 3791 2312 animadversionis
3822 2256 3931 2313 hoc
3979 2258 4162 2315 fuiss-
4202 2260 4495 2329 iudicium

2835 2343 3116 2398 venientis
3149 2360 3323 2414 super
3355 2343 3504 2398 filios
3537 2343 3862 2412 hominum,
3891 2351 3976 2413 ut,
4005 2346 4156 2403 sicut
4187 2373 4200 2399 ι
4225 2349 4337 2406 lim
4360 2357 4496 2407 ante

2835 2435 3146 2488 adventum
3180 2433 3427 2499 Domini,
3461 2435 3534 2487 ob
3566 2433 3800 2505 signum
3841 2435 4280 2507 misericowliae,
4315 2457 4386 2496 eo
4435 2441 4493 2497 in

2837 2521 2958 2576 loco
2986 2520 3118 2574 alba
3147 2520 3356 2576 vellera
3378 2521 3492 2576 duo
3516 2519 3791 2593 leguntur
3809 2523 4303 2593 cecidisse:ii:.,ob
4316 2529 4494 2603 signi-

2837 2609 3163 2664 ficationem
3196 2608 3436 2664 ultionis
3464 2609 3690 2676 divinze,
3725 2627 3855 2682 qua
3884 2616 4131 2670 ventura
4172 2621 4266 2672 est
4313 2635 4497 2691 super

2835 2698 3168 2752 diflldentire
3204 2697 3373 2763 ﬁlios,
3408 2697 3561 2769 ignis
3589 2699 3809 2755 veniret
3838 2717 3973 2756 cum
4023 2701 4354 2777 sulphure;
4390 2708 4490 2780 qui

2833 2787 3100 2841 terrendo
3135 2791 3394 2840 moneret
3423 2786 3653 2853 electos,
3680 2793 3745 2843 ut
3776 2794 4015 2860 possent
4051 2807 4086 2847 a
4117 2793 4265 2849 facie
4315 2812 4492 2852 arcus

2835 2877 3052 2947 fugere,
3081 2881 3135 2930 et
3157 2880 3422 2931 exureret
3445 2875 3656 2946 impios
3675 2880 3730 2931 et
3754 2882 4104 2949 peccatores,
4128 2881 4232 2954 qui
4255 2880 4492 2940 Christo

2833 2980 3064 3036 semper
3093 2965 3411 3019 detrahunt
3451 2964 3586 3018 [iliis
3641 2964 3925 3020 Ecclesiae.
3959 2966 4161 3024 Solent
4203 2971 4367 3026 enim
4420 2973 4493 3028 de

2834 3051 3003 3107 nobis
3034 3051 3243 3117 dicere,
3279 3050 3568 3106 ministris
3591 3051 3857 3107 Ecclesiae
3894 3069 3906 3108 ε
3937 3051 4004 3108 Hi
4052 3059 4194 3110 sunt
4219 3062 4493 3128 pastores

2832 3139 3160 3213 populi,qui
3189 3157 3301 3194 non
3334 3156 3463 3194 vere
3496 3144 3758 3211 pastores
3790 3146 3948 3208 sunt,
3979 3143 4080 3198 sed
4113 3141 4261 3216 lupi,
4287 3162 4494 3204 come-

2831 3231 2981 3285 dunt
3007 3229 3158 3282 enim
3193 3233 3428 3301 peccata
3459 3228 3676 3300 populi,
3709 3229 3849 3301 quia
3873 3230 4099 3287 fructus
4129 3233 4396 3290 ecclesiae
4429 3238 4490 3293 in

2833 3318 3120 3389 stipendio
3151 3317 3491 3389 quotidiano
3524 3317 3884 3390 percipiunt;
3919 3320 4020 3375 sed
4052 3337 4160 3377 nec
4201 3324 4492 3382 orationis

1077 3407 1427 3476 essefllium,
1452 3407 1731 3462 imitando
1744 3411 1963 3478 patrem
1988 3406 2718 3469 vestrum,misericordem
2748 3389 2792 3457 C
2830 3408 3042 3473 studio,
3070 3423 3172 3462 nec
3205 3406 3630 3478 prmdicationis
3661 3389 3854 3474 verbo,
3874 3407 4018 3464 nihil
4047 3411 4286 3482 penitus
4318 3413 4491 3470 insu-

1077 3497 1283 3564 Deum,
1314 3495 1417 3568 qui
1447 3495 1520 3550 ad
1552 3511 1672 3550 suae
1701 3493 1979 3550 bonitatis
2009 3493 2454 3549 similitudinem
2485 3511 2584 3550 vos
2611 3493 2720 3549 sibi

1079 3585 1138 3638 in
1168 3584 1540 3656 adoptionem
1577 3581 1907 3654 procreavit
1948 3581 2158 3648 tilium,
2191 3582 2306 3637 Deo
2352 3587 2410 3637 et
2455 3581 2722 3638 charitati

1079 3675 1284 3728 vestrae
1313 3669 1682 3742 gratulamur
1708 3669 1979 3725 multum.
2005 3669 2123 3724 Prin
2150 3670 2373 3726 caeteris
2400 3671 2553 3726 enim
2585 3670 2724 3726 tiliis

1081 3759 1274 3814 eidem
1305 3757 1565 3814 Ecclesiae
1598 3757 1769 3814 matri
1801 3758 1871 3814 ad
1903 3775 2177 3830 presens,
2195 3759 2292 3814 Dei
2323 3759 2724 3830 judicio,afﬂi-

1084 3852 1212 3912 ctua,
1232 3863 1336 3919 per
1363 3847 1823 3919 compassionem
1854 3847 2035 3902 animi
2068 3847 2343 3904 honorem
2375 3848 2724 3906 exhibuistis

1083 3935 1369 3992 debitum.
1401 3935 1674 4008 Legimus
1723 3936 1901 4001 enim,
1933 3935 1992 3991 in
2044 3935 2208 3992 libris
2259 3937 2503 4010 Regum,
2544 3939 2721 3995 David

1084 4039 1277 4096 regem
1308 4027 1367 4080 et
1387 4024 1729 4097 prophetam
1751 4025 2277 4082 benedixisseviros
2297 4027 2329 4084 J
2335 4027 2472 4084 abes
2484 4027 2720 4098 Galaad,

1082 4113 1184 4184 qui
1213 4112 1354 4169 Saul
1383 4130 1579 4186 regem
1609 4114 1981 4186 sepelierunt,
2013 4115 2281 4186 quamvis
2311 4116 2600 4187 dejectum
2613 4122 2670 4172 et
2689 4133 2725 4172 a

1081 4201 1200 4260 Deo
1229 4203 1630 4275 reprobatum,
1660 4203 1948 4280 dicentem
1983 4221 1998 4260 :
2034 4225 2064 4253 α
2095 4204 2386 4260 Benedicti
2415 4222 2516 4262 vos
2541 4223 2578 4262 a
2607 4206 2725 4262 Do-

1082 4289 1264 4357 mino,
1282 4291 1424 4364 quia
1453 4291 1673 4348 fecistis
1703 4291 2166 4348 misericordiam
2195 4309 2328 4349 eum
2361 4294 2600 4350 domino
2627 4311 2722 4350 ve-

1081 4383 1203 4438 stro
1231 4379 1369 4437 Saul
1401 4384 1458 4436 et
1499 4379 1790 4452 sepelistis
1831 4397 1966 4438 eum
2001 4381 2074 4453 (ιι
2118 4384 2246 4453 Reg.
2278 4382 2362 4455 ιι).
2400 4404 2428 4434 ››
2476 4384 2536 4440 Si
2567 4383 2721 4439 enim

1082 4465 1167 4522 illi
1195 4467 1660 4524 benedictionem
1690 4486 1726 4524 a
1756 4486 1887 4541 rege
1915 4473 1973 4525 et
2002 4471 2284 4542 propheta
2298 4471 2475 4528 David
2501 4488 2726 4544 prome-

1083 4559 1346 4623 ruerunt,
1377 4557 1477 4628 qui
1509 4557 1776 4629 quamvis
1805 4558 2028 4629 dejecto
2075 4562 2132 4616 et
2177 4575 2212 4616 a
2253 4559 2368 4616 Deo
2417 4561 2724 4632 reprobato

1081 4643 1241 4701 Sauli
1272 4644 1734 4702 misericordiam
1757 4646 2036 4712 fecerunt,
2054 4647 2240 4703 multo
2271 4647 2460 4720 magis
2488 4665 2592 4704 vos
2623 4649 2722 4721 qui

2831 3497 2990 3562 dant,
3024 3513 3088 3552 ac
3121 3512 3222 3568 per
3249 3494 3377 3560 hoc,
3410 3495 3700 3568 quidquid
3731 3497 4102 3554 adversitatis
4150 3500 4230 3556 sit
4281 3501 4345 3558 in
4380 3520 4493 3558 sa:-

2834 3585 2986 3652 culo,
3018 3585 3286 3641 videlicet
3317 3584 3710 3654 mortalitatis,
3743 3586 4109 3658 pestilentia,
4143 3587 4344 3658 famis,
4397 3593 4494 3648 di-

2831 3680 2975 3730 cunt
3006 3672 3342 3747 promereri,
3367 3678 3424 3728 et
3450 3673 3709 3746 incipere
3734 3691 3768 3728 a
3795 3676 4151 3732 sanctuario.
4186 3676 4258 3733 Et
4286 3695 4426 3736 vere
4457 3697 4494 3736 a

2833 3762 3185 3828 sanctuario,
3219 3760 3376 3834 quia,
3409 3761 3735 3818 secundum
3766 3761 3912 3818 illud
3941 3764 4290 3822 vaticinium
4319 3767 4491 3825 Jere-

2834 3852 2962 3906 miaa
2996 3868 3010 3907 :
3047 3873 3075 3900 ‹‹
3108 3849 3365 3922 Dispersi
3397 3854 3537 3906 sunt
3560 3847 3784 3922 lapides
3823 3851 4144 3908 sanctuarii
4186 3854 4246 3909 in
4296 3857 4492 3930 capite

2831 3939 3095 3996 omnium
3150 3938 3473 4011 platearum
3504 3940 3558 4010 (I
3583 3939 3927 4010 Thren.1v).»
3959 3940 4071 3996 Sed
4101 3941 4226 3998 sive
4257 3943 4339 3999 sit
4379 3944 4500 4000 hae-

2833 4027 3048 4086 reticus
3098 4027 3216 4082 sive
3265 4026 3450 4082 falsus
3495 4026 3863 4083 Christianus
3920 4029 4020 4100 qui
4071 4028 4194 4086 haec
4241 4035 4494 4105 opponit

2833 4116 3123 4182 ﬁdelibus,
3156 4115 3206 4170 ei
3241 4115 3662 4187 respondeatur
3689 4117 3842 4188 quod
3884 4117 3966 4172 ait
3996 4117 4055 4172 in
4087 4117 4355 4190 Epistula
4382 4138 4494 4178 sua

2833 4207 3040 4262 beatus
3090 4205 3340 4259 Petrus:
3374 4227 3402 4253 ‹‹
3437 4203 3497 4259 Si
3547 4203 3670 4260 haec
3717 4205 3976 4278 primum
4022 4221 4058 4262 a
4103 4207 4298 4275 nobis,
4353 4211 4491 4282 quis

2833 4310 3035 4352 eorum
3063 4291 3198 4346 finis
3229 4291 3329 4362 qui
3378 4307 3494 4346 non
3525 4292 3769 4348 credunt
3816 4292 4124 4366 Evangelia
4155 4293 4308 4351 Dei?
4337 4297 4413 4354 Et
4441 4305 4494 4361 si

2825 4385 3029 4456 justus
3053 4381 3150 4437 vix
3179 4379 3516 4446 salvabitur,
3550 4379 3772 4452 impius
3796 4387 3853 4437 et
3881 4385 4150 4453 peccator
4187 4382 4292 4438 ubi
4317 4401 4494 4458 pare-

2832 4472 3027 4529 bunt?
3057 4472 3106 4542 (ι
3135 4471 3280 4525 Patr.
3313 4469 3412 4540 tv).
3455 4490 3484 4519 ››
3517 4467 3587 4523 Et
3609 4467 3844 4536 iterum,
3879 4469 4036 4542 quod
4081 4470 4163 4526 ait
4192 4470 4494 4530 Dominus

2831 4559 3084 4616 Galilazis
3129 4558 3191 4613 in
3242 4555 3572 4630 Evangelio,
3623 4556 3726 4628 qui
3781 4557 3832 4612 ei
3885 4557 4304 4614 nuntiaverant
4351 4563 4496 4633 quia

2835 4649 3180 4721 sanguinem
3203 4662 3442 4701 suorum
3467 4645 4015 4702 miscueratPilatus
4027 4662 4163 4702 cum
4177 4647 4496 4707 sacriﬁciis

1084 4731 1304 4789 fecistis
1335 4733 1794 4808 misericordiam
1822 4753 1958 4792 cum
1989 4735 2232 4791 domina
2259 4739 2725 4796 vestraomnium
2756 4756 2802 4821 D
2833 4737 3127 4796 idolorum
3155 4735 3380 4800 Quibus
3411 4733 3771 4806 respondens
3793 4733 3975 4790 dixit:
4003 4757 4036 4786 «
4064 4733 4298 4792 Putatis
4327 4739 4489 4808 quod

1083 4822 1291 4886 matre,
1320 4824 1524 4876 sancta
1550 4821 1812 4880 videlicet
1841 4823 2116 4880 Ecclesia.
2133 4823 2195 4878 Si
2227 4824 2382 4879 enim
2413 4825 2514 4881 Dei
2542 4827 2728 4885 Patris
2837 4829 2893 4883 hi
2923 4825 3143 4882 Galilei
3175 4840 3290 4896 prae
3313 4821 3589 4879 omnibus
3605 4821 3860 4878 Galilmis
3880 4827 4212 4896 peccatores
4225 4825 4490 4896 fuerunt,

1081 4907 1338 4968 charitas
1365 4911 1689 4968 ostenditur
1717 4913 1774 4968 in
1807 4912 1969 4977 Filio,
1995 4911 2094 4983 qui
2123 4927 2226 4984 per
2253 4917 2498 4970 mortem
2530 4917 2722 4972 carnis

1083 4995 1338 5056 animam
1369 5015 1536 5056 suam
1569 5003 1764 5074 posuit
1793 5018 1896 5073 pro
1924 5017 2134 5073 genere
2162 5001 2722 5076 humano,ejusdem

1082 5085 1210 5141 Filii
1243 5086 1434 5161 imago
1465 5093 1826 5146 monstratur
1854 5092 1912 5145 et
1939 5089 1999 5143 in
2032 5088 2130 5146 illo
2166 5091 2267 5162 qui
2315 5094 2723 5152 necessitatem

1079 5172 1322 5245 patienti
1351 5191 1459 5232 suo
1488 5177 1802 5234 miseretur
1827 5175 2110 5249 proximo.
2141 5179 2202 5234 Si
2230 5196 2364 5237 vero
2395 5181 2506 5238 hoc
2533 5183 2726 5239 chari-

1079 5260 1220 5317 tatis
1263 5266 1684 5323 commercium
1735 5264 1790 5320 ei
1848 5265 2188 5321 conceditur
2243 5268 2343 5340 qui
2393 5271 2728 5328 consolatur

1079 5351 1670 5426 proximum,quanto
1701 5353 1892 5426 magis
1918 5352 2000 5408 illi
2033 5354 2134 5425 qui
2166 5354 2468 5414 honoravit
2496 5360 2726 5418 miseri-

1077 5437 1328 5496 corditer
1357 5439 1697 5506 Ecclesium,
1720 5439 2048 5512 generalem
2082 5445 2330 5498 matrem
2360 5445 2650 5514 fidelium,
2671 5453 2732 5505 et

1072 5533 1320 5602 insuper
1347 5528 1590 5585 Mariam
1622 5527 1964 5602 genitricem
2013 5529 2114 5586 Dei
2161 5531 2564 5606 Redemptoris
2603 5553 2729 5592 om-

1076 5615 1240 5671 nium
1256 5616 1285 5670 ?
1305 5617 1440 5686 Sed,
1465 5633 1537 5676 ne
1549 5617 1652 5674 diu
1665 5633 1805 5672 mele
1819 5619 2030 5678 mentis
2041 5620 2206 5678 vobis
2219 5620 2436 5679 celetur
2464 5624 2728 5694 affectus,

1084 5719 1202 5761 non
1227 5702 1422 5778 longis
1451 5705 1615 5762 vobis
1645 5706 1988 5778 patefaciam
2021 5709 2415 5767 sermonibus.
2456 5709 2734 5786 Subrepit

1151 5791 1267 5875 (tt)
1297 5789 1583 5872 Baldorio,
1608 5795 1860 5856 Chronic.
1893 5799 2210 5873 Camqu
2235 5797 2338 5856 lib.
2359 5814 2448 5869 ut,
2479 5815 2607 5876 cap.
2639 5801 2732 5862 31.

2833 4915 2934 4989 qui
2985 4912 3128 4968 talia
3172 4910 3331 4983 passi
3377 4910 3563 4965 sunt?
3591 4910 3736 4978 Non,
3785 4909 3916 4966 dico
3963 4911 4170 4982 vobis;
4210 4913 4340 4982 sed,
4375 4916 4492 4978 nisi

2834 5000 3230 5077 pmnitentiam
3257 4997 3808 5065 habueritis,omnes
3825 4997 4098 5058 similiter
4115 4999 4453 5073 perhibitis.
4465 5026 4492 5052 ι»

2833 5094 2904 5148 Et
2928 5091 3162 5155 iterum,
3196 5088 3351 5160 quod
3383 5087 3466 5142 ait
3489 5087 3562 5143 de
3590 5087 3793 5144 decem
3829 5092 3890 5144 et
3934 5091 4066 5145 octo
4110 5105 4322 5162 supra.
4343 5107 4494 5164 quos

2835 5179 3046 5236 turrris
3077 5178 3135 5233 in
3162 5176 3316 5233 Siloa
3345 5176 3638 5242 cecidit,et
3663 5193 3764 5233 eos
3793 5176 4064 5234 occiditzu
4090 5178 4490 5252 Putatisquod

2837 5269 2950 5344 ipsi
2980 5268 3271 5324 debitores
3295 5266 3536 5322 fuerunt
3584 5271 3794 5338 praater
3819 5282 4028 5324 omnes
4057 5266 4404 5326 habitantes
4433 5269 4492 5326 in

2838 5356 3199 5415 Hierusalem
3220 5354 3248 5410 ?
3278 5355 3402 5412 Non
3433 5354 3563 5412 dico
3585 5355 3752 5411 vobis
3778 5373 3794 5424 ;
3825 5355 3950 5422 sed,
3983 5355 4035 5414 si
4083 5356 4492 5428 pmnitentiam

2840 5463 2954 5502 non
2987 5444 3240 5518 egeritis,
3276 5458 3482 5499 omnes
3509 5441 3782 5512 similiter
3799 5443 4068 5516 psi-ibitis
4093 5444 4254 5522 (Luc.
4459 5465 4494 5498 ο

2841 5535 2989 5602 Quid
3020 5531 3236 5607 plura?
3263 5533 3394 5588 Haec
3443 5547 3718 5606 namque,
3747 5531 3958 5590 fratres
4007 5529 4371 5604 charissimi,
4401 5533 4491 5594 so-

2843 5623 3105 5681 cundum
3153 5620 3530 5695 Evangelium
3576 5621 3699 5688 Dei,
3751 5624 3812 5678 et
3865 5619 4202 5694 apostolum
4252 5622 4492 5682 Petrum

2843 5730 3042 5771 eorum
3075 5711 3477 5788 respoudenda
3507 5715 3645 5768 sunt
3673 5710 3954 5782 stultitiae,
3977 5716 4219 5792 propter
4243 5712 4496 5776 ﬁdelitas
