4986 6672
1143 777 1291 850 1331

1580 789 1924 854 HUGONIS
1966 789 2480 853 LINGONENSIS
2523 785 2893 851 EPISCOPI.
2941 785 3043 848 DE
3087 787 3310 849 CORP.
3350 788 3450 850 ET
3496 786 3728 850 SANG.
3759 784 4100 850 CHRISTI.

374 146 567 179 --—
587 0 4676 287 ab

4395 781 4422 844 1
4434 780 4558 844 333

1137 915 1478 978 dulcedines
1506 923 1885 996 temperando
1914 927 2164 996 saporat,
2179 925 2453 994 tantoque
2482 921 2780 985 intentius,
2814 919 2870 987 Α
2898 937 3005 975 nos
3037 919 3282 975 fefellit?
3310 919 3499 976 Absit!
3555 920 3675 977 lmo
3725 924 3790 976 tu
3841 918 4152 994 perturbas
4207 916 4556 984 veritatem;

1141 1014 1362 1080 quanto
1393 1027 1522 1067 eam
1553 1011 1806 1084 amplius
1837 1012 1994 1067 novit
2018 1011 2379 1083 profuturam
2399 1053 2412 1079 ,
2465 1011 2547 1065 sic
2587 1013 2788 1064 noster

1140 1097 1509 1168 Procurator,
1541 1105 1598 1155 et
1625 1101 1896 1172 providus
1927 1101 2160 1156 conviva
2191 1099 2501 1171 prandium
2527 1117 2643 1154 sua:
2667 1115 2788 1152 car-

1143 1185 1238 1242 nis
1270 1189 1556 1260 coaptavit
1583 1187 2283 1260 horrentibus,ut,prioris
2315 1192 2589 1242 creatura:
2609 1186 2751 1241 vulti
2779 1216 2787 1224 -

1144 1274 1259 1332 bus
1289 1277 1612 1348 reservatis,
1629 1295 1696 1333 ex
1726 1277 1926 1333 formas
1949 1277 2167 1331 visione
2201 1276 2525 1330 animosius
2557 1291 2786 1346 capere-

1144 1364 1548 1422 tur.Similiter
1576 1383 1710 1422 cum
1733 1369 1962 1421 tantum
1985 1365 2137 1421 Deus
2166 1369 2320 1420 esset
2347 1365 2404 1419 in
2428 1382 2536 1419 sua
2557 1364 2791 1418 immor-

1145 1453 1248 1509 tali
1279 1454 1530 1510 essentia
1557 1455 1864 1526 providens
1895 1455 2221 1509 humanum
2254 1469 2438 1524 genus
2472 1469 2584 1506 non
2619 1467 2790 1523 posse

1147 1543 1478 1614 reparari,si
1511 1559 1626 1598 non
1657 1547 1984 1599 moreretur
2006 1559 2108 1613 per
2137 1542 2496 1611 carnem,qui
2523 1540 2666 1595 mori
2692 1557 2793 1612 per

1105 1655 1110 1660 υ
1147 1629 1508 1688 divinitatem
1541 1649 1656 1687 non
1686 1630 2248 1705 poterat,occultavit
2277 1647 2338 1685 se
2367 1634 2564 1685 nostra
2598 1629 2792 1683 carnis

1147 1719 1384 1792 amictu,
1417 1723 1476 1776 et
1505 1737 1610 1793 per
1639 1726 1946 1792 assumpta
1974 1720 2237 1774 membra
2269 1736 2480 1790 passus
2531 1723 2619 1773 est
2668 1718 2792 1772 sine

1143 1806 1366 1863 visione
1395 1809 1716 1875 sermonis;
1751 1823 1924 1878 quem
1957 1823 2126 1862 nemo
2157 1805 2289 1862 licet
2317 1805 2614 1871 viderit,ut
2644 1821 2790 1871 reor,

1145 1911 1262 1950 non
1295 1894 1449 1951 dicet
1478 1895 1754 1951 defuisse.

1220 1985 1346 2048 Qua
1369 1985 1428 2039 in
1457 2001 1520 2040 re
1543 1983 1694 2040 sicut
1734 1985 1972 2040 haberet
2016 1983 2401 2039 immortalem
2444 1988 2501 2038 et
2533 1982 2791 2037 invisibi-

1143 2071 1262 2128 lem
1293 2089 1398 2146 per
1443 2091 1653 2146 corpus
1700 2073 2063 2146 disposuisse
2113 2073 2281 2138 mori,
2315 2073 2397 2126 sic
2442 2073 2636 2144 ipsum
2669 2073 2798 2141 ejus

1148 2177 1360 2234 corpus
1389 2161 1741 2235 ingustabile
1771 2179 1874 2233 per
1911 2165 2204 2226 naturam,
2247 2177 2349 2232 per
2395 2160 2664 2225 formam,
2699 2176 2800 2229 per

1148 2251 1404 2322 speciem
1472 2249 1884 2306 manducabile
1954 2248 2224 2314 contulit,
2296 2265 2367 2303 ne
2434 2247 2796 2302 abhorrendo

1147 2343 1457 2394 cruentum
1477 2339 1608 2410 ipsa
1619 2337 1906 2409 jejunitas
1927 2339 2508 2408 condemnaret,quos
2528 2335 2798 2392 liberatos

1150 2430 1340 2482 morte
1367 2426 1600 2482 refectio
1631 2429 2002 2482 sacrosancta
2033 2425 2447 2491 satiaret.0uid
2482 2427 2637 2480 enim
2677 2430 2796 2478 tam

1151 2514 1405 2588 optabile
1434 2515 1664 2571 devenit
1691 2515 1749 2569 in
1781 2514 2048 2570 habitum
2081 2531 2256 2586 quam
2284 2515 2410 2587 ipso
2455 2513 2636 2586 pasci,
2670 2514 2797 2586 ipso

1150 2605 1306 2660 reﬁci
1337 2621 1505 2676 pane,
1539 2603 1639 2675 qui
1665 2607 1828 2658 tanta
1855 2603 2066 2659 virtute
2096 2620 2200 2658 nos
2240 2604 2491 2676 saginat,
2525 2607 2589 2657 ut
2637 2602 2798 2656 Chri-

1150 2697 1239 2750 sto
1267 2693 1677 2765 corporatifal.,
1702 2691 2471 2764 concorporati]medullitus
2495 2691 2800 2762 adipemur

1149 2786 1208 2838 et
1233 2781 1410 2838 homa
1428 2779 2075 2862 interiorspiritualiter
2097 2780 2474 2851 pinguescat?
2504 2780 2585 2834 Ad
2622 2779 2797 2834 istum

1150 2869 1524 2942 capiendum,
1572 2867 2018 2933 comedendum,
2089 2869 2402 2923 nutrimur.
2453 2869 2558 2924 Per
2619 2869 2798 2922 istum

1149 2957 1440 3013 iactamur
1496 2957 1630 3022 ﬁde,
1689 2955 1990 3028 poscimur
2047 2956 2233 3027 specie
2275 2959 2434 3027 [forte
2491 2959 2635 3029 spe].
2696 2959 2802 3012 Per

1152 3045 1351 3121 ipsum
1373 3045 1500 3116 jam
1523 3043 1629 3100 ﬁlii
1660 3043 1761 3100 Dei
1793 3045 2181 3112 sumus,sicut
2212 3044 2491 3117 scriptum
2523 3051 2612 3100 est
2635 3065 2648 3102 :
2674 3046 2797 3102 Filii

1153 3133 1257 3190 Dei
1288 3149 1496 3189 sumus
1524 3149 1628 3205 per
1653 3133 1924 3206 gratiam,
1957 3149 2061 3204 per
2090 3133 2286 3198 ﬁdem,
2319 3151 2422 3206 per
2464 3152 2798 3190 sacramen-

1153 3225 1302 3289 tum,
1353 3238 1457 3294 per
1503 3221 1849 3293 sanguinem
1899 3221 2138 3292 Christi,
2186 3239 2288 3293 per
2341 3223 2796 3294 redemptionem

1151 3309 1487 3365 Salvatoris.
1519 3307 1695 3364 Cibus
1723 3309 2092 3375 immortalis,
2127 3316 2184 3365 et
2213 3315 2470 3381 sanctus,
2491 3329 2593 3383 per
2623 3329 2796 3384 quem

1153 3415 1264 3454 nos
1290 3401 1625 3470 vegetemur
1653 3399 1774 3466 [al.,
1805 3401 2163 3470 vegetamur]
2194 3403 2250 3454 et
2296 3399 2390 3453 ille
2437 3417 2552 3455 non
2584 3401 2798 3455 minui-

1151 3489 1268 3543 tur.
1300 3486 1477 3541 Panis
1507 3487 1636 3552 iste,
1668 3485 1823 3542 sicut
1867 3485 1967 3542 lux
2011 3486 2268 3559 plurium
2301 3485 2499 3542 oculos
2530 3505 2795 3560 pascens,

1150 3578 1208 3631 et
1237 3578 1432 3630 tamen
1463 3578 1628 3630 tanta
1657 3579 1748 3631 est
1771 3579 1991 3647 quanta
2020 3581 2163 3630 erat.
2189 3575 2628 3631 Sacramentum
2664 3579 2801 3632 ﬁde-

2892 1013 2947 1065 et
2979 1009 3146 1081 quasi
3181 1009 3480 1064 mentitam
3513 1009 3852 1081 redarguis;
3886 1025 3989 1064 nec
4019 1007 4239 1064 vereris
4285 1005 4561 1079 Scriptu-

2894 1115 3018 1153 ram
3068 1098 3354 1153 dicentem
3406 1098 3558 1169 quod
3610 1115 3696 1163 ea,
3741 1114 3866 1170 quae
3915 1095 4145 1152 Veritas
4190 1095 4560 1168 repromisit,

2896 1187 3020 1242 sine
3051 1193 3288 1258 aspectu
3322 1188 3611 1240 credenda
3641 1187 3761 1242 sint
3794 1204 3806 1242 :
3835 1185 3965 1258 ipsa
4009 1185 4166 1242 enim
4197 1184 4342 1238 dicit
4395 1201 4409 1239 :
4457 1184 4565 1240 hoc

2894 1282 2972 1330 est
2999 1292 3186 1346 corpus
3217 1291 3394 1330 meum
3427 1273 3628 1346 (Matth.
3665 1290 3816 1340 xxvx,
3852 1276 3963 1341 26).
3998 1271 4278 1328 Concedis
4309 1270 4563 1341 dixisse,

2897 1363 2996 1418 sed
3058 1379 3380 1434 repugnare
3440 1380 3552 1417 non
3603 1379 3818 1418 cessas.
3891 1361 4048 1417 Dicis
4095 1359 4252 1416 enim
4315 1375 4562 1432 corpus.

2897 1457 2954 1507 et
3013 1470 3124 1506 non
3181 1469 3414 1524 corpus,
3472 1469 3668 1516 suum,
3724 1457 3781 1505 et
3835 1467 3952 1506 non
4009 1466 4207 1505 suum.
4251 1449 4566 1514 Quomodo

2897 1541 3052 1596 enim
3121 1541 3302 1607 dicas,
3371 1538 3456 1595 vel
3534 1557 3648 1594 non
3729 1539 3912 1606 dicas,
3983 1538 4256 1609 superius
4335 1536 4570 1594 dixisse

2900 1647 2990 1684 me
3022 1634 3179 1701 puto.
3221 1629 3437 1684 Idcirco
3495 1628 3715 1683 dictum
3782 1631 3923 1700 puta
3989 1627 4321 1699 (Aecus'rm.
4383 1642 4567 1682 serm.

2898 1720 2953 1783 2,
2985 1717 3049 1772 de
3080 1717 3234 1772 verbo
3267 1717 3469 1788 Apost.,
3504 1733 3552 1771 c.
3589 1717 3639 1782 1,
3670 1716 3757 1786 1Ο)
3793 1732 3806 1770 :
3841 1739 3868 1765 ‹‹
3921 1719 4364 1770 Sacramentum
4416 1714 4573 1772 tide-

2900 1807 3042 1876 liun
3101 1811 3427 1878 agnoscunt
3493 1805 3712 1870 ﬁdeles,
3787 1803 4092 1860 audientes
4159 1807 4354 1860 autem
4417 1803 4573 1876 quid

2902 1894 3058 1950 aliud
3093 1912 3269 1966 quam
3305 1895 3459 1966 quod
3491 1893 3780 1949 audiunt?
3810 1891 3931 1948 Erit
3960 1891 4184 1948 homini
4216 1891 4302 1947 illi
4341 1908 4574 1960 mores,

2903 2001 3018 2038 non
3060 1983 3194 2047 vita,
3229 1982 3328 2054 qui
3379 1982 3688 2037 mendaces
3740 1981 4032 2054 putaverit
4077 1981 4303 2036 vitam?
4333 2005 4356 2034 ι
4387 1982 4577 2037 verba

2903 2089 3155 2142 namque
3185 2071 3312 2126 vita:
3345 2075 3515 2138 sunt;
3549 2070 3687 2143 quia
3734 2069 3868 2126 Vita
3911 2069 4034 2126 haec
4083 2069 4229 2125 dixit
4277 2085 4290 2124 :
4342 2074 4404 2125 et
4446 2071 4579 2126 vita

2902 2160 3030 2233 ipsa
3061 2163 3216 2224 sunt,
3251 2165 3305 2214 et
3333 2159 3560 2214 Veritas
3589 2159 3709 2214 haec
3739 2159 3884 2213 dixit
3922 2176 3934 2214 :
3969 2161 4026 2213 et
4054 2175 4190 2214 vera
4217 2158 4350 2230 ipsa
4401 2163 4576 2223 sunt,

2903 2253 2959 2303 et
2990 2249 3204 2321 quibus
3236 2246 3510 2320 loquitur,
3546 2247 3684 2319 quia
3733 2247 3856 2319 ipse
3909 2250 3998 2302 est
4043 2245 4299 2302 Verbum
4353 2246 4578 2304 Patris.

2907 2339 3021 2393 Cur
3049 2337 3200 2390 enim
3236 2335 3589 2391 scandalizat
3637 2339 3691 2390 te
3735 2335 3960 2407 species
3989 2352 4116 2407 qua:
4157 2335 4477 2403 remansit,
4513 2341 4581 2392 ut

2905 2443 3054 2494 reor,
3102 2425 3149 2479 si
3197 2430 3252 2479 te
3295 2428 3658 2480 cruentasset
3707 2423 3956 2489 occisus,
3989 2422 4338 2479 scandalum
4374 2426 4580 2497 majus

2907 2519 3078 2580 esset,
3110 2513 3261 2569 sicut
3291 2513 3432 2568 dicit
3460 2513 3716 2567 Joannes
3747 2511 4203 2584 Chrysostomus
4245 2513 4484 2584 (Homil.
4515 2514 4581 2570 de

2902 2604 3210 2674 proditione
3253 2601 3428 2668 Iudae,
3463 2602 3571 2656 sub
3623 2602 3825 2668 ﬁnem)
3859 2618 3872 2655 :
3906 2601 4249 2666 Erubesces,
4286 2623 4314 2649 n
4349 2601 4577 2674 inquit,

2909 2691 3254 2746 «oblationis
3277 2690 3742 2756 arcana,occisus
3767 2689 4100 2761 propositus
4126 2695 4217 2744 est
4236 2689 4577 2748 Christus.»

2908 2782 2992 2836 lla
3021 2781 3256 2852 quidem
3290 2796 3445 2833 nunc
3476 2777 3818 2850 mysterium
3841 2783 4032 2834 tecum
4055 2782 4333 2845 est,nunc
4368 2785 4582 2852 operta

2870 2880 2876 2891 '
2909 2865 3266 2939 mysterio.Si
3297 2865 3450 2920 enim
3478 2883 3576 2936 per
3603 2866 3775 2920 ﬁdem
3795 2883 3909 2921 non
3931 2865 4202 2921 ambulas
4235 2866 4295 2921 in
4318 2883 4444 2939 quo
4467 2869 4581 2924 erit

2908 2955 3294 3027 mysterium?
3321 2957 3425 3010 Per
3449 2956 3620 3026 ﬁdem
3650 2957 3800 3010 enim
3843 2955 4214 3021 ambulamus,
4247 2960 4303 3010 et
4332 2972 4452 3012 non
4479 2975 4585 3030 per

2906 3047 3136 3116 speciem
3168 3045 3239 3112 (11
3269 3044 3388 3098 Cor.
3422 3061 3477 3114 v,
3505 3045 3582 3114 7).
3617 3042 3796 3098 Aliter
3835 3043 3992 3098 enim
4047 3060 4161 3098 non
4208 3044 4456 3100 venitur
4505 3047 4582 3102 ad

2909 3150 3090 3196 aram,
3120 3149 3245 3204 quae
3277 3138 3335 3187 et
3364 3133 3634 3188 sacerdos
3663 3137 3721 3187 et
3750 3132 4104 3187 sacriﬁcium
4131 3133 4314 3187 est.ln
4337 3133 4585 3190 Christo

2907 3221 3061 3276 enim
3091 3221 3209 3275 haec
3239 3220 3592 3292 omnia.lpse
3610 3219 3764 3275 enim
3788 3225 3877 3275 est
3903 3220 4155 3276 sublime
4171 3220 4361 3276 altare
4382 3222 4586 3279 Patris

2909 3310 3056 3382 (lleb.
3089 3327 3210 3376 xm,
3249 3310 3354 3381 10),
3389 3309 3541 3364 sicut
3570 3309 3852 3381 scriptum
3885 3314 3976 3364 est
4027 3326 4040 3364 :
4099 3309 4360 3366 Putasne
4402 3312 4587 3368 aliud

2908 3415 3034 3454 esse
3065 3398 3245 3453 altare
3277 3398 3374 3453 ubi
3406 3398 3672 3453 Christus
3704 3398 3961 3470 pontifex
3991 3396 4195 3464 astitit,
4231 3414 4420 3468 quam
4451 3417 4588 3456 cor-

2909 3503 3018 3558 pus
3049 3501 3224 3541 suum
3257 3502 3358 3558 per
3388 3486 3639 3556 quod,et
3667 3485 3726 3539 in
3757 3485 3912 3556 quod
3946 3485 4061 3540 Deo
4094 3484 4251 3540 Patri
4273 3491 4418 3542 vota
4439 3489 4591 3544 ﬁde-

2907 3575 3136 3641 lium,et
3157 3575 3299 3629 ﬁdes
3321 3575 3646 3628 offeruntur
3665 3573 3860 3629 ?Unde
3881 3578 3938 3628 et
3965 3573 4308 3630 Psalmista:
4330 3576 4590 3634 lntroibo

1147 3662 1314 3732 lium,
1347 3663 1502 3735 quod
1533 3661 1642 3718 soli
1671 3668 1998 3736 agnoscunt
2035 3663 2256 3731 ﬁdeles,
2290 3668 2430 3720 tunc
2477 3665 2796 3738 unicuique
2827 3649 2870 3716 C
2908 3664 2977 3718 ad
3005 3665 3179 3718 altare
3229 3663 3326 3718 Dei
3370 3664 3484 3718 mei
3526 3663 3695 3734 (Psal.
3746 3679 3882 3730 xui,
3930 3662 4002 3731 4).
4053 3662 4165 3718 Sed
4221 3667 4278 3718 et
4327 3665 4407 3720 de
4461 3683 4589 3738 quo

1145 3751 1270 3807 vita
1297 3755 1416 3819 est;
1451 3749 1501 3804 si
1527 3752 1682 3822 quod
1714 3751 1775 3806 in
1807 3757 2240 3808 sacramentum
2271 3752 2574 3808 visibiliter
2620 3755 2800 3810 sumi-

1149 3842 1248 3894 tur
1274 3839 1336 3894 in
1367 3839 1496 3910 ipsa
1523 3837 1762 3894 veritate
1784 3838 2168 3910 spiritualiter
2193 3841 2452 3910 bibatur;
2485 3841 2654 3897 aliter
2683 3860 2796 3898 non

1150 3925 1466 3982 satiaretur
1512 3941 1717 3994 mens;
1770 3925 1934 3982 aliter
1995 3945 2108 3983 non
2171 3934 2528 3985 recrearetur
2579 3931 2795 3999 anima,

1150 4014 1306 4070 sicut
1327 4014 1690 4086 Augustinus
1719 4014 1862 4070 dicit
1895 4034 1907 4072 :
1937 4016 2235 4073 «Omnino
2268 4035 2381 4074 non
2413 4018 2672 4085 satiaret,
2707 4037 2799 4074 me

1149 4101 1327 4172 Deus,
1357 4100 1472 4158 nisi
1502 4103 1862 4174 promitteret
1891 4121 1952 4160 se
2002 4105 2195 4176 ipsum
2227 4105 2430 4162 Deum.
2464 4129 2485 4156 ι
2523 4107 2668 4179 Ergo
2697 4108 2797 4164 ubi

1148 4193 1239 4246 est
1280 4190 1393 4246 ista
1441 4191 1775 4262 promissio,
1819 4194 2012 4258 Panis,
2063 4193 2273 4265 inquit,
2322 4211 2480 4267 quem
2525 4211 2619 4266 ego
2661 4196 2796 4252 dabo

1143 4295 1271 4336 caro
1315 4295 1438 4335 mea
1477 4288 1555 4336 est
1590 4296 1690 4352 pro
1743 4281 1940 4337 mundi
1985 4284 2138 4338 vita?
2186 4283 2360 4353 (Joa-a.
2410 4300 2486 4350 v1,
2535 4284 2648 4356 52.)
2683 4285 2795 4340 Sed

1144 4367 1303 4424 dices
1345 4368 1516 4440 panis
1561 4368 1676 4438 hic,
1714 4370 1816 4424 sed
1864 4387 1980 4426 non
2029 4370 2184 4426 Deus
2233 4372 2614 4443 promittitur.
2646 4374 2795 4446 Audi

1141 4454 1354 4512 iterum
1388 4471 1401 4510 :
1434 4457 1544 4526 Ego
1570 4474 1710 4525 sum,
1755 4458 1968 4530 inquit,
2015 4461 2171 4530 panis
2218 4461 2388 4527 vivus,
2427 4462 2526 4532 qui
2563 4461 2628 4516 de
2665 4464 2794 4518 arto

1139 4545 1390 4601 descendi
1417 4546 1580 4610 (Ibid.
1612 4547 1725 4615 51).
1771 4546 1949 4604 Vivus
1996 4551 2102 4614 est,
2153 4553 2210 4603 et
2254 4547 2410 4604 vivos
2459 4548 2612 4604 facit.
2646 4550 2791 4605 Nam

1138 4631 1346 4690 iterato
1375 4633 1460 4689 sic
1490 4633 1673 4690 habes
1709 4652 1721 4690 :
1753 4634 1816 4690 Si
1835 4637 1958 4707 quis
1983 4636 2393 4692 manducauerit
2411 4653 2480 4692 ea:
2508 4637 2605 4692 hoc
2626 4655 2789 4709 pane,

1137 4723 1280 4777 vivet
1311 4723 1371 4777 in
1400 4723 1980 4796 .zeternum(lbid.,52).
2001 4725 2228 4780 Audisti
2261 4725 2402 4796 quia
2429 4725 2546 4780 vita
2565 4727 2790 4782 est.Scd

1136 4825 1264 4882 quae
1293 4809 1456 4865 vita?
1485 4809 1604 4866 vita
1633 4811 2082 4885 distinguibilis,
2117 4811 2513 4883 diseretibilis,
2541 4814 2786 4882 distans,

1133 4899 1361 4962 Quare?
1387 4898 1526 4972 quia
1555 4901 1932 4974 perpes,quia
1960 4901 2342 4974 reterna,quia
2371 4900 2790 4974 salubris,quia

2909 3753 3146 3816 diceret,
3179 3751 3445 3823 adjunxit
3477 3769 3490 3806 :
3523 3751 3594 3806 ad
3627 3753 3794 3807 Deum
3823 3753 3921 3823 qui
3949 3752 4198 3822 lazliﬁcat
4220 3753 4590 3823 juventutem

2905 3857 3102 3897 meam.
3137 3841 3254 3896 Hoc
3285 3844 3342 3894 et
3388 3839 3541 3912 apud
3590 3839 3962 3895 Ambrosium
3993 3838 4166 3907 (libro
4193 3856 4247 3893 ιν
4270 3839 4341 3896 de
4369 3843 4588 3898 διιεῖ-αι

2905 3932 3124 3984 mentis.
3161 3946 3284 4000 cap.
3313 3930 3366 3999 2)
3404 3929 3666 3994 :«l‘orma,
3698 3928 3914 4000 inquit,
3950 3927 4212 4000 corporis
4244 3927 4444 3986 altare
4465 3937 4586 3998 est,

2907 4023 2964 4075 et
2994 4036 3206 4091 corpus
3237 4017 3446 4073 Christi
3479 4022 3567 4072 est
3597 4017 3656 4072 in
3689 4016 3913 4072 altari.»
3939 4017 4068 4090 Ipse
4088 4016 4246 4072 enim
4269 4023 4364 4075 est
4386 4037 4589 4078 sacer-

2907 4108 3012 4163 dos
3060 4107 3211 4163 sicut
3255 4106 3559 4178 Scriptura
3609 4105 3754 4161 dicit
3805 4123 3818 4161 :
3871 4105 4154 4162 Terribile
4204 4110 4318 4178 est,
4352 4096 4602 4182 inquit,“

2905 4195 3279 4251 immundum
3316 4193 3586 4250 accedere
3617 4193 3689 4249 ad
3721 4211 3808 4250 ea.
3841 4193 3950 4249 Ubi
3999 4194 4274 4250 sacerdos
4325 4202 4446 4266 est,
4483 4201 4590 4272 qui

2900 4291 3219 4356 potestatem
3246 4284 3404 4338 habet
3429 4299 3639 4354 corpus,
3667 4291 3716 4338 et
3747 4285 3994 4338 animam
4013 4283 4238 4355 perdere
4267 4285 4333 4338 in.
4360 4287 4590 4354 gehen-

2904 4390 3034 4428 nam
3093 4373 3298 4444 (Matth.
3354 4389 3408 4426 x.
3470 4374 3591 4439 28);
3651 4374 3709 4427 et
3765 4369 3910 4426 illud
3962 4371 4339 4427 Psalmistzs:
4389 4376 4468 4430 Tu
4531 4392 4589 4432 es

2902 4461 3144 4516 sacerdos
3191 4462 3252 4515 in
3297 4469 3568 4516 aeternum
3613 4460 3791 4528 (Psal.
3845 4476 3954 4526 cu,
3988 4461 4076 4530 li);
4110 4464 4167 4515 et
4197 4459 4446 4531 Paulus,
4485 4464 4590 4520 hic

2903 4555 3099 4606 autem
3131 4566 3197 4604 eo
3224 4549 3375 4620 quod
3414 4552 3644 4602 maneat
3693 4548 3748 4602 in
3801 4551 4082 4604 aiternum
4132 4549 4589 4620 sempiternum

2902 4638 3080 4694 habet
3111 4637 3523 4692 sacerdotium.
3548 4635 3710 4692 Unde
3766 4642 3821 4691 et
3871 4637 4068 4692 idem:
4109 4637 4314 4707 Talem,
4349 4637 4589 4713 inquit,

2901 4725 3158 4780 habemus
3185 4724 3532 4793 sacerdotem,
3562 4726 3659 4795 qui
3677 4724 3915 4779 consedit
3939 4724 4008 4779 ad
4028 4724 4314 4779 dexteram
4340 4731 4558 4799 magni
4565 4760 4590 4770 -

2902 4813 3111 4868 tudinis
3139 4815 3200 4867 in
3229 4813 3459 4868 excelsis
3488 4812 3670 4883 (Hebr.
3703 4829 3799 4877 vn,
3831 4812 3904 4880 1).
3940 4811 4012 4867 Ut
4039 4811 4198 4867 enim
4229 4815 4595 4873 ostenderet

2901 4918 2962 4957 se
2991 4917 3120 4956 esse
3151 4900 3503 4956 sacriﬁcium
3536 4917 3550 4954 :
3598 4900 3717 4955 ideo
3747 4900 4059 4972 ingrediens
4084 4900 4360 4956 mundum
4389 4903 4550 4960 dicit
4570 4924 4593 4960 :

1135 4987 1526 5058 corruptionis
1556 4989 1773 5056 nescia,
1805 4990 1946 5062 quia
1975 4990 2267 5046 felicitatis
2298 4989 2605 5062 plena.Per
2633 4992 2788 5062 quod
2825 5007 2872 5072 Β
2901 4991 3144 5046 Hostiam
3174 4997 3226 5044 et
3253 4988 3580 5044 oblationem
3608 4989 3864 5058 noluisti,
3894 5005 4088 5060 corpus
4128 4997 4319 5046 autem
4367 4997 4596 5064 optasti

1134 5078 1364 5142 aeterne,
1397 5091 1500 5147 per
1529 5077 1685 5148 quod
1711 5078 2048 5146 salubriter,
2079 5096 2181 5151 per
2210 5079 2366 5152 quod
2421 5079 2546 5134 sine
2596 5096 2791 5136 corru-

1135 5161 1359 5232 ptione,
1393 5179 1496 5235 per
1518 5165 1672 5236 quod
1699 5165 1940 5224 feliciter
1966 5167 2407 5224 vivitur.Nonne
2438 5168 2545 5222 hoc
2569 5168 2790 5240 optabi-

1133 5247 1267 5305 liter
1297 5252 2162 5322 amandum,amando,colendo
2189 5256 2544 5312 credendum
2571 5260 2694 5312 est?
2725 5257 2784 5312 In

1133 5335 1227 5392 his
1257 5336 1434 5393 etiam
1466 5355 1501 5395 a
1527 5343 1728 5397 nostra
1761 5342 2174 5398 ditfertActiva
2204 5346 2358 5400 enim
2406 5361 2507 5400 nec
2556 5361 2782 5416 perpes,

1131 5441 1239 5480 nec
1269 5424 2006 5497 colenda;exterminabilis
2036 5435 2124 5484 est
2154 5431 2488 5497 enim,sicut
2514 5432 2786 5504 Augusti-

1132 5529 1246 5568 nus
1277 5513 1417 5570 dicit
1451 5533 1465 5570 :
1495 5516 1651 5586 Vita',
1679 5515 1892 5587 inquit,
1927 5517 2041 5572 ista
2067 5533 2244 5588 vapor
2271 5524 2360 5574 est
2391 5521 2462 5574 ad
2485 5521 2780 5574 modicum

1129 5616 1441 5674 apparens,
1471 5604 1749 5674 deinceps
1781 5604 2294 5673 exterminabitur;
2329 5613 2384 5660 et
2420 5605 2558 5661 alibi
2606 5625 2619 5662 :
2652 5607 2783 5663 Vita

1126 5689 1404 5758 hominis,
1430 5696 1487 5746 et
1516 5691 1567 5746 si
1597 5690 1968 5763 longa,quasi
2001 5697 2168 5764 gutta
2198 5711 2314 5749 una
2339 5695 2409 5748 ad
2445 5695 2781 5752 universum

1126 5793 1308 5834 mare.
1343 5779 1486 5834 Item
1516 5777 1664 5849 ipse,
1688 5779 1800 5850 ipsi
1832 5779 1958 5836 dies
1989 5797 2104 5836 non
2135 5786 2315 5850 stant,
2341 5787 2405 5836 tu
2435 5801 2615 5854 quare
2645 5801 2780 5839 cum

1126 5866 1246 5920 illis
1275 5865 1362 5918 vis
1393 5865 1585 5921 stare?
1616 5866 1754 5938 quid
1789 5867 1894 5922 tibi
1927 5869 2172 5925 ulterius
2201 5870 2248 5925 si
2281 5872 2556 5938 contra,si
2589 5872 2780 5944 aliter,

1127 5953 1178 6008 si
1211 5969 1402 6016 secus,
1435 5953 1485 6006 si
1533 5971 1602 6009 ex
1649 5955 1886 6013 adverso
1935 5959 2291 6014 credideris"?
2321 5959 2595 6030 Nunquid
2623 5961 2778 6016 enim

1127 6054 1266 6095 vera
1296 6054 1411 6094 non
1442 6045 1598 6108 sunt,
1631 6060 1757 6115 qua:
1791 6063 1824 6101 a
1852 6048 2090 6104 veritate
2122 6048 2480 6119 procedunt;
2512 6052 2615 6104 aut
2654 6047 2783 6119 ipsa

2905 5079 3047 5134 mihi
3065 5095 3083 5132 :
3117 5086 3245 5132 tunc
3273 5077 3396 5132 dixi
3425 5093 3440 5130 :
3473 5077 3604 5132 Ecce
3631 5078 3808 5132 venio.
3837 5078 3897 5132 In
3929 5078 4106 5149 capite
4135 5077 4271 5132 libri
4296 5081 4594 5152 scriptum

2900 5174 2977 5222 est
3002 5166 3067 5222 de
3092 5181 3179 5222 me
3208 5173 3267 5220 ut
3289 5166 3518 5235 fecerem
3546 5165 3880 5220 voluntatem
3927 5173 4081 5220 tuam
4119 5165 4301 5237 (Hebr.
4333 5183 4396 5234 x,
4427 5170 4590 5238 5-7).

2898 5257 2964 5310 In
2995 5255 3125 5327 ipsa
3153 5253 3450 5308 voluntate
3485 5253 3638 5308 sicut
3667 5252 3980 5326 Apostolus
4010 5254 4190 5310 dicit:
4215 5259 4596 5329 Sanetiﬁcati

2895 5359 3082 5400 sumus
3107 5359 3206 5415 per
3233 5343 3558 5398 oblationem
3588 5344 3832 5414 corporis
3865 5342 4073 5398 Christi
4098 5344 4225 5400 Iesu
4256 5345 4592 5418 (Ibib.,10.)

2897 5433 3009 5489 Sed
3040 5437 3105 5487 ut
3135 5430 3280 5486 nihil
3312 5430 3582 5486 deﬁceret
3601 5431 3840 5486 omnino
3863 5431 4117 5487 venienti
4137 5431 4208 5488 ad
4229 5432 4588 5505 Christum,

2894 5520 3018 5592 ipse
3049 5525 3138 5575 est
3169 5518 3780 5586 tabernaculum,huic
3803 5518 3909 5574 soli
3935 5525 4231 5575 servatum
4258 5523 4592 5593 mysterio,

2895 5615 2958 5664 ut
2988 5608 3184 5664 omnia
3214 5611 3411 5662 essent
3437 5607 3545 5662 sub
3573 5606 3762 5678 gratia
3791 5623 3894 5679 per
3923 5606 4358 5680 plenitudinem
4382 5610 4592 5681 pieta-

2891 5697 3241 5754 tis.Necesse
3272 5697 3344 5750 de
3373 5699 3575 5750 cratere
3599 5696 3696 5767 qui
3723 5695 3974 5752 laniaret
4001 5695 4163 5752 aliud
4187 5697 4590 5772 pro[al.,per]

2893 5803 2954 5840 se
2979 5801 3156 5858 quam
3189 5785 3384 5856 ipsum
3417 5783 3476 5838 in
3509 5799 3624 5854 quo
3655 5783 3790 5838 finis
3823 5783 4247 5840 sacriﬁciorum
4277 5790 4404 5853 est;
4469 5806 4592 5860 per

2892 5892 3066 5945 quem
3091 5890 3204 5928 non
3239 5871 3428 5928 solum
3460 5889 3568 5928 nos
3601 5889 3968 5928 reservamur
3995 5873 4068 5929 ad
4113 5874 4320 5941 vitam,
4353 5891 4590 5935 verum

2891 5962 3064 6016 etiam
3098 5959 3296 6015 omnia
3325 5959 3424 6015 illa
3458 5977 3583 6030 qua:
3611 5959 3668 6013 in
3706 5959 4060 6015 sacriﬁcium
4092 5960 4590 6020 dabantur.Nul-

2889 6047 2962 6104 lis
2979 6050 3136 6104 enim
3153 6049 3278 6119 jam
3302 6047 3804 6121 synagoga,nullis
3822 6048 4054 6106 fumant
4071 6048 4229 6107 idola
4248 6047 4590 6121 carnibus,

2931 6619 3216 6632 ‘__.-—
