4986 6662
782 733 938 799 1333
1439 731 1909 796 HILINABDUS
1952 733 2296 795 LUGDUN.
2330 728 2671 792 EPISCOP.
2717 727 3037 789 NOTI'l‘IA
3081 724 3517 788 HISTORICA.
4020 720 4174 788 £335

779 866 946 943 plebs
999 867 1123 939 [al.,
1158 865 1291 939 ista]
1344 867 1605 940 ipsarum
1651 864 2041 932 victimarum,
2074 882 2206 922 cum
2254 863 2421 937 plebe
2449 863 2504 931 Α
2533 862 2688 935 quod
2718 861 3064 918 universitas
3085 877 3198 916 non
3223 860 3487 929 assentit,
3511 860 3668 933 quia,
3689 858 3838 915 sicut
3856 859 3913 914 in
3937 860 4175 915 Ambro—

782 957 947 1015 salva
975 960 1064 1011 est
1095 972 1108 1011 :
1141 956 1204 1011 In
1235 972 1350 1027 quo
1383 955 1541 1011 enim
1572 953 1821 1013 cessavit
1850 954 2068 1025 unctio,
2100 953 2346 1010 cessavit
2372 956 2430 1008 et
2538 951 2623 1008 sio
2640 950 3041 1023 1egimus,non
3065 948 3255 1005 solum
3274 948 3638 1021 singulorum
3663 947 4177 1021 [al.,angelorum],

777 1046 1040 1102 victima.
1072 1043 1269 1119 Caliga
1290 1043 1487 1116 igitur,
1517 1048 1573 1099 et
1589 1043 2018 1115 quodammodo
2040 1059 2226 1098 caecus
2257 1041 2431 1112 sis,ut
2535 1056 2753 1095 verum.
2781 1043 2838 1094 et
2886 1037 3281 1093 universitatis
3330 1038 3442 1092 ista
3488 1037 3767 1109 mysteria
3816 1041 3975 1104 sunt,
4005 1041 4061 1092 et
4108 1038 4179 1092 ob

778 1135 983 1190 videas
1013 1150 1189 1206 quem
1207 1116 1324 1188 non
1347 1132 1606 1199 videbas,
1627 1136 1685 1186 et
1710 1132 1860 1187 sicut
1882 1148 1982 1203 per
2012 1130 2227 1185 bonum
2255 1130 2431 1202 pudo-
2539 1129 2647 1184 hoc
2678 1144 2986 1184 commune
3017 1127 3230 1182 debent
3280 1126 3493 1182 habere
3531 1127 3826 1197 judicium
3858 1116 4180 1181 secundum

782 1239 910 1280 rem
938 1221 1102 1278 visus
1134 1221 1241 1277 tibi
1270 1221 1518 1277 exterior
1546 1220 1847 1293 premitur,
1877 1226 1940 1274 ut
1961 1237 2088 1291 quae
2118 1218 2288 1285 videt,
2315 1235 2429 1273 non
2539 1216 2852 1273 catholicos
2881 1221 2938 1272 et
2951 1214 3268 1271 'canonicos
3294 1232 3521 1283 sensus,
3544 1232 3692 1286 quos
3722 1220 3883 1270 extra
3914 1216 4038 1286 ipse
4059 1232 4184 1270 sen-

779 1312 1008 1379 videat;
1033 1312 1117 1366 sic
1141 1327 1241 1383 per
1261 1309 1361 1365 Dei
1392 1309 1658 1365 timorem
1689 1326 1933 1364 acumen
1967 1314 2077 1363 tuze
2107 1307 2432 1363 sublimita-
2540 1306 2618 1361 tis
2648 1305 2893 1377 ideoque
2925 1305 3210 1360 forensem
3241 1304 3399 1371 duxi,
3433 1320 3498 1359 eo
3542 1304 3696 1375 quod
3727 1308 3887 1359 extra
3917 1320 4182 1358 commu-

780 1402 860 1456 tis
892 1400 1147 1456 occultes
1170 1400 1241 1454 ab
1273 1402 1608 1455 occurrente
1635 1414 1847 1471 errore,
1870 1414 1943 1452 ne
1964 1396 2210 1453 forensis
2232 1412 2431 1468 aspec-
2541 1411 2645 1449 nes
2675 1393 2894 1459 oculos,
2927 1394 2997 1473 de
3027 1392 3365 1463 hujusmodi
3407 1392 3624 1460 videas,
3668 1392 3822 1447 sicut
3860 1409 4090 1447 mecum
4122 1392 4182 1446 in

780 1494 880 1545 tus
910 1506 1015 1560 per
1043 1487 1327 1543 exteriora
1357 1486 1614 1559 mysterii
1647 1485 1811 1541 fallat
1844 1490 2120 1551 mentem,
2154 1490 2213 1540 et
2241 1488 2431 1540 castos
2542 1488 2642 1538 tuo
2672 1482 2934 1538 discubio
2979 1481 3294 1537 contulisti.
3348 1481 3626 1553 Expertus
3674 1480 3898 1552 loquor,
3946 1480 4183 1536 audisse

777 1576 1119 1634 intellectus
1140 1593 1325 1649 prava:
1348 1574 1686 1631 intentionis
1705 1573 1961 1630 adulatio
1985 1572 2432 1644 [al.,adulterio]
2542 1570 2802 1645 contigit,
2836 1589 2970 1627 nam
3017 1588 3131 1627 non
3182 1571 3494 1626 crederem.
3526 1570 3765 1640 Abjecta
3811 1569 4056 1637 unitate,
4108 1570 4183 1625 de

779 1668 1168 1738 corrumpat:
1219 1682 1322 1720 nec
1379 1680 1701 1737 praesumas
1763 1661 2139 1736 singulariter
2195 1661 2430 1731 sentire,
2543 1664 2705 1733 parte
2735 1659 3045 1716 extolleris.
3670 1656 3673 1659 λ

790 1837 4181 1867 W

2196 2027 2348 2067 ANNO
2390 2027 2594 2066 DOMINI
2634 2026 2776 2065 MLII.

1863 2196 3122 2356 HALINARDUS

2018 2471 2511 2529 LUGDUNENSIS
2550 2470 2952 2528 EPISCOPUS.

2280 2623 2693 2633 ————_——

1684 2752 2029 2823 ΝΟΤΙΊΊΑ
2089 2750 2533 2822 HISTORICA
2585 2751 2669 2821 ΙΝ
2727 2750 3295 2822 HALINARDUM

1951 2899 2152 2969 (Gallia
2185 2900 2408 2966 Christ,
2444 2902 2585 2954 tom.
2623 2898 2714 2966 IV,
2747 2916 2879 2972 pag.
2912 2900 3025 2971 84.)

841 3083 1241 3147 Halinardus,
1263 3079 1361 3152 qui
1387 3082 1445 3135 et
1474 3076 1820 3133 Helmardus
1851 3081 1907 3133 et
1934 3077 2269 3145 Almardus,
2289 3048 2447 3133 nobi-
2474 3079 2522 3144 B
2552 3094 2668 3142 sar,
2718 3077 2977 3149 diploma
3008 3077 3294 3144 concedit,
3328 3078 3445 3134 imo
3475 3084 3532 3136 et
3579 3085 3929 3152 praeceptum
3959 3081 4192 3148 emittit,

754 3177 797 3233 li
842 3171 1353 3246 Burgundionum
1411 3184 1620 3239 genere
1666 3171 1827 3222 ortus
1876 3174 1983 3235 est,
2017 3171 2179 3239 patre
2227 3166 2441 3236 Lingo-

757 3264 980 3328 nensi,
1018 3264 1204 3316 matre
1252 3254 1555 3323 ZEduensi,
1604 3253 1813 3311 litteris
1867 3255 2128 3328 apprime
2177 3254 2443 3310 eruditus

752 3355 906 3419 fuit,
938 3353 1188 3407 curante
1209 3346 1268 3401 in
1302 3344 1510 3418 primis
1539 3343 1813 3400 Walterio
1844 3344 2119 3400 {Eduensi
2150 3344 2440 3414 episcopo,

754 3444 959 3515 cujus
997 3455 1028 3494 e
1057 3453 1223 3493 sacro
1256 3434 1414 3490 fonte
1462 3432 1619 3488 {ilius
1666 3437 1808 3487 erat.
1846 3434 2053 3488 Factus
2083 3431 2442 3497 adolescens,

751 3526 1054 3588 Brunoni
1106 3521 1564 3595 Lingonensium
1618 3520 1887 3592 episcopo
1919 3538 1953 3575 a
1983 3524 2145 3592 patre
2178 3519 2443 3585 traditus,

751 3619 820 3675 in
858 3613 1299 3674 canonicorum
1332 3613 1543 3665 coetum
1575 3612 1880 3680 coeptatur
1911 3626 1923 3663 :
1960 3609 2156 3680 ibique
2190 3607 2447 3680 philoso-

748 3710 927 3781 phos
966 3719 1043 3759 ac
1073 3698 1498 3757 ecclesiasticos
1527 3697 1679 3752 viros
1712 3697 1893 3753 sacris
1934 3696 2145 3753 studiis
2174 3697 2449 3769 praeposi-

749 3803 856 3855 tos
894 3791 1162 3855 audivit,
1187 3787 1520 3858 mirumque
1553 3787 1662 3840 sub
1694 3802 1893 3841 eorum
1926 3784 2237 3857 disciplina
2269 3786 2451 3856 profe-

747 3893 943 3943 ctum
979 3879 1141 3937 fecit.
1169 3877 1465 3948 Precipua
1487 3878 1681 3929 tamen
1704 3875 1773 3929 de
1797 3874 2058 3929 moribus
2084 3875 2135 3929 ei
2157 3890 2297 3929 cura
2322 3874 2448 3942 fuit,

747 3975 918 4031 adeo
952 3973 1035 4026 ut
1052 3968 1180 4039 jam
1202 3969 1328 4020 tum
1352 3962 1621 4019 monachi
1646 3962 1940 4035 specimen
1966 3962 2277 4029 exhiberet,
2298 3962 2451 4018 solli-

743 4065 930 4121 citus
958 4060 1271 4127 integrum
1295 4070 1357 4109 se
1377 4069 1444 4107 ac
1466 4051 1763 4107 sincerum
1796 4052 1870 4106 ab
1899 4050 2016 4106 illis
2042 4052 2200 4107 vitiis
2229 4067 2457 4107 servare

2551 3166 2650 3220 sed
2686 3166 2922 3235 frustra,
2944 3167 3154 3222 invicto
3182 3166 3376 3223 animo
3399 3171 3630 3223 tantum
3661 3186 3808 3224 onus
3834 3164 3945 3225 sibi
3975 3169 4195 3241 imponi

2552 3255 2848 3352 detrectat.
2884 3255 3141 3352 'l‘andyn
3186 3256 3254 3310 ad
3307 3273 3608 3352 summum
3639 3257 3973 3329 pontiﬁcem
4001 3258 4196 3330 perfu-

2553 3343 2721 3415 giunt
2752 3343 3193 3415 Lugdunerises,
3214 3360 3415 3399 eorum
3445 3343 3593 3399 votis
3626 3345 4033 3402 obsecundans
4065 3346 4196 3402 Gre-

2554 3431 2754 3505 gorius
2806 3432 2877 3486 VI
2911 3431 3071 3486 misit
3120 3432 3191 3487 ad
3248 3450 3403 3498 eum,
3459 3432 3799 3504 praecipiens
3855 3434 4199 3490 auctoritate

2555 3518 2870 3592 pontiﬁcali
2905 3524 2967 3574 ut
2996 3520 3255 3575 odediret
3286 3521 3553 3592 precibus
3584 3520 3721 3576 cleri
3752 3526 3811 3576 et
3861 3522 4080 3593 populi.
4112 3524 4199 3578 Ad

2556 3607 2671 3663 tale
2704 3608 3041 3663 mandatum
3074 3612 3330 3664 tremens
3360 3609 3536 3664 cessit
3564 3609 3651 3663 vir
3679 3608 4003 3681 piissimus,
4034 3610 4198 3666 dato-

2559 3713 2671 3767 que
2702 3713 2989 3752 consensu
3020 3697 3091 3751 ad
3122 3697 3344 3752 curiam
3377 3698 3603 3753 Henrici
3642 3699 3934 3771 profectus
3962 3702 4070 3766 est,
4104 3716 4197 3755 co-

2559 3783 2903 3840 mitantibus
2934 3786 3337 3857 episcoporum
3363 3786 4092 3859 sutl‘raganeorum'legatis
4117 3805 4203 3842 ar-

2562 3872 2919 3927 chidiaconis
2950 3890 3016 3928 ac
3051 3874 3458 3945 Lugdunensis
3489 3876 3742 3931 ecclesia:
3773 3874 4017 3944 clericis,
4038 3879 4101 3931 ut
4131 3877 4201 3931 ab

2564 3978 2629 4015 eo
2664 3959 2876 4033 regalia
2922 3962 3226 4032 acciperet.
3261 3963 3385 4017 Non
3435 3963 3627 4019 renuit
3654 3962 3864 4033 Caesar,
3898 3966 3999 4020 sed
4025 3964 4206 4035 jussit

2566 4054 2631 4104 ut
2659 4044 2821 4121 prius
2855 4049 2986 4104 ﬁdei
3017 4050 3127 4105 sibi
3158 4051 3363 4106 debita:
3410 4057 3841 4109 sacramentum
3885 4056 4201 4125 praestaret.

747 4152 1019 4225 quibus
1052 4143 1156 4199 illa
1184 4146 1325 4198 mtas
1358 4138 1743 4196 contaminari
1764 4138 1928 4207 solet,
1951 4140 2237 4195 bonorum
2259 4143 2459 4194 contu-
2568 4137 2629 4192 Id
2682 4154 2745 4192 se
2793 4138 3082 4193 facturum
3128 4139 3356 4210 negavit
3401 4140 3751 4197 Halinardus
3798 4144 3996 4200 dicens
4030 4162 4042 4198 :
4079 4167 4107 4193 ‹‹
4146 4141 4206 4199 Si

745 4238 1075 4298 bernium
1109 4230 1354 4296 ambire,
1380 4226 1672 4283 malorum
1702 4227 1903 4282 vitare.
1924 4228 2033 4283 Tot
2059 4243 2124 4283 ac
2154 4227 2332 4283 tantis
2363 4228 2463 4285 do-
2570 4226 2743 4299 Regis
2772 4225 2990 4292 aeterni,
3015 4231 3071 4280 et
3092 4227 3322 4297 regulae,
3347 4244 3521 4299 quam
3536 4230 3921 4300 jurejurando
3941 4232 4204 4302 promisi,

744 4330 942 4386 tibus
1009 4321 1369 4376 instructum
1420 4316 1767 4371 Lambertus
1814 4314 2125 4387 episcopus
2171 4315 2461 4371 Brunonis
2570 4318 2855 4386 praacepta
2882 4319 3434 4386 postposuero,quae
3457 4316 3601 4371 mihi
3624 4317 3767 4372 ﬁdes
3792 4318 3920 4384 erit,
3949 4318 4212 4391 utimpe—

743 4426 1133 4475 successor,
1152 4407 1224 4462 ad
1248 4403 1672 4462 ecclesiasticas
1694 4403 2009 4476 dignitates
2032 4402 2212 4459 voluit
2236 4420 2463 4475 promo—
2491 4436 2535 4497 α
2571 4403 2781 4458 ratoris
2823 4403 3225 4474 jur‘amentum
3271 4403 3562 4460 custodire
3610 4405 3848 4460 debeam
3870 4405 3898 4461 ‘I
3928 4406 4210 4462 Dominus

745 4521 950 4569 vere;
987 4503 1058 4555 at
1088 4495 1260 4568 longe
1290 4492 1406 4548 alia
1436 4509 1602 4548 mens
1634 4491 1712 4564 pii
1746 4490 2153 4561 adolescentis,
2175 4493 2461 4547 mundum
2492 4477 2535 4500 u
2574 4493 2730 4547 enim
2757 4492 2897 4546 dicit
2934 4491 2992 4546 in
3026 4491 3332 4563 Evangelio
3359 4509 3470 4548 non
3504 4494 3703 4565 jurare
3750 4497 3970 4551 omnino
3999 4496 4211 4567 (Matth.

747 4592 1066 4667 fugiens,
1088 4581 1481 4639 mouasticum
1504 4580 1770 4636 habitum
1794 4580 1854 4635 in
1881 4580 1939 4635 S.
1974 4579 2217 4653 Benigni
2239 4580 2464 4648 Divion,
2576 4598 2658 4649 ιιι,
2689 4582 2723 4635 3
2764 4580 2779 4651 )
2803 4599 2815 4646 ;
2839 4585 2897 4635 et
2917 4579 3115 4653 regula
3140 4580 3325 4635 Patris
3351 4581 3641 4637 Benedicti
3670 4582 3928 4655 praecipit
3957 4587 4215 4641 monacho

748 4674 1077 4740 coenobio
1123 4670 1335 4737 induit,
1370 4685 1592 4741 suaque
1641 4669 2074 4741 perseverantia
2118 4672 2388 4742 parentes
2412 4673 2470 4724 et
2579 4687 2693 4724 non
2716 4669 2936 4740 jurare,
2956 4673 3014 4724 et
3039 4686 3072 4722 a
3098 4668 3292 4723 smculi
3322 4670 3547 4726 actibus
3577 4688 3639 4726 se
3664 4672 3852 4729 facere
3882 4672 4158 4729 alienum;
4188 4696 4215 4723 ››

746 4770 1160 4846 episcopum
1192 4758 1287 4831 pio
1320 4774 1426 4814 suo
1473 4756 1771 4830 proposito
1815 4756 2141 4813 consentire
2171 4756 2373 4830 coegit.
2410 4758 2471 4813 In
2578 4758 2711 4822 Quae.
2744 4774 2835 4813 res
2883 4758 3229 4812 Teutonicos
3261 4757 3536 4828 praesules
3574 4776 3691 4815 non
3721 4777 3928 4832 parum
3960 4779 4216 4818 commo-

747 4844 831 4918 εξ)
871 4850 1213 4914 instituto,
1245 4846 1354 4902 sub
1387 4846 1595 4902 abbate
1624 4844 1923 4901 Willelmo
1956 4844 2261 4902 exsultavit
2294 4850 2359 4900 ut
2388 4845 2473 4917 gi-
2580 4847 2661 4901 vit
2709 4846 2861 4918 quod
2910 4846 2966 4900 id
3016 4851 3284 4917 praestare
3332 4852 3642 4915 recusaret,
3691 4850 3846 4921 quod
3904 4849 4016 4922 ipsi
4067 4849 4221 4906 ultro

750 4965 881 5025 gas
919 4941 1017 5001 ad
1077 4936 1427 4992 currendam
1474 4933 1845 5006 perfectionis
1897 4934 2071 5000 viam,
2105 4934 2258 4989 unde
2301 4933 2474 5005 paulo
2583 4935 2991 5005 praestiterant,
3024 4934 3083 4989 in
3116 4934 3224 4989 hoc
3270 4935 3447 5003 enim,
3480 4937 3528 4991 si
3572 4936 3944 4993 Menestrerio
3975 4938 4139 5005 ﬁdes,
4173 4939 4221 4993 si

750 5021 916 5112 post
948 5048 994 5087 a
1026 5023 1305 5099 piissimo
1336 5025 1498 5095 patre
1531 5023 1642 5112 sub
1674 5038 1735 5078 se
1761 5021 2099 5077 monasterii
2129 5023 2477 5093 praepositus
2584 5040 2645 5078 se
2678 5023 2838 5094 pium
2872 5022 2929 5076 in
2963 5021 3096 5077 aula
3120 5023 3401 5090 exhibuit,
3432 5029 3582 5080 certe
3612 5042 3717 5080 nec
3745 5027 3981 5081 doctum
4010 5025 4225 5082 theolo-

748 5109 1196 5185 fenmtiatus
1227 5114 1354 5180 est;
1388 5126 1454 5167 ac
1485 5110 1720 5167 tandem
1751 5114 1886 5183 post
1914 5109 2101 5182 ipsius
2129 5109 2354 5165 obitum
2384 5111 2480 5164 ab-
2585 5128 2746 5184 gum,
2801 5127 2905 5166 nec
2954 5112 3109 5181 juris
3156 5112 3418 5168 canonici
3467 5114 3739 5185 peritum,
3792 5120 4225 5172 sacramentum

747 5220 877 5274 bas
920 5201 1309 5265 instituitur.
2586 5203 2860 5271 prastare
2905 5216 3124 5271 negans
3174 5201 3325 5272 quod
3376 5200 3488 5274 legi
3518 5202 3617 5257 Dei
3650 5202 3794 5257 nihil
3825 5202 3999 5259 habet
4027 5204 4227 5259 adver-

839 5303 921 5360 Ῑη
980 5309 1074 5351 ea
1127 5288 1415 5361 dignitate
1467 5290 1690 5342 tantum
1738 5285 2109 5358 splendorem
2158 5286 2369 5341 virtute
2416 5302 2482 5341 ac
2588 5304 2743 5351 sum,
2776 5290 2971 5357 utpote
3016 5289 3171 5359 quod
3205 5306 3317 5344 non
3345 5290 3597 5362 exigitur
3626 5296 3913 5363 quantum
3946 5294 4015 5348 ad
4049 5292 4230 5348 eccle-

752 5383 1071 5453 scientia
1106 5376 1323 5445 emisit,
1359 5379 1424 5430 ut
1453 5376 1671 5431 famam
1702 5391 1872 5431 suam
1902 5373 2071 5447 longe
2104 5373 2333 5445 lateque
2360 5391 2484 5446 pro-
2592 5375 2827 5432 siastica
2857 5375 3079 5442 munia,
3100 5377 3199 5432 sed
3228 5379 3417 5449 quoad
3441 5378 3629 5434 civilia
3660 5381 3877 5453 quibus
3897 5381 4233 5437 cohonesta-

751 5478 1003 5540 terret.
1046 5464 1210 5523 Hinc
1242 5464 1596 5518 Francorum
1650 5462 1887 5535 regibus
1935 5462 2183 5517 Roberto
2233 5466 2289 5517 et
2336 5462 2484 5518 Hen-
2594 5466 2807 5520 bantur
2852 5464 3160 5520 antistites.
3198 5464 3314 5520 Rex
3360 5471 3553 5522 tamen
3601 5468 3729 5538 ejus
3764 5469 4148 5526 constantiam
4178 5473 4236 5524 et

757 5573 906 5630 rica
969 5551 1453 5623 acceptissimus
1500 5552 1629 5615 fuit.
1663 5551 1808 5606 Hinc
1860 5550 2104 5605 Henrico
2141 5551 2237 5619 III,
2270 5568 2488 5624 eogno-
2595 5553 2868 5626 pietatem
2926 5551 3270 5620 admiratus,
3329 5559 3385 5608 et
3440 5554 3859 5612 nonnullorum
3917 5556 4231 5631 praesulum

756 5657 1009 5718 mento
1051 5639 1266 5711 Nigro,
1296 5639 1630 5711 episcopatu
1678 5638 2053 5711 Lugdunensi
2085 5638 2299 5710 dignus
2329 5640 2490 5695 visus
2594 5641 2864 5713 precibus
2896 5646 3243 5706 commotus,
3276 5641 3458 5697 dixit:
3488 5665 3514 5692 «
3548 5643 3798 5700 Suadete
3828 5644 4014 5709 illum,
4036 5643 4082 5697 si
4116 5659 4232 5696 non

751 5755 864 5808 est
883 5745 1052 5817 jam
1087 5743 1251 5817 anno
1275 5728 1630 5817 1041,7quem
1652 5727 1799 5817 utin
1826 5724 2090 5817 Odolrico
2111 5726 2192 5780 ibi
2212 5727 2488 5796 vidimus,
2523 5796 2564 5817 ἢ
2596 5728 2720 5784 vult
2765 5734 3196 5800 sacramentum
3259 5731 3459 5797 facere,
3505 5729 3585 5784 ita
3617 5747 3693 5801 se
3740 5736 3891 5803 agat,
3932 5735 3994 5784 ut
4037 5728 4230 5780 videa-

752 5796 942 5898 riii'r;
980 5813 1354 5881 humilitate
1384 5796 1606 5888 effugit.
1641 5816 1754 5871 Sed
1784 5831 1850 5870 eo
1881 5815 2171 5880 defuncto,
2206 5830 2325 5868 una
2354 5814 2491 5871 eleri
2520 5796 2567 5861 Π
2598 5821 2695 5871 tur
2745 5796 2987 5883 fecisse,
3020 5834 3090 5872 ne
3140 5833 3267 5871 mos
3319 5796 3515 5888 patriae
3576 5796 3807 5872 nostra;
3842 5814 4162 5872 annuletur.
4197 5830 4223 5859 η

750 5936 821 5989 ει
838 5905 1100 6000 populi
1118 5918 1263 5957 voce
1280 5902 2060 5974 postulatur,mittuntur,ad
2078 5900 2489 5971 imperatorem
2601 5903 2918 5974 Respondit
2946 5907 3033 5957 vir
3062 5903 3320 5959 sincerus
3357 5921 3369 5957 :
3408 5904 3756 5957 Tantumdcm
3800 5906 3852 5955 ,ςί
3883 5898 4221 5955 simulatum,

1250 5989 1263 6000 ι
1334 5992 1345 6000 .
1813 5991 1839 6000 ,-
1927 5991 1959 6000 ..
2050 5993 2059 6000 .
2302 5989 2335 6000 ι.
2377 5990 2411 6000 η
2729 5994 2738 6000 .
2777 5991 2796 6000 Α
2923 5992 2932 6000 .
3104 5992 3114 6000 .
3167 5993 3176 6000 .
3236 5990 3248 6000 ι
3565 5986 3608 6000 vv
3674 5989 3689 6000 ι
3916 5989 3926 6000 ι
3974 5981 4132 6000 “AIA...
4174 5978 4218 6000 Αἰ

748 5978 1110 6079 aratores,
1164 5989 1267 6062 qui
1297 5992 1423 6064 ejus
1454 6008 1761 6050 assensum
1807 5991 2103 6062 ﬂagitent;
2137 5989 2344 6044 annuit
2372 5990 2489 6046 Cae-
2599 5994 2738 6066 ac_si
2762 5991 2985 6060 fecerim
3013 6009 3025 6058 ;
3058 5992 3195 6046 absit
3228 5990 3324 6045 hoc
3352 6007 3385 6043 a
3430 6004 3529 6043 me.
3565 5986 3727 6041 Unde
3773 6003 3869 6040 rex
3913 5981 4136 6037 tandem
4170 5978 4220 6029 ei
