4986 6460
1098 515 1254 594 133‘s

2248 530 2673 594 HALINARDI
2718 527 2869 590 LUG
2881 527 3036 590 DUN
3047 572 3063 589 .
3111 527 3353 591 EPISC.

4346 523 4487 590 {336

1091 665 1501 738 juramentum
1523 663 1768 739 remisit,
1782 665 1952 724 verbo
1969 668 2025 723 et
2041 664 2345 739 promissis
2365 665 2494 736 ejus
2518 667 2750 720 conten-
2777 660 2832 728 Α
2861 661 3108 717 duinum
3140 661 3478 734 episcopum
3517 661 3576 719 in
3627 661 3937 736 praesentia
3982 678 4146 738 papa;
4193 661 4485 719 ordinavit.

1102 757 1222 824 tus,
1247 770 1314 810 ac
1332 752 1395 809 in
1425 771 1533 810 sua
1553 754 1858 828 praesentia
1878 755 2012 810 fecit
2033 753 2198 810 illum
2229 753 2508 820 ordinari,
2531 753 2676 807 dans
2697 750 2747 804 ei
2856 753 3021 806 Anno
3053 752 3208 818 1051,
3227 768 3528 823 egressum
3561 753 3703 808 urbe
3734 753 3982 808 Leonem
4015 753 4346 821 comitatus,
4367 767 4489 808 cum

1106 859 1473 916 quaecunque
1498 844 1728 900 fuerunt
1760 843 2102 900 sacerdotali
2136 842 2520 898 benedictioni
2552 857 2748 896 neces-

999 947 1020 965 ο
1108 931 1612 988 saria.0rdinatus
1634 948 1802 1004 porro
1829 935 1918 988 est
1941 932 2012 986 ab
2041 933 2279 1004 Hugone
2299 927 2751 986 Vesuntionensi

1107 1019 1380 1094 episcopo
1427 1020 1579 1092 apud
1631 1019 1990 1086 Herbestein,
2037 1037 2190 1075 anno
2239 1019 2310 1075 ab
2353 1019 2752 1074 incarnatione

1109 1108 1343 1166 Domini
1374 1108 1529 1164 1046.

1179 1198 1389 1254 Factus
1443 1195 1744 1278 apostolici
1803 1214 2044 1270 compos
2099 1202 2156 1252 et
2213 1213 2452 1269 compar
2513 1195 2752 1252 honoris

1109 1285 1274 1342 duxit
1301 1284 1682 1358 apostolicam
1730 1285 1896 1343 factis
1945 1292 2002 1342 et
2054 1287 2288 1342 nomine
2330 1286 2534 1352 vitam,
2570 1285 2760 1357 inquit

1107 1374 1678 1448 San-Benignianum
1707 1375 2053 1432 Chronicon.
2079 1375 2294 1432 Eadem
2325 1375 2511 1430 virtus
2541 1375 2757 1430 mansit

1110 1462 1483 1532 humilitatis,
1500 1480 1674 1536 opere
1695 1464 2083 1538 multiplicato
2115 1463 2436 1531 charitatis,
2456 1463 2758 1519 omnibus-

1113 1568 1225 1624 que
1255 1551 1446 1624 quoad
1473 1550 1616 1608 vixit
1664 1553 1837 1608 verbo
1889 1553 2155 1626 praeluxit
2183 1558 2239 1608 et
2279 1553 2540 1626 exemplo
2571 1569 2761 1624 quan-

1115 1657 1294 1712 quam
1344 1639 1714 1696 Divionensis
1761 1641 2103 1697 monasterii
2153 1641 2433 1714 regimen,
2469 1658 2570 1713 pro
2603 1657 2762 1696 more

1115 1727 1352 1785 illorum
1383 1731 1735 1801 temporum,
1765 1731 1836 1785 ad
1859 1730 2083 1786 obitum
2107 1747 2294 1794 usque
2326 1729 2602 1798 retinuit;
2627 1734 2682 1785 et
2703 1730 2761 1784 in

1116 1817 1455 1890 episcopatu
1514 1834 1620 1873 suo
1671 1817 1763 1874 vix
1820 1824 2214 1875 commoratus
2268 1819 2460 1886 fuerit,
2503 1818 2614 1874 alio
2659 1836 2763 1890 pro

1115 1905 1292 1962 variis
1343 1905 1608 1962 Ecclesia:
1659 1907 1909 1981 negotiis
1939 1912 2198 1963 vocatus.
2231 1907 2424 1963 Primo
2455 1925 2572 1962 suae
2611 1907 2764 1963 ordi-

2859 840 2958 896 illo
3006 841 3418 910 Beneventum,
3468 842 3748 914 Capuam,
3799 841 4104 898 Salernum
4155 839 4376 908 invisit,
4429 841 4492 897 ad

2862 929 2967 984 hoc
2999 935 3360 1001 assumptus,
3392 935 3474 997 ut,
3508 931 3647 1002 quia
3691 934 4018 1004 praepotens
4049 934 4174 987 erat
4205 930 4264 986 in
4294 929 4490 998 verbis,

2862 1023 2919 1073 et
2950 1019 3020 1074 ad
3055 1019 3421 1074 suadendum
3462 1019 3765 1092 quodlibet
3812 1019 4016 1092 lingua
4047 1018 4390 1088 sufficiebat,
4419 1017 4496 1075 le-

2865 1112 3034 1179 gatus
3077 1113 3133 1162 et
3164 1107 3449 1164 mediator
3479 1107 3640 1180 pacis
3671 1107 3824 1164 inter
3852 1109 4245 1166 Nortmannos
4279 1107 4495 1164 illorum

2866 1196 3130 1269 partibus
3151 1196 3509 1263 dominos,et
3530 1197 3724 1269 ipsum
3747 1197 4036 1254 existeret.
4059 1199 4224 1254 Anno
4252 1195 4500 1270 sequenti

2868 1285 3050 1340 Roma
3072 1285 3375 1340 discedens
3400 1286 3510 1341 Leo
3533 1285 3592 1340 in
3616 1285 3973 1359 Hungariam
3996 1287 4382 1359 profecturus,
4395 1283 4502 1341 illic

2869 1373 3247 1430 Halinardum
3300 1374 3533 1447 reliquit
3583 1374 3643 1431 in
3680 1375 4034 1432 monasterio
4062 1375 4121 1431 S.
4156 1373 4411 1449 Gregorii
4437 1373 4501 1430 ad

2869 1463 3082 1518 clivum
3112 1463 3334 1530 Scauri,
3374 1463 3528 1536 quod
3559 1463 3610 1519 ei
3643 1463 3900 1536 pontifex
3927 1463 4002 1520 ad
4033 1464 4389 1521 monendum
4416 1479 4501 1520 as-

2871 1551 3212 1624 signaverat.
3239 1556 3388 1609 Dum
3407 1569 3540 1608 vero
3571 1551 3688 1608 illic
3711 1556 4038 1609 moraretur
4057 1553 4117 1610 S.
4142 1553 4408 1621 antistes,
4423 1551 4507 1608 die

2872 1641 3126 1713 quadam
3155 1640 3566 1707 discumbenti,
3597 1658 3631 1697 a
3672 1641 3822 1698 falso
3849 1640 4036 1698 amico
4080 1642 4260 1715 piscis
4291 1640 4506 1698 oblatus

2871 1734 2957 1786 est
2987 1746 3204 1785 veneno
3234 1730 3502 1798 infectus,
3535 1747 3604 1785 ex
3647 1746 3762 1802 quo
3815 1731 3941 1803 ipse
3988 1735 4046 1787 et
4084 1731 4200 1786 duo
4253 1728 4508 1787 monachi

2875 1818 3031 1874 illius
3052 1819 3186 1887 loci,
3202 1819 3508 1891 czeterique
3530 1819 3630 1890 qui
3655 1819 4054 1885 comederunt,
4073 1819 4231 1876 intra
4253 1824 4378 1876 octo
4399 1819 4510 1874 dies

2875 1908 3160 1962 interiere.
3187 1908 3348 1992 Obiit
3369 1912 3424 1962 S.
3455 1907 3668 1980 praesul
3695 1925 3751 1963 Iv
3773 1907 4067 1965 Kalendas
4096 1910 4350 1981 Augusti
4374 1923 4511 1964 anno

1120 1993 1376 2050 nationis
1397 2010 1550 2050 anno
1571 1993 1982 2068 imperatorem
2007 1997 2252 2051 Romam
2285 1996 2764 2067 proficiscentem,
2797 2031 2844 2096 Β
2875 1997 3030 2061 1052,
3059 1995 3426 2068 pontiﬁcatus
3449 2014 3602 2052 anno
3627 1997 4034 2070 vu,regiminis
4067 1997 4406 2054 monasterii
4427 2001 4512 2052 Bec

1119 2099 1252 2138 cum
1279 2082 1515 2154 [lugone
1537 2081 1868 2139 ordinatore
1890 2099 1995 2137 suo
2023 2086 2278 2149 secutus,
2299 2083 2555 2155 Gregorii
2581 2083 2654 2138 VI
2677 2085 2769 2138 de-

1121 2168 1415 2244 positioni,
1448 2173 1506 2226 et
1530 2169 1846 2226 Clementis
1877 2170 1926 2226 II
1954 2171 2302 2242 promotioni
2338 2171 2616 2227 interfuit.
2652 2173 2768 2228 Hoc

1125 2257 1420 2322 defuncto,
1469 2259 1713 2314 Romani
1770 2259 2068 2331 petierunt
2123 2277 2256 2315 eum
2317 2259 2769 2332 (Halinardum),

1121 2347 1196 2402 ab
1253 2345 1600 2418 imperatore
1656 2346 1716 2402 in
1775 2347 2102 2403 Romanum
2161 2349 2519 2420 pontiﬁcem,
2581 2349 2773 2421 inquit

1123 2435 1390 2492 Chronic.
1425 2435 1816 2509 San-Benign.
1855 2456 1882 2489 α
1912 2437 2078 2491 Anno
2128 2439 2284 2502 1048,
2317 2437 2509 2509 inquit
2545 2438 2770 2493 Alberi-

1125 2541 1250 2585 cus.
1281 2540 1419 2580 cum
1449 2525 1522 2580 de
1567 2524 1784 2580 summi
1817 2525 2107 2596 pontiﬁcis
2137 2525 2416 2581 electione
2467 2526 2618 2580 inter
2662 2526 2771 2580 im-

1126 2616 1451 2684 peratorem
1495 2616 1552 2669 et
1581 2612 1874 2668 Romanos
1905 2617 2191 2684 ageretur,
2225 2613 2553 2686 postulatus
2583 2619 2671 2670 est
2701 2617 2772 2671 ab

1127 2718 1247 2758 una
1274 2706 1438 2774 parte
1467 2701 1526 2757 in
1557 2705 1774 2773 papatu
1803 2701 2153 2758 Halinardus
2192 2704 2458 2776 Lugdun.
2492 2705 2773 2778 archiepi-

1129 2806 1289 2862 scop.
1319 2789 1650 2862 Diligebant
1698 2790 1854 2846 enim
1899 2807 2030 2846 eum
2071 2792 2233 2848 valde
2267 2793 2509 2848 Romani
2542 2799 2776 2866 prOptcr

1131 2877 1467 2934 facundiam
1499 2878 1615 2934 oris
1655 2877 1746 2934 sui
1793 2882 1850 2934 et
1897 2879 2294 2936 affabilitatem
2340 2882 2666 2950 sermonis;
2697 2883 2778 2937 ita

1129 2966 1287 3022 enim
1323 2967 1648 3040 proferebat
1679 2967 2050 3024 vernaculum
2074 2987 2282 3026 sonum
2306 2969 2548 3042 loquela:
2579 2972 2778 3028 unius-

1131 3056 1420 3128 cujusque
1447 3055 1660 3127 gentis,
1690 3073 1997 3129 quousque
2029 3057 2232 3114 Latina
2261 3064 2526 3130 penetrat
2553 3059 2776 3133 lingua,

1133 3159 1201 3200 ac
1231 3143 1280 3199 si
1312 3143 1514 3200 eadem
1547 3145 1733 3216 patria
1763 3149 1918 3202 esset
1946 3145 2388 3218 primogenilus.
2411 3149 2522 3202 Sed
2547 3148 2781 3222 cognita

1128 3231 1426 3288 voluntate
1453 3231 1734 3306 principis
1763 3237 1821 3289 et
1850 3233 2073 3306 populi,
2099 3235 2187 3290 vir
2203 3234 2572 3292 humillimus
2602 3237 2780 3293 dissi-

1132 3319 1376 3377 mulavit
1421 3319 1504 3377 ire
1545 3321 1618 3376 ad
1669 3321 1916 3388 curiam,
1948 3323 2132 3378 donec
2172 3324 2437 3380 tardante
2466 3341 2532 3380 eo
2563 3325 2781 3382 electus

2877 2086 3136 2156 nigniani
3162 2103 3251 2140 xx.
3275 2091 3450 2142 Suam
3485 2087 3541 2141 in
3575 2086 3849 2158 praedicto
3874 2087 3933 2143 S.
3958 2087 4221 2160 Gregorii
4250 2089 4518 2144 monaste-

2879 2175 2962 2228 rio
2985 2174 3345 2246 sepulturam
3363 2174 3644 2247 elegerat;
3666 2181 3730 2230 ut
3753 2175 3975 2232 nobiles
3999 2176 4249 2232 Romani
4267 2177 4394 2249 ejus
4409 2191 4516 2231 cor-

2879 2280 2989 2334 pus
3021 2263 3091 2318 ad
3123 2263 3180 2318 S.
3217 2263 3373 2318 Pauli
3406 2263 3708 2318 basilicam
3742 2263 3953 2320 deferri
3987 2270 4294 2334 curarunt,
4329 2264 4425 2322 ubi
4451 2261 4515 2320 ad

2878 2351 2945 2405 li!)
2955 2369 3081 2406 vam
3100 2351 3352 2406 ecclesia'
3373 2352 3734 2423 partem,sub
3751 2368 3888 2408 arcu
3905 2369 4081 2424 super
4094 2355 4226 2425 ejus
4239 2351 4516 2410 tumulum

2879 2444 3067 2494 erecto
3090 2439 3402 2494 honoriﬁce
3423 2439 3724 2494 conditum
3749 2445 3855 2495 est.
3876 2441 4115 2496 Sacram
4138 2457 4377 2498 omnem
4399 2456 4518 2512 sup-

2883 2527 3247 2599 pellectilem,
3268 2544 3384 2598 qua
3405 2528 3476 2582 ad
3507 2527 3704 2584 divina
3729 2528 4053 2585 ministeria
4082 2530 4380 2597 utebatur,
4397 2544 4517 2585 eum

2879 2617 3034 2670 vasis
3065 2617 3373 2686 argenteis,
3410 2621 3466 2672 et
3495 2617 3621 2672 auri
3664 2633 3900 2673 summa
3929 2634 4046 2673 non
4076 2619 4314 2676 modica
4342 2623 4518 2675 trans-

2884 2705 3040 2760 misit
3075 2705 3372 2760 Divionem
3401 2705 3472 2760 ud
3497 2723 3670 2761 suum
3696 2707 4321 2780 monasterium,quod
4345 2707 4525 2762 vivens
4587 2695 4594 2700 ’

2882 2793 3087 2849 multis
3127 2794 3508 2859 ornamentis,
3542 2793 3709 2850 libris
3747 2799 3804 2850 et
3843 2794 4104 2850 aedificiis
4135 2796 4518 2853 decoraverat.

2954 2883 3212 2937 Habetur
3269 2882 3325 2936 in
3385 2882 3740 2938 chartulario
3787 2884 4178 2940 Athanacensi
4242 2883 4526 2942 Halinardi

2884 2970 3362 3038 instrumentum,
3385 2971 3538 3043 quod
3562 2972 3691 3043 ejus
3713 2976 4131 3028 testamentum
4157 2973 4392 3032 censeri
4413 2989 4529 3050 pos-

2886 3064 2993 3116 set.
3029 3060 3239 3116 Datum
3271 3063 3360 3115 est
3391 3059 3646 3115 dominis
3695 3061 4188 3132 Lugdunensibus
4221 3059 4526 3121 canonicis.

2889 3150 2950 3206 In
2986 3166 3052 3204 eo
3084 3153 3249 3220 rogat
3277 3149 3463 3221 primo
3495 3155 3558 3205 ut
3592 3149 3934 3223 indulgeant
3963 3141 4258 3224 quidquid
4293 3151 4352 3208 in
4399 3147 4530 3226 ipsis

2888 3238 3252 3311 negligentiae
3301 3238 3605 3293 contraxit.
3640 3239 3975 3295 Obtestatus
4024 3243 4115 3296 est
4163 3256 4259 3309 se,
4290 3241 4343 3296 si
4391 3237 4530 3296 Deus

2888 3326 3066 3382 vitam
3099 3326 3640 3399 produxerit,omne
3663 3327 3926 3383 studium
3959 3327 4228 3400 ipsorum
4263 3323 4528 3404 profectui

1131 3413 1222 3466 est
1267 3409 1462 3466 Bruno
1505 3407 1801 3466 Tullcnsis
1845 3409 2176 3482 episcopus,
2212 3411 2322 3466 Lco
2352 3412 2423 3468 IX
2453 3413 2779 3485 appellatus
2809 3397 2851 3464 ί]
2889 3397 3184 3471 daturum.
3217 3420 3277 3470 2°
3305 3415 3385 3470 De
3413 3415 3821 3472 substituendo
3863 3397 4378 3490 sibi—pastore-dat
4403 3432 4531 3474 con-

1131 3513 1285 3553 anno
1312 3497 1470 3552 1049.
1489 3518 1518 3548 ››
1541 3498 1626 3552 Ab
1650 3512 1716 3552 eo
1747 3498 1971 3554 Roman
2003 3501 2273 3554 evocatus
2303 3499 2656 3558 Halinardus
2678 3503 2778 3557 ad-

1133 3585 1246 3640 fuit
1273 3583 1518 3640 concilio
1565 3588 1770 3640 contra
1815 3585 2198 3642 Simoniacos.
2249 3586 2364 3644 Hoc
2394 3590 2595 3645 eodem
2626 3607 2779 3647 anno

1134 3689 1350 3744 papam
1380 3672 1594 3728 Remos
1633 3672 1946 3729 comitatus
1977 3679 2082 3743 est,
2128 3692 2193 3730 ac
2241 3675 2506 3734 interfuit
2536 3678 2779 3735 concilio

1135 3761 1196 3816 in
1227 3758 1470 3816 basilica
1495 3765 1552 3816 Β.
1586 3760 1832 3834 Remigii
1860 3762 2078 3832 habito,
2097 3763 2158 3818 in
2181 3781 2294 3837 quo
2315 3783 2350 3821 a
2375 3765 2627 3823 simonia
2650 3768 2783 3824 alie-

1140 3865 1274 3916 nus,
1301 3849 1443 3905 tanti
1469 3849 1731 3908 criminis
1757 3868 1883 3908 reos
1913 3869 2018 3908 suo
2040 3853 2316 3926 suffragio
2349 3856 2664 3912 damnavit.
2700 3858 2780 3914 De

1137 3937 1343 3994 Leonis
1374 3939 1616 3995 Romam
1650 3942 1986 3997 revertentis
2016 3943 2295 3998 comitatu
2326 3942 2536 4000 iterum
2560 3945 2686 4016 fuit,
2712 3963 2778 4002 ac

1135 4029 1262 4099 ejus
1291 4027 1552 4102 diploma
1580 4029 1638 4084 in
1671 4030 1919 4104 gratiam
1948 4031 2182 4088 Milonis
2213 4031 2517 4088 Dervensis
2548 4035 2778 4091 abbatis

1132 4133 1242 4172 sua
1259 4117 1686 4190 subscriptione
1703 4119 1976 4174 ﬁrmavit.
1997 4119 2352 4176 Memoratur
2367 4125 2422 4177 et
2438 4122 2496 4176 in
2514 4123 2563 4195 ej
2575 4123 2776 4180 usdem

1131 4205 1429 4278 privilegio
1459 4207 1812 4264 monasterio
1843 4208 1902 4264 S.
1951 4207 2212 4265 Mauricii
2245 4211 2610 4282 Agaunensis
2641 4229 2776 4268 con-

1131 4309 1296 4350 cesso
1324 4295 1528 4350 eodem
1559 4312 1731 4350 anno.
1765 4295 2027 4352 Romano
2058 4297 2302 4354 concilio
2335 4316 2486 4356 anno
2519 4301 2658 4356 1050
2690 4301 2776 4357 in-

1129 4382 1352 4450 terfuit,
1383 4383 1444 4438 in
1469 4399 1582 4456 quo
1613 4384 1672 4441 S.
1701 4383 1986 4442 Geraldus
2014 4385 2074 4440 in
2100 4391 2434 4444 sanctorum
2466 4406 2776 4446 numerum

1135 4475 1440 4544 cooptatus
1484 4477 1592 4539 est,
1638 4477 1696 4528 et
1747 4473 2175 4548 Berengariana
2213 4473 2448 4532 hzeresis
2477 4478 2774 4536 damnata.

1135 4559 1257 4616 Sub
1289 4564 1574 4616 autumno
1603 4561 2067 4634 proﬁciscentem
2099 4564 2158 4619 in
2197 4564 2414 4622 Gallias
2444 4567 2777 4638 pontificem

2887 3504 3108 3577 silium,
3140 3507 3312 3576 atque
3347 3504 3404 3559 in
3437 3503 3644 3576 primis
3674 3505 3901 3575 suadet,
3936 3522 4028 3572 ne,
4062 3505 4222 3563 sicut
4261 3507 4529 3563 hactenus

2888 3593 3168 3660 fecerunt,
3192 3592 3300 3648 hac
3321 3593 3391 3648 de
3413 3610 3592 3648 causa
3617 3592 3844 3650 diversa
3872 3596 3931 3649 et
3958 3598 4166 3650 caetera
4200 3593 4335 3652 loca
4365 3593 4529 3667 perlu-

2889 3686 3092 3746 strent,
3113 3682 3212 3736 sed
3245 3681 3566 3753 praemissis
3594 3681 3864 3754 precibus
3886 3685 4062 3755 atque
4083 3682 4343 3754 jejuniis
4363 3683 4530 3740 Deum

2888 3771 3212 3837 obsecrent,
3237 3776 3300 3825 ut
3329 3787 3398 3826 ex
3420 3770 3562 3842 ipsis
3593 3787 3654 3826 se
3685 3770 3928 3844 dignum
3957 3771 4294 3843 praeficiam.
4316 3769 4532 3831 antisti~

2887 3862 3026 3915 tem.
3061 3859 3204 3914 Huic
3235 3876 3404 3932 porro
3449 3859 3638 3914 ofﬁcio
3688 3860 4013 3915 secundum
4045 3859 4237 3932 hujus
4266 3855 4532 3934 temporis

2887 3946 3224 4019 qualitatem
3258 3948 3532 4003 idoneum
3561 3947 3674 4003 sibi
3700 3937 3881 4003 videri
3905 3947 4036 4004 Um.
4061 3948 4534 4024 praepositum.3°

2886 4035 3156 4091 Pontium
3186 4035 3584 4092 Senescallum
3608 4036 3878 4092 obsecrat
3900 4039 3960 4091 ut
3985 4036 4288 4096 bonorum
4307 4050 4532 4110 suam

2885 4129 3110 4196 partem
3139 4123 3530 4180 Athanacensi
3558 4124 3912 4181 monasterio
3941 4123 4190 4182 tribuat.
4213 4127 4356 4184 Sum
4380 4125 4532 4196 enim,

2888 4213 3100 4286 inquit,
3136 4214 3248 4268 illis
3278 4215 3514 4268 multum
3541 4213 3766 4270 debitor.
3800 4213 4017 4270 Locum
4066 4213 4126 4270 in
4157 4215 4340 4274 fastis
4369 4214 4532 4273 sacris

2887 4303 3147 4358 nondum
3180 4302 3419 4371 invenit,
3451 4302 3550 4358 sed
3588 4303 3929 4359 Venerabili:
3971 4302 4143 4359 titulo
4199 4306 4456 4364 donatur
4483 4303 4534 4358 in

2885 4390 3209 4464 Menologio
3241 4391 3614 4447 Benedictino
3634 4389 3727 4448 die
3756 4389 3826 4446 29
3849 4389 4195 4454 Julii._Eum
4231 4395 4386 4452 inter
4402 4409 4532 4467 prae-

2887 4481 3190 4536 termissos
3223 4485 3550 4537 memorant
3569 4479 3934 4538 Bollandiani
3965 4482 4038 4538 ad
4064 4483 4228 4541 diem
4265 4487 4338 4542 26
4364 4479 4531 4558 April.

2888 4569 2950 4626 In
2981 4569 3319 4643 Necrologio
3341 4569 3536 4626 Sancti
3560 4569 3802 4644 Benigni
3822 4569 4048 4627 Divion.
4068 4571 4197 4629 haec
4221 4573 4531 4631 habentur:

1137 4652 1482 4720 prosecutus
1527 4654 1652 4719 est;
1686 4667 1752 4706 ac
1793 4650 1949 4706 Tulli
2013 4652 2334 4708 Leucorum
2381 4653 2683 4711 elevationi
2716 4659 2772 4713 S.
2811 4661 2855 4726 D
2886 4681 2914 4709 ‹‹
2949 4658 3042 4713 1V.
3095 4657 3219 4714 Kal.
3267 4659 3516 4732 Augusti
3564 4658 3868 4732 depositio.
3903 4659 3970 4716 D.
4009 4659 4310 4720 Altinardi
4361 4657 4532 4720 archi-

1139 4735 1362 4794 Ceraldi
1427 4737 1656 4807 adfuit;
1723 4743 1781 4795 et
1850 4739 2144 4813 Lingonas
2207 4742 2464 4813 veniens,
2535 4743 2601 4799 D.
2673 4748 2780 4801 Ar-

2886 4746 3141 4820 episcopi
3173 4748 3384 4821 Lugd.,
3416 4751 3474 4804 et
3501 4747 3680 4820 hujus
3720 4747 3831 4804 loci
3863 4747 4114 4808 abbatis.
4155 4773 4186 4801 ››
