4986 6488
684 476 830 544 1319

1971 478 2285 545 ΝΟἹἾΤῙΑ
2334 482 2781 548 IllSTOIlICA.

3917 453 4078 553 4353

682 616 737 671 S.
762 615 1041 671 Martialis
1065 616 1491 689 imposuerunt.
1519 616 1754 673 Interim
1779 616 2093 673 Gauslinus
2115 617 2322 671 Bituri-
2349 617 2403 682 Α
2434 618 2719 689 synodum
2751 618 2903 690 apud
2940 619 3296 686 Lemovicas,
3327 619 3386 676 iu
3419 639 3532 694 qua
3561 622 3762 678 eadem
3792 639 3967 681 causa
3996 627 4078 680 (ἰὶ-

683 703 869 759 censis
914 704 1413 778 archiepiscopus,
1446 705 1684 778 indigne
1719 706 1908 760 ferens
1939 705 2093 777 quod
2127 704 2333 760 fuisset

684 809 716 848 a
738 791 991 848 Jordano
1023 797 1393 866 contemptus
1423 794 1516 865 (ab
1548 794 1675 866 ipso
1726 794 1883 850 enim
1916 811 2021 848 suo
2070 793 2335 848 videlicet

687 879 1130 952 metropolitano
1185 883 1464 938 debuerat
1503 882 1803 951 ordinari),
1845 881 2083 937 collecta
2113 881 2334 954 synodo

686 984 875 1024 coram
909 970 1160 1025 Roberto
1191 987 1343 1043 rege,
1373 970 1465 1026 cui
1496 975 1717 1043 septem
1750 969 2166 1042 archiepiscopi
2198 986 2332 1024 cum

687 1056 1068 1131 suﬂ‘raganeis
1090 1059 1379 1131 episcopis
1401 1059 1734 1123 adfuerunt,
1750 1066 1916 1114 totum
1934 1060 2335 1114 Lemovicimtm

685 1147 1241 1202 excommunicauit...
1274 1149 1560 1219 ipsumque
1584 1146 1884 1203 Jordanum
1913 1148 1979 1202 ab
2008 1148 2187 1219 ofﬁcio
2211 1147 2334 1218 epi-

684 1234 891 1305 scopali
915 1235 1216 1306 prohibuit.

752 1322 1116 1379 Causabatur
1133 1324 1425 1380 Jordanus
1451 1324 1696 1380 vitandae
1719 1324 1979 1381 simonize
2002 1341 2196 1389 causa,
2224 1322 2333 1377 im-

686 1411 1037 1483 positionem
1060 1429 1367 1479 manuum,
1397 1430 1498 1485 pro
1529 1430 1646 1485 qua
1676 1413 1994 1469 Gauslinus
2024 1411 2335 1485 pecuniam

686 1500 1022 1571 requirebat
1052 1501 1123 1557 ab
1157 1500 1269 1556 alio
1300 1501 1539 1573 petitam
1590 1505 1647 1556 et
1676 1506 1997 1573 acceptam.
2031 1497 2334 1554 Nihilomi-

685 1604 796 1644 nus
843 1593 1067 1657 tamen,
1097 1593 1164 1645 ut
1210 1590 1591 1656 satisfaceret,
1625 1589 1800 1645 nudis
1850 1590 2094 1661 pedibus
2139 1588 2336 1643 sedem

684 1675 1111 1733 Bituricensem
1142 1678 1305 1745 adiit,
1338 1694 1470 1732 cum
1519 1683 1752 1733 centum
1797 1676 2020 1732 clericis
2049 1681 2106 1732 et
2134 1693 2339 1731 mona-

681 1764 808 1821 chis
859 1765 1139 1821 omnibus
1189 1765 1459 1821 similiter
1506 1765 1873 1822 discalccatis
1924 1765 2191 1837 pedibus.
2237 1764 2336 1818 Cui

680 1852 1165 1928 archiepiscopus
1214 1871 1347 1909 cum
1400 1854 1551 1910 clero
1602 1854 1828 1908 obviam
1881 1853 2055 1919 venit,
2090 1858 2145 1908 et
2193 1870 2339 1924 quos

678 1940 847 2012 prius
877 1941 1179 2015 ligaverat,
1204 1959 1303 1998 eos
1328 1942 1644 1998 honorifice
1675 1942 1973 1998 adducens
2003 1942 2266 1997 absolvit.

750 2033 862 2085 An.
900 2030 1060 2097 1024,
1093 2030 1278 2103 pridie
1323 2031 1518 2086 Nonas
1567 2031 1824 2099 Martias,
1872 2030 2073 2086 indict.
2106 2048 2204 2095 v11,
2239 2047 2338 2101 ap-

676 2109 951 2189 probavit
996 2119 1397 2175 fundationem
1447 2118 1601 2174 cellae
1646 2120 1715 2175 de
1748 2118 2057 2185 Liziniaco,
2109 2124 2341 2174 auctore

678 2207 932 2280 Hugone
978 2208 1049 2263 de
1096 2207 1381 2263 Liziniaco
1432 2208 1553 2262 viro
1601 2207 1989 2263 nobilissimo.
2036 2210 2181 2262 Ante
2208 2223 2340 2278 pro-

676 2296 999 2351 fectionem
1021 2294 1570 2370 Jerosolymitanam
1604 2296 1890 2351 dedicavit
1921 2296 2341 2350 monasterium

678 2383 750 2439 de
780 2387 1018 2440 Arnaco
1044 2384 1103 2440 in
1135 2401 1250 2457 quo
1278 2384 1526 2456 quiescit
1546 2401 1757 2457 corpus
1779 2385 1837 2440 S.
1862 2382 2344 2449 Pardulfi,ldibus

673 2471 846 2542 Julii,
903 2490 1061 2529 anno
1110 2473 1424 2529 Dominicaa
1471 2472 1893 2529 incarnationis
1955 2474 2112 2527 1028.
2146 2471 2347 2527 Adfuit

676 2561 877 2619 Guido
927 2563 1003 2618 de
1046 2562 1332 2617 Turribus
1364 2562 1574 2617 nobilis
1607 2562 1911 2627 Lemoviaa,
1944 2578 2078 2616 cum
2110 2573 2344 2616 venera-

674 2650 779 2706 bili
813 2652 1078 2723 conjuge
1107 2650 1379 2723 Engalsia
1412 2651 1531 2722 [al.,
1559 2649 1846 2721 Emallia],
1877 2654 1934 2704 et
1960 2650 2243 2705 Ademaro
2275 2649 2346 2702 de

675 2739 875 2795 Lor-on
917 2740 1237 2809 [Learum],
1271 2739 1504 2805 Geraro,
1528 2738 1705 2794 Ebolo
1732 2738 2146 2794 Combornensi
2176 2738 2349 2792 fratre

670 2827 1129 2894 Archambaldi,
1156 2828 1499 2900 cognomine
1524 2828 1761 2883 Chamba
1785 2826 2178 2897 putrida,cum
2210 2827 2350 2880 Ade-

671 2934 822 2974 naro
868 2917 1001 2973 ﬁlio
1029 2915 1332 2980 ,Guidonis
1380 2915 1755 2983 vicecomitis,
1789 2919 2020 2970 auctore
2074 2914 2348 2970 Gaufrido

673 3004 965 3062 Vosiensi
998 3005 1058 3059 in
1093 3004 1304 3060 Chron.
1339 3021 1465 3076 cap.
1499 3004 1553 3058 9.

674 3094 906 3150 Eodem
943 3110 1104 3150 anno
1154 3098 1491 3149 consecrata
1533 3098 1621 3148 est
1645 3091 1885 3148 basilica
1915 3091 2124 3164 regalis
2154 3091 2351 3148 Salva-

672 3181 825 3238 toris
862 3182 1193 3239 Lemovices
1214 3198 1288 3236 xv
1309 3181 1433 3236 Kal.
1454 3180 1785 3237 Decembris
1815 3182 1887 3236 ab
1914 3180 2183 3236 undecim
2207 3197 2350 3252 prae-

669 3271 925 3328 sulibus
964 3289 980 3328 :
1026 3270 1377 3327 Gothofredo
1425 3270 1859 3342 archiepiSCOpo
1912 3267 2349 3341 Burdegalensi,

2438 710 2698 777 sceptata
2726 710 2783 762 et
2805 707 3068 778 judicata
3090 709 3215 779 jam
3249 710 3455 780 fuerat,
3487 710 3577 765 cui
3612 712 3733 782 ipse
3763 712 3977 767 aderat.
4000 714 4079 768 De

2440 793 2547 848 hoc
2580 795 2638 849 S.
2664 794 2945 874 Martialis
2973 796 3298 867 apostolatu
3319 798 3575 853 Joannes
3596 799 3767 854 XVIII
3795 801 3916 869 [al.,
3937 801 4078 869 XIX,

2440 883 2521 936 vel
2550 882 2660 949 XX]
2695 882 2927 955 scripsit
2956 884 3027 939 ad
3058 884 3404 952 Jordanum,
3437 886 3650 942 docens
3673 903 3772 943 eos
3802 887 4080 958 insanire,

2441 971 2539 1042 qui
2571 970 2726 1026 hunc
2756 977 3021 1027 sanctum
3053 974 3381 1045 apostolum
3414 978 3713 1047 negarent.

2513 1059 2573 1115 In
2607 1060 2849 1115 concilio
2871 1061 3007 1116 anni
3036 1052 3165 1117 1031
3190 1062 3483 1118 Jordanus
3513 1062 3704 1135 palam
3736 1064 4085 1122 declamavit

2440 1148 2500 1203 in
2534 1148 2748 1204 milites
2779 1149 2874 1220 qui
2910 1167 3001 1206 res
3022 1149 3338 1205 sanctuarii
3360 1150 3927 1223 depraedabantur,et
3945 1170 4087 1227 pau-

2442 1254 2608 1308 peres
2656 1238 3096 1309 opprimebant;
3130 1243 3329 1293 contra
3377 1255 3523 1311 quos
3562 1238 3683 1294 hzec
3712 1241 4087 1297 anathemata

2443 1324 2806 1397 protulerunt
2837 1326 3036 1381 Patres
3062 1342 3075 1383 :
3111 1350 3138 1376 ‹‹
3169 1327 3755 1384 Excommunicamus
3783 1327 3915 1383 illos
3937 1328 4087 1384 mili-

2443 1418 2598 1468 tes...
2631 1414 2925 1469 maledicti
2955 1414 3066 1486 ipsi
3097 1418 3153 1471 et
3174 1415 3469 1485 adjutores
3498 1432 3698 1471 eorum
3728 1415 3788 1471 in
3819 1416 4081 1473 malum!

2446 1500 2753 1557 maledicta
2775 1518 3159 1557 armaeorum
3183 1506 3239 1558 et
3254 1501 3458 1558 caballi
3482 1502 3738 1559 illorum.
3752 1505 3934 1573 Erunt
3950 1520 4084 1560 cum

2445 1592 2582 1644 Cain
2615 1588 2928 1657 fratricida,
2953 1594 3163 1645 etcum
3186 1591 3217 1647 J
3225 1592 3339 1646 uda
3369 1591 3713 1648 traditore...
3735 1596 3793 1648 et
3820 1592 3969 1648 sicut
3996 1592 4084 1647 haa

2445 1677 2692 1733 lucerna:
2715 1679 3169 1750 exstinguuntur
3188 1678 3247 1733 in
3270 1678 3455 1735 oculis
3474 1679 3787 1746 vestris,ita
3806 1680 4087 1753 gaudium

2446 1783 2646 1821 eorum
2676 1766 3078 1838 exstinguetur
3104 1766 3163 1821 in
3203 1772 3514 1839 conspectu
3546 1772 3879 1823 sanctorum
3912 1784 4088 1840 ange-

2448 1853 2657 1917 lorum,
2704 1854 2817 1909 nisi
2869 1858 3002 1909 ante
3047 1859 3291 1910 mortem
3323 1857 3393 1909 ad
3425 1855 3883 1911 satisfactionem
3915 1860 4089 1928 atque

2369 1981 2416 2044 B
2449 1943 2912 1998 emendationem
2949 1944 3068 1998 sive
3116 1944 3515 2016 paenitentiam
3563 1945 3798 2017 dignam
3828 1944 4092 2001 venerint

2448 2032 2505 2086 in
2530 2031 2822 2103 judicium
2856 2031 3112 2103 episcopi
3146 2032 3259 2087 sui.
3297 2054 3323 2081 »

2518 2122 2682 2174 Anno
2713 2118 2979 2190 sequenti
3008 2120 3297 2175 Jordanus
3317 2121 3586 2176 convenit
3605 2121 3896 2178 adhue-ad
3926 2138 4097 2194 syno-

2450 2209 2591 2263 dum
2650 2207 3063 2263 Pictaviensem
3123 2214 3641 2265 commemoratam
3700 2211 3759 2265 in
3813 2210 4094 2268 Chronico

2452 2294 2827 2351 Malliacensi.
2850 2298 3013 2351 Auno
3045 2296 3181 2350 1047
3214 2296 3363 2351 facta
3392 2300 3481 2352 est
3510 2297 3796 2354 dedicatio
3817 2304 3873 2354 8.
3899 2298 4093 2353 Marias

2453 2383 2834 2440 Santonensis
2865 2400 2899 2439 a
2928 2382 3197 2455 plurimis
3244 2383 3552 2456 episcopis,
3586 2385 3738 2441 inter
3781 2402 3930 2459 quos
3957 2387 4094 2443 Jor-

2452 2474 2644 2528 danus
2672 2476 3021 2528 recensetur.
3071 2475 3235 2528 Auno
3286 2473 3423 2527 1048
3459 2473 3647 2528 adfuit
3673 2475 4094 2531 consecrationi

2453 2561 2709 2617 ecclesiae
2740 2560 3094 2617 Userciensis
3126 2577 3259 2616 eum
3291 2560 3534 2617 Geraldo
3558 2562 4097 2635 Pctragoricensi,et

2455 2649 2763 2704 Guillelmo
2807 2648 3237 2721 Engolismensi
3284 2649 3609 2731 episcopis;
3637 2654 3890 2723 tuncque
3927 2652 4095 2708 testis

2456 2738 2567 2792 fuit
2596 2736 2926 2792 donationis
2956 2738 3118 2792 facta:
3148 2737 3284 2793 huic
3314 2737 3574 2793 emnobio
3594 2739 3666 2793 ab
3693 2738 3977 2813 Aalberga
4002 2756 4096 2796 vo-

2456 2831 2585 2881 cata
2613 2825 2859 2880 Bonasia
2882 2825 3332 2892 sanctimoniali,
3365 2831 3421 2881 et
3451 2825 3570 2882 filio
3601 2828 3730 2898 ejus
3759 2829 4001 2885 Bosone.

2442 2978 2447 2981 4
2529 2915 2606 2968 Ex
2636 2913 2921 2969 chartario
2952 2913 3203 2969 ecclesia:
3226 2914 3651 2971 Lemovicensis
3679 2916 4099 2987 descripsimus

2457 3004 2507 3073 ej
2520 3003 2719 3058 usdem
2751 3001 3005 3073 episcopi
3037 3001 3260 3057 litteras
3293 3002 3507 3074 quibus
3551 3003 3740 3059 multa
3785 3005 4008 3061 confert
4035 3006 4094 3062 S.

2457 3092 2746 3164 Stephano
2793 3090 2863 3145 ad
2919 3090 3334 3167 Communium;
3368 3090 3539 3146 inviis
3583 3096 3781 3148 autem
3827 3092 4102 3167 leguntur

2459 3181 2586 3251 ejus
2616 3184 2922 3252 parentum
2954 3179 3208 3234 nomina.
3234 3178 3313 3233 Ex
3342 3180 3540 3235 eodem
3575 3178 3864 3237 chartario
3894 3181 4101 3238 habui-

2461 3285 2594 3324 mus
2621 3267 2961 3324 concordiam
3006 3267 3211 3322 iuitam
3260 3266 3411 3323 inter
3453 3283 3588 3322 eum
3631 3271 3687 3322 et
3731 3267 4095 3325 Willelmum

666 3358 1387 3424 JordanoLemovicensi,
1406 3341 1719 3414 Isemberto
1738 3358 2349 3423 Pictaviensi,Rohone
2379 3341 2421 3407 C
2462 3357 2821 3415 Pictavorum
2855 3355 3144 3412 comitem.
3174 3355 3413 3411 Jordaui
3444 3372 3600 3411 mors
3630 3372 3782 3413 anno
3815 3358 3955 3412 1052
3992 3357 4097 3413 tri-

666 3448 1154 3522 Engolismensi,
1177 3447 1428 3503 Arnaldo
1460 3447 1905 3513 Petraroniensi,
1934 3448 2098 3503 Petro
2123 3447 2349 3502 Gerun-

666 3536 870 3610 densi,
912 3536 1240 3594 Deusdedit
1268 3534 1777 3599 Cadurcensi,etc.
1812 3537 1974 3591 Anno
2008 3536 2138 3591 1031
2164 3534 2352 3589 adfuit

662 3627 933 3683 concilio
986 3624 1371 3681 Bituricensis
1416 3624 1743 3696 provinciae,
1777 3623 2096 3679 Lemovicis
2127 3622 2350 3691 habito,

662 3714 723 3768 in
757 3732 889 3788 quo
926 3719 1137 3771 actum
1168 3718 1256 3769 est
1283 3714 1353 3768 de
1387 3717 1444 3767 S.
1478 3711 1759 3768 Martialis
1792 3712 2141 3784 apostolatu,
2175 3728 2348 3784 quem

657 3802 719 3858 in
757 3805 1030 3860 Patrum
1063 3805 1212 3858 cmtu
1235 3799 1662 3873 propugnavit;
1693 3799 1924 3856 tametsi
1953 3800 2116 3873 prius
2139 3799 2351 3872 episto-

664 3890 792 3948 lam
849 3891 1192 3963 scripserat
1219 3890 1291 3944 ad
1326 3888 1699 3944 Benedictum
1730 3904 1941 3960 papam
1971 3888 2101 3943 VIII
2131 3887 2202 3943 de
2232 3903 2347 3942 non

655 3979 1064 4038 accensendo
1109 3977 1390 4050 apostolis
1420 3976 1528 4032 hoc
1559 3982 1780 4032 saneto.
1813 3977 1894 4032 Ex
1939 3976 2032 4032 his
2057 3993 2189 4033 vero
2221 3993 2347 4049 quae

653 4069 987 4126 Jordanus
1033 4066 1093 4121 in
1138 4067 1374 4139 praefato
1419 4065 1662 4121 concilio
1707 4064 2013 4137 peroravit,
2064 4065 2348 4122 discimus

653 4174 820 4216 anno
856 4155 1045 4225 1029,
1075 4154 1166 4210 vel
1206 4154 1401 4227 potius
1449 4154 1587 4209 1028
1632 4153 1893 4210 habitam
1943 4152 2124 4210 fuisse
2172 4153 2347 4210 aliam

2458 3445 2678 3501 buitur.
2710 3442 2991 3517 Sepultus
3013 3449 3102 3501 est
3129 3445 3186 3500 in
3219 3444 3335 3500 divi
3364 3445 3671 3517 Augustini
3713 3445 3953 3519 templo.

2526 3534 2848 3590 Ademarus
2876 3533 3230 3590 Cabonensis
3261 3532 3313 3589 ei
3342 3537 3399 3589 et
3426 3533 3628 3590 multis
3656 3538 3784 3589 tum
3812 3533 4099 3609 episcopis

2459 3626 2585 3677 tum
2630 3622 2940 3678 abbatibus
2988 3621 3294 3694 epistolam
3344 3623 3631 3679 dedicavit
3674 3623 4095 3697 apologeticam

2458 3727 2560 3782 pro
2591 3710 2914 3782 apostolatu
2944 3714 2999 3766 S.
3047 3711 3348 3782 Martialis,
3381 3728 3535 3768 anno
3583 3713 3741 3780 1029,
3772 3729 3948 3786 quem
3976 3713 4096 3770 Ma-

2456 3798 2733 3855 billonius
2762 3800 2943 3855 edidit
2986 3804 3125 3856 tom.
3184 3800 3257 3855 1V
3283 3799 3516 3867 Annal.,
3548 3800 3607 3856 in
3638 3802 3994 3875 appendice;
4028 3819 4097 3858 ex

2456 3903 2525 3943 ea
2552 3893 2746 3943 autem
2779 3887 3062 3944 discimus
3109 3904 3225 3943 non
3255 3887 3444 3944 solum
3477 3905 3699 3945 annum
3731 3906 3846 3961 quo
3880 3890 4097 3962 scripta

2456 3980 2566 4043 est,
2596 3976 2697 4032 sed
2728 3976 2904 4032 etiam
2935 3992 3050 4048 quo
3079 3975 3281 4032 habita
3309 3980 3398 4032 est
3425 3975 3584 4047 prior
3605 3978 3863 4049 synodus
3896 3978 4095 4033 Lemo-

2454 4064 2703 4121 vicensis
2733 4081 2835 4137 pro
2860 4065 3172 4122 asserendo
3192 4064 3301 4120 hoc
3322 4063 3670 4136 apostolatu,
3689 4064 3914 4121 scilicet
3932 4066 4091 4125 1028.

1596 4512 2287 4621 JORDANI
2400 4515 3191 4623 EPISTOLA

723 4742 828 4805 Ad
896 4733 1334 4803 Benedictum
1392 4734 1526 4798 VIII
1584 4736 1933 4797 Romanum
1992 4734 2377 4815 pontiﬁcem,
2438 4737 2561 4811 cui,
2622 4737 2916 4798 defuncto
2984 4737 3343 4814 Benedicto,
3411 4751 3778 4816 responsum
3837 4735 4012 4800 dedit

2155 4834 2431 4896 Joannes
2471 4834 2631 4896 XIX.

1405 5018 1553 5091 (Vide
1597 5020 1657 5075 in
1702 5018 1925 5075 JOANNE
1976 5018 2113 5087 XIX,
2157 5019 2228 5074 ad
2274 5036 2368 5076 an.
2420 5020 2575 5087 1033,
2621 5019 2956 5088 Patrologiae
3005 5025 3133 5077 tom.
3186 5021 3383 5096 CXLI.)
