4986 6492
2347 483 2678 549 JORDANI
2723 479 3286 547 LEMOVICENSIS
3331 479 3682 543 EPISCOPI
3729 479 4207 546 DIPLOMATA.

4797 485 4912 554 1352

1584 675 4910 708 mm

2409 833 2976 961 JOBDANI
3042 828 3820 956 DIPLOMATA
3883 833 4136 960 Ι)Πο

1931 1051 2092 1125 (Gali.
2129 1051 2327 1108 Christ.
2360 1053 2506 1106 tom.
2539 1049 2606 1118 II,
2635 1047 2925 1121 Append.,
2959 1061 3090 1118 pag.
3124 1046 3244 1111 171,
3282 1045 3402 1112 172,
3435 1059 3503 1098 ex
3533 1042 3822 1100 chartario
3852 1043 4120 1100 Ecclesia:
4153 1044 4627 1118 Lemovicensis.)

3063 1201 3473 1213 ——————

2369 1325 2411 1380 Ι.

3241 1319 3298 1386 Α
3329 1318 3498 1372 modo
3529 1322 3684 1374 esset
3716 1319 3934 1376 factum
3986 1321 4074 1391 [[2,
4108 1320 4388 1387 facturus]
4441 1319 4568 1376 sine
4613 1318 4856 1376 electione
4878 1321 4920 1372 et

1564 1397 1793 1477 litterae
1817 1413 2048 1471 Ιονάαηί
2091 1414 2484 1495 ιοεηῑουίεεῃδίδ
2513 1411 2772 1493 episcopi,
2811 1409 3015 1495 .quibus
3043 1409 3219 1463 multa
3328 1407 3452 1462 sine
3481 1407 3724 1462 consilio
3754 1412 3808 1462 S.
3833 1407 4112 1480 Stephani
4145 1408 4587 1476 canonicorum,
4610 1412 4664 1465 et
4687 1407 4798 1464 sine
4816 1423 4923 1462 con-

1942 1487 2150 1556 confert
2179 1485 2419 1557 capitulo
2449 1485 2840 1538 Lemovicensi.

1641 1574 1702 1630 In
1736 1573 1971 1630 nomine
2022 1577 2234 1628 sancta:
2281 1578 2337 1627 et
2385 1572 2694 1628 individua:
2739 1568 3061 1632 Trinitatis,
3111 1585 3217 1638 ego

1565 1659 1885 1728 Jordanus,
1927 1661 2026 1717 Dei
2077 1662 2264 1734 gratia
2320 1659 2630 1716 Lemovicae
2681 1658 2836 1714 sedis
2885 1657 3213 1729 episc0pus,

1566 1745 1839 1806 humanae
1882 1747 2213 1820 fragilitatis
2263 1749 2642 1804 considerans
2693 1763 2919 1811 casum,
2969 1746 3037 1800 de
3089 1761 3216 1799 meo

1567 1835 1761 1893 alodio
1791 1837 1945 1910 quod
1981 1837 2340 1892 hereditario
2375 1837 2518 1892 mihi
2550 1835 2854 1902 successit,
2895 1851 2999 1906 pro
3031 1849 3215 1887 reme-

1564 1925 1662 1981 dio
1693 1926 1902 1982 animas
1934 1943 2074 1981 meae
2117 1931 2543 1998 parentumque
2575 1940 2835 1978 meorum
2869 1921 3125 1977 Marbodi
3159 1925 3217 1975 et

1558 2011 1902 2087 Odolgardze
1950 2013 2150 2068 uxoris
2199 2014 2350 2084 ejus,
2383 2017 2439 2067 et
2485 2011 2636 2083 patri
2686 2028 2815 2066 meo
2867 2009 3113 2064 Geraldo
3161 2014 3216 2063 et

1565 2117 1745 2157 uxore
1774 2101 2113 2174 Odolgardaz
2148 2101 2300 2156 dono
2347 2105 2520 2172 atque
2546 2100 2797 2155 concedo
2829 2099 2887 2154 S.
2923 2098 3214 2170 Stephano

1565 2189 1637 2244 ad
1699 2190 1899 2245 sedem
1957 2189 2266 2245 Lemovices
2334 2189 2606 2254 civitatis,
2667 2193 2722 2244 et
2777 2189 2847 2242 ad
2905 2187 3214 2242 canonicos

1564 2276 1828 2347 ejusdem
1868 2277 2026 2333 sedis
2057 2277 2115 2332 in
2151 2276 2384 2333 alodum
2422 2278 2474 2332 in
2509 2277 2844 2331 communia
2874 2276 2945 2330 ad
2975 2275 3209 2330 canoni-

1561 2379 1682 2432 cos,
1715 2363 1838 2421 sine
1869 2365 2133 2422 omnium
2166 2364 2475 2421 hominum
2509 2362 3211 2430 contradictione,scilicet

1559 2452 1795 2510 castello
1828 2471 1973 2509 novo
2017 2458 2236 2509 turrem
2279 2455 2636 2526 superiorem
2669 2457 2724 2508 et
2756 2453 2914 2525 [quod
2942 2451 3209 2508 domnio-

1553 2559 1635 2598 no
1664 2543 1825 2611 vulgo
1863 2543 2071 2598 dicitur
2116 2543 2357 2614 donjon]
2409 2542 2508 2597 ubi
2563 2543 2744 2607 sedet,
2787 2545 2844 2596 et
2895 2541 3119 2606 domos,
3153 2547 3209 2596 et

1553 2628 2022 2705 illaspleiduras
2044 2647 2171 2702 quae
2197 2631 2266 2685 ad
2303 2646 2491 2685 meam
2520 2630 2810 2702 pertinent
2839 2629 3203 2694 divisionem,

1557 2722 1794 2790 pratum
1835 2719 2138 2791 superiore
2186 2719 2254 2773 ad
2291 2719 2550 2785 Qntem,
2584 2717 2788 2774 silvam
2820 2735 2947 2789 quae
2997 2718 3210 2773 dicitur

1559 2806 1756 2874 Serra,
1809 2811 2076 2879 quartam
2133 2810 2355 2879 partem
2416 2806 2646 2879 capella:
2690 2810 2746 2861 S.
2793 2805 3095 2862 Michaelis
3152 2812 3208 2862 et

3327 1495 3455 1549 silio
3481 1495 3739 1550 Aimirici
3772 1496 3842 1551 de
3872 1495 4076 1562 Niolio,
4110 1513 4244 1553 cum
4277 1513 4391 1552 unc
4423 1497 4541 1552 ﬁlio
4573 1513 4694 1564 suo,
4725 1495 4767 1552 si
4793 1495 4920 1548 vivus

3325 1584 3452 1649 erit,
3503 1583 3590 1638 vel
3637 1589 3904 1642 mortuus
3947 1586 4137 1651 fuerit,
4169 1601 4305 1640 cum
4356 1586 4593 1643 duobus
4638 1583 4752 1642 suis
4797 1582 4922 1647 ﬁliis,

3325 1671 3599 1727 similiter
3627 1690 3759 1728 cum
3791 1673 4023 1730 duobus
4055 1672 4193 1729 filiis
4230 1673 4466 1729 Alduini
4500 1675 4573 1731 de
4603 1671 4862 1730 Nobiliaco
4887 1669 4922 1726 si

3324 1760 3434 1814 vivi
3465 1765 3668 1828 erunt;
3697 1761 3744 1816 si
3769 1761 3982 1817 mortui
4006 1765 4146 1818 sunt
4171 1779 4304 1817 cum
4335 1762 4582 1820 consilio
4613 1761 4824 1818 illorum
4848 1757 4924 1830 qui

3324 1853 3522 1904 tenent
3553 1850 3694 1904 istas
3727 1855 3918 1905 turres
3951 1851 4020 1906 de
4052 1850 4238 1907 Niolio
4269 1854 4327 1906 et
4374 1852 4445 1906 de
4490 1850 4790 1908 Nobiliaco.
4820 1847 4924 1903 Pro-

3325 1942 3450 2008 pter
3466 1939 3769 1993 commend
3780 1944 4078 1994 amentum
4102 1939 4380 2013 episcopi,
4403 1940 4522 1995 haec
4541 1939 4735 1997 electio
4755 1953 4852 1993 non
4869 1934 4926 1988 sit

3324 2027 3471 2080 facta
3497 2033 3729 2098 propter
3749 2026 3977 2083 lucrum
4001 2031 4319 2094 terrenum,
4337 2044 4526 2101 neque
4551 2036 4772 2101 propter
4788 2023 4924 2080 alicu-

3313 2113 3415 2184 jus
3439 2114 3778 2180 amicitiam,
3797 2115 3894 2170 sed
3916 2115 3984 2170 ad
4013 2115 4259 2171 salutem
4281 2115 4340 2171 S.
4360 2115 4643 2188 Stephani
4663 2111 4922 2171 Lemovica

3321 2203 3499 2268 sedis,
3533 2202 3649 2258 illis
3681 2204 4038 2271 scientibus;
4072 2209 4129 2259 et
4161 2203 4255 2260 ille
4280 2205 4595 2277 episcopus
4623 2203 4720 2278 qui
4747 2196 4923 2258 venerit

3321 2296 3451 2362 post
3469 2291 3791 2346 Jordanum
3813 2293 4178 2365 episcopum,
4203 2293 4378 2350 faciat
4400 2291 4580 2350 talem
4602 2289 4921 2351 securitatem

3318 2385 3374 2434 et
3406 2381 3739 2435 ﬁrmitatem
3772 2380 4006 2452 qualem
4060 2381 4196 2436 fecit
4225 2380 4523 2437 Jordanus
4555 2381 4856 2454 episcopus,
4882 2377 4921 2428 et

3317 2469 3408 2523 sui
3443 2474 3858 2535 antecessores,
3896 2469 3967 2524 ad
4001 2469 4310 2526 canonicos
4338 2470 4396 2525 S.
4431 2469 4710 2543 Stephani
4740 2467 4802 2523 de
4827 2462 4920 2536 epi-

3316 2562 3554 2628 scopatu
3577 2562 3631 2611 et
3654 2557 3722 2610 de
3755 2557 4091 2612 communia
4123 2557 4390 2624 illorum;
4415 2562 4520 2613 aut
4550 2557 4722 2614 talem
4746 2549 4924 2611 securi-

3314 2649 3492 2699 tatem
3527 2644 3761 2717 qualem
3794 2645 3904 2718 ipsi
3929 2645 4082 2700 inter
4104 2662 4164 2701 se
4187 2644 4488 2718 elegerint,
4525 2651 4584 2704 et
4614 2645 4734 2703 sine
4762 2638 4920 2697 forcia.

3317 2733 3520 2789 Comes
3550 2733 3882 2789 Willelmus
3932 2751 4064 2790 cum
4113 2734 4370 2790 Jordano
4418 2734 4693 2808 episcopo
4736 2736 4922 2788 etcum

3316 2821 3610 2876 canonicis
3649 2821 3708 2877 S.
3741 2822 4020 2894 Stephani
4053 2821 4167 2878 tale
4199 2822 4409 2878 habuit
4450 2827 4792 2880 conventum
4819 2830 4921 2874 cum

1559 2896 1618 2949 S.
1647 2893 1914 2960 Quintini
1947 2911 2079 2950 cum
2111 2895 2268 2950 omni
2303 2900 2456 2952 terra
2498 2912 2623 2968 quae
2655 2895 2726 2952 ad
2759 2895 3038 2968 capellam
3072 2913 3205 2968 per-
3309 2909 3528 2981 πωπω

2956 2912 3038 2950 ΜΠ
3072 2913 3205 2968 Ρον·
3309 2909 3667 2981 juramento,
3701 2914 3766 2964 ut
3795 2893 3865 2966 de
3893 2909 4232 2983 episcopatu
4265 2910 4414 2966 nihil
4448 2910 4620 2969 daret
4649 2927 4747 2967 nec
4775 2904 4925 2964 mino-

1557 2981 1768 3051 tinent,
1827 2988 2002 3039 curtae
2061 2985 2128 3040 de
2195 2984 2451 3041 Cursataa
2520 2985 2672 3040 sicut
2729 2990 2817 3040 cst
2876 2985 2946 3039 de
3013 2985 3202 3040 fevum

1550 3071 1796 3128 comitis
1826 3071 2220 3129 Pictaviensis.
2256 3073 2384 3146 Ipse
2430 3072 2765 3130 Willelmus
2793 3089 2989 3129 comes
3018 3077 3204 3129 totum

1557 3157 1732 3216 illum
1763 3161 1952 3217 fevum
1985 3161 2142 3217 dedit
2171 3161 2315 3218 mihi
2347 3161 2406 3218 in
2446 3161 2682 3218 alodum
2713 3167 2875 3218 extra
2903 3162 3208 3234 episcopa-

1558 3252 1706 3306 tum.
1737 3249 1796 3304 Si
1846 3250 1980 3323 quis
2028 3267 2162 3306 vero
2211 3250 2360 3306 hanc
2405 3251 2800 3323 supradictam
2831 3251 3206 3307 donationem

1545 3338 1988 3406 contradixerit,
2021 3343 2124 3395 aut
2177 3338 2535 3396 calumniare
2583 3339 2848 3404 voluerit,
2895 3340 3208 3396 anathema

1547 3426 1649 3493 'sit,
1681 3431 1737 3484 et
1765 3444 1901 3484 cum
1935 3427 2162 3484 Dathan
2195 3432 2251 3484 et
2299 3428 2517 3484 Abiron
2561 3427 2621 3484 in
2655 3429 2947 3484 infernum
2980 3430 3204 3485 demer-

1551 3519 1744 3589 gatur.

1541 3600 1547 3607 ’
1617 3603 1868 3675 Signum
1899 3603 2142 3660 Jordani
2173 3603 2452 3676 episcopi,
2485 3604 2585 3676 qui
2633 3605 2782 3662 hanc
2811 3605 3074 3662 chartam
3105 3606 3204 3660 fir-

1543 3691 1738 3746 mavit
1763 3696 1826 3747 st
1854 3691 2107 3747 scribere
2124 3692 2325 3762 jussit.
2346 3693 2473 3748 Haec
2498 3693 2700 3750 charta
2723 3694 2876 3750 facta
2897 3697 2986 3750 est
3005 3711 3205 3750 mense

1545 3777 1890 3848 Februario,
1941 3785 2220 3852 regnante
2267 3781 2512 3838 Henrico
2563 3799 2694 3857 rege
2742 3783 3115 3851 Francorum,
3148 3789 3206 3840 et

1543 3865 1867 3924 Guillclmo
1892 3868 2039 3924 duce
2069 3869 2515 3942 Aquitanorum.

2336 3975 2405 4032 Il.

3319 3003 3490 3065 raret,
3522 3015 3626 3054 nec
3658 3015 3801 3053 suus
3831 3014 4134 3054 successor
4165 2998 4265 3071 qui
4295 3003 4428 3072 post
4458 3017 4598 3057 eum
4626 2997 4861 3060 veniret;
4886 2994 4927 3046 et

3319 3087 3368 3142 si
3412 3087 3482 3142 de
3513 3087 3620 3143 hoc
3669 3091 3956 3143 conventu
3989 3088 4435 3161 congregatione
4463 3089 4665 3146 Sancti
4693 3076 4928 3158 Stephani

3317 3175 3466 3232 male
3501 3176 3802 3243 minasset,
3837 3179 3895 3231 ct
3920 3175 3977 3231 in
4011 3176 4371 3248 adjutorium
4404 3176 4562 3235 infra
4593 3195 4653 3234 x1
4682 3174 4796 3232 dies
4821 3184 4928 3226 con-

3317 3269 3407 3320 tra
3437 3263 3570 3320 illos
3600 3263 3868 3320 homines
3893 3281 4008 3319 non
4042 3264 4249 3321 fuisset
4269 3265 4368 3338 qui
4401 3264 4557 3323 male
4589 3263 4860 3324 fecissent,
4883 3269 4930 3311 ac

3314 3353 3761 3426 congregatione
3812 3353 4008 3409 Sancti
4062 3353 4339 3427 Stephani
4372 3359 4436 3410 ut
4463 3358 4669 3412 essent
4719 3342 4928 3408 absoluti

3315 3443 3467 3514 quod
3499 3442 3558 3496 in
3589 3459 3697 3497 sua
3722 3441 3999 3497 ﬁdelitate
4021 3459 4136 3498 non
4159 3447 4404 3509 starent,
4420 3441 4610 3515 hujus
4634 3441 4715 3498 rei
4735 3441 4930 3514 propter

3313 3530 3693 3602 adjutorium,
3721 3546 3914 3586 comes
3935 3529 4267 3586 Willelmus
4288 3531 4449 3587 dedit
4470 3531 4711 3588 obsides
4739 3521 4930 3583 Aimiri-

3313 3635 3447 3674 cum
3478 3619 3548 3674 de
3579 3619 3862 3688 Roncum,
3918 3616 4220 3675 Albertum
4274 3620 4346 3693 de
4393 3621 4656 3691 Cambo;
4689 3620 4746 3674 et
4783 3614 4827 3672 si
4853 3607 4928 3666 isti

3313 3707 3527 3764 mortui
3565 3706 3804 3774 fuerint,
3836 3706 3980 3764 alios
4011 3706 4072 3762 in
4106 3708 4298 3764 locum
4348 3706 4591 3765 illorum
4641 3699 4928 3764 restantem!

3312 3801 3541 3853 tantum
3567 3795 3825 3852 valentes
3852 3814 3866 3865 ;
3898 3800 3955 3852 et
3999 3800 4238 3870 propter
4265 3802 4623 3854 conventum
4653 3798 4712 3853 et
4737 3785 4929 3850 electio-

3313 3902 3446 3941 nem
3477 3885 3847 3958 episcopatus
3890 3885 3986 3940 isti
4038 3889 4177 3942 sunt
4206 3885 4443 3943 obsides
4477 3903 4491 3943 :
4523 3881 4849 3942 Willelmus
4877 3874 4929 3928 de

3314 3975 3489 4043 Roca,
3517 3971 3864 4030 Guillelmus
3912 3974 3983 4030 de
4028 3977 4256 4042 Kartes,
4287 3973 4410 4047 Ugo
4440 3975 4515 4032 de
4565 3971 4808 4038 Lacella,
4848 3964 4932 4021 Gtt'

1553 4060 1850 4120 Concordia
1893 4063 2233 4139 initqﬂinter
2273 4065 2575 4121 Jordanum
2623 4067 2928 4139 episcopum
2957 4067 3203 4123 Lemovi-
3233 4048 3276 4116 Ο
3316 4062 3516 4119 raldus
3555 4063 3627 4119 de
3655 4062 3920 4131 Volvent,
3949 4062 4104 4118 illius
4136 4063 4475 4132 Raimundi,
4502 4063 4714 4120 Vivian
4745 4060 4810 4115 de
4835 4055 4935 4110 Βω-

1675 4149 1908 4203 eensem,
1939 4144 1990 4190 et
2027 4134 2362 4192 Willelmum
2386 4139 2636 4192 comitem
2648 4134 3076 4194 ’Pictdviensem.

1625 4237 1933 4296 Credimus
1959 4257 2072 4296 non
2088 4238 2268 4296 latere
2293 4242 2508 4313 peritos
2527 4242 2733 4314 prisca;
2749 4241 3202 4310 constitutionis,

1545 4327 1708 4406 quod
1741 4343 2012 4383 summus
2035 4329 2227 4400 opifex
2245 4327 2428 4384 totius
2450 4329 2760 4385 creationis
2785 4347 2853 4386 ea
2878 4331 3206 4386 conditione

1550 4409 1696 4486 legis
1735 4413 2017 4472 fabricam
2045 4416 2320 4472 efficiavit
2351 4416 2631 4483 hominis,
2659 4422 2947 4490 quatenus
2979 4417 3206 4474 cunctis

1553 4508 1829 4573 praeesset
1857 4503 2257 4560 animantibus
2287 4521 2415 4577 quae
2437 4511 2747 4562 moventur
2775 4507 2833 4562 in
2868 4507 3056 4563 terris.
3077 4507 3206 4563 0m-

1552 4606 1659 4646 nes
1689 4590 1958 4649 homines
1989 4599 2198 4650 natura
2227 4593 2479 4666 aequales
2507 4594 2731 4667 genuit,
2777 4596 2876 4655 sed
2909 4595 3205 4668 ampliﬁce

1550 4677 1654 4735 Dei
1686 4680 2091 4754 dispositione,
2113 4699 2248 4739 cum
2281 4700 2524 4756 quaeque
2555 4700 2662 4740 suo
2683 4684 2807 4756 juri
2835 4685 3101 4756 subjecta
3128 4689 3205 4741 te-

1511 4773 1528 4784 '
1552 4783 1690 4830 nam
1716 4769 2038 4845 .guivisset,
2067 4787 2184 4829 non
2232 4777 2445 4832 natura
2489 4773 2924 4840 accomodante,
2958 4773 3056 4830 sed
3103 4790 3202 4830 va-

1552 4853 1740 4911 riante
1756 4857 2100 4914 meritorum
2118 4859 2342 4927 ordine,
2357 4859 2504 4916 alios
2521 4859 2650 4916 aliis
2665 4860 2836 4933 culpa
2851 4862 3200 4934 postposnit.

1551 4945 1678 4998 Imo
1703 4959 1890 5016 reges,
1911 4945 2175 5012 comites,
2195 4947 2472 5018 praesules
2500 4948 2634 5004 aliis
2663 4947 3002 5006 hominibus
3022 4950 3206 5006 domi-

1553 5032 1748 5087 nando
1772 5049 2020 5105 praeesse
2041 5043 2356 5108 coeperunt,
2385 5037 2535 5094 sicut
2559 5037 2702 5094 dicit
2725 5038 3034 5096 Psalmista
3057 5056 3070 5094 :
3095 5043 3205 5096 Im-

1547 5122 1784 5191 posuiin
1809 5119 2054 5180 homines
2083 5140 2244 5197 super
2269 5129 2449 5199 capita
2495 5137 2682 5184 nostra
2715 5129 2882 5200 (Psal.
2919 5145 3044 5197 va,
3072 5129 3160 5198 12)
3185 5147 3199 5197 ;

1553 5211 1614 5262 et
1643 5206 1848 5266 beatus
1879 5227 2025 5284 papa
2048 5213 2356 5287 Gregorius
2381 5234 2394 5272 :
2421 5215 2614 5272 Gratia
2631 5217 2732 5272 Dei
2757 5233 2926 5288 supra
2956 5217 3202 5273 homines

1551 5311 1757 5353 sumus.
1773 5297 1874 5357 His
1893 5301 2241 5361 testimoniis
2257 5303 2587 5363 Willelmus
2606 5319 2804 5360 comes
2826 5304 3202 5362 Pictaviensis

3312 4152 3492 4222 derio,
3509 4151 3712 4208 Petrus
3735 4152 3808 4208 de
3826 4151 4022 4221 Niort;
4047 4157 4104 4208 et
4125 4151 4174 4208 si
4196 4151 4409 4225 aliquis
4439 4151 4686 4210 illorum
4707 4149 4933 4207 mortuus

3313 4241 3505 4308 fuerit,
3537 4239 3688 4296 infra
3718 4241 4054 4312 quindecim
4102 4241 4247 4309 dies,
4279 4241 4327 4297 si
4361 4257 4564 4298 comes
4597 4227 4933 4298 Pictaviensis

3311 4328 3687 4385 submonitus
3749 4329 3946 4398 fuerit,
4007 4333 4404 4398 restauretur;
4438 4335 4496 4386 et
4556 4329 4658 4386 ille
4717 4323 4810 4400 qui
4859 4329 4932 4374 eos

3313 4417 3740 4486 submonuerit,
3789 4418 4073 4474 damnum
4131 4435 4246 4474 non
4293 4418 4511 4487 habet;
4547 4422 4611 4476 et
4639 4417 4690 4474 si
4730 4415 4805 4470 ita
4846 4420 4934 4464 ncn

3313 4506 3562 4563 attendit
3592 4505 3746 4562 infra
3772 4523 3846 4562 xv
3876 4506 4001 4561 dies
4034 4511 4346 4578 postquam
4379 4504 4711 4562 submoniti
4737 4495 4934 4558 fuerint.

3313 4597 3372 4652 in
3403 4593 3718 4656 Castellum
3773 4596 3834 4652 S.
3869 4593 4150 4666 Stephani
4199 4611 4262 4650 se
4309 4593 4553 4650 mittant
4601 4593 4764 4649 intus
4810 4588 4938 4658 [forte

3313 4685 3491 4758 quod]
3522 4683 3787 4739 clausum
3819 4686 3908 4739 est
3938 4699 4105 4738 muro
4137 4687 4195 4739 et
4225 4683 4442 4739 fossato
4465 4682 4600 4739 sine
4632 4679 4784 4736 malo
4811 4675 4939 4744 inge-

3313 4772 3428 4841 nio,
3460 4777 3518 4832 et
3547 4770 3682 4828 inde
3709 4788 3827 4828 non
3872 4776 4077 4828 exeant
4123 4772 4252 4828 sine
4300 4769 4684 4830 absolutione
4713 4765 4940 4840 quinque

3312 4860 3654 4920 clericorum
3671 4859 3771 4932 qui
3786 4865 3924 4916 sunt
3939 4859 4242 4916 obsides...
4258 4859 4536 4916 comitem
4552 4855 4939 4914 Pictaviensem

3312 4949 3361 5005 si
3390 4949 3502 5005 vivi
3525 4953 3682 5018 sunt,
3707 4952 3764 5004 et
3784 4948 4076 5005 si-mortui
4095 4953 4255 5014 sunt,
4279 4953 4520 5022 propter
4543 4944 4942 5006 absolutionem

3310 5055 3510 5097 eorum
3539 5036 3638 5110 qui
3664 5037 3940 5093 honorem
3968 5035 4134 5093 illum
4157 5041 4380 5103 tenent,
4399 5053 4540 5093 cum
4571 5032 4815 5093 consilio
4835 5025 4943 5084 alio-

3310 5143 3442 5184 rum
3474 5127 3734 5198 quinque
3762 5125 4104 5182 clericorum
4137 5126 4238 5198 qui
4270 5130 4408 5182 sunt
4439 5126 4499 5182 in
4533 5124 4763 5194 loco,et
4787 5119 4851 5177 ad
4875 5129 4944 5170 ει·

3311 5216 3497 5273 lutem
3530 5215 3588 5270 S.
3621 5213 3919 5288 Stephani,
3972 5213 4089 5271 illis
4121 5215 4445 5272 scientibus
4475 5219 4539 5270 et
4570 5215 4648 5272 de
4678 5201 4943 5270 submoxi-

3310 5304 3468 5361 tione
3497 5320 3612 5359 non
3643 5308 3856 5359 vetant.

1555 5385 1956 5480 conﬁrmatus,
1991 5407 2168 5448 causa
2197 5391 2358 5465 pacis
2408 5391 2797 5480 Lemovicami
2809 5393 2973 5480 venit
3000 5394 3280 5480 civita-_D
3383 5393 3553 5448 Facta
3581 5392 3665 5448 est
3695 5391 3810 5448 ista
3838 5391 4036 5448 charta
4066 5391 4236 5448 tertio
4261 5391 4456 5480 Nonas
4485 5393 4674 5466 Aug.,
4697 5383 4939 5480 regnaan

1551 5475 1692 5542 tam,
1715 5479 1772 5532 et
1799 5477 2031 5536 ﬁrmata
2060 5497 2202 5553 pace
2231 5481 2291 5538 in
2325 5477 2635 5552 praesentia
2666 5477 2951 5536 nobilium
2972 5481 3204 5540 clerico-

1551 5579 1686 5620 rum
1714 5564 1802 5622 vel
1827 5565 2133 5634 laicorum,
2165 5567 2280 5623 tale
2310 5582 2445 5624 cum
2478 5565 2753 5636 episcopo
2790 5565 3065 5642 Jordano,
3096 5571 3204 5626 ha-

1551 5652 1683 5710 buit
1709 5660 2081 5712 conventum.
2099 5655 2158 5711 Si
2184 5669 2381 5711 comes
2412 5651 2794 5709 Pictaviensis
2823 5652 2881 5708 in
2911 5657 3206 5731 episcopa-

1553 5745 1685 5809 tum
1738 5743 2051 5802 Lemovices
2107 5741 2265 5803 sedis
2321 5741 2584 5801 mitteret
2636 5739 2996 5817 episcopum,
3045 5745 3206 5806 nullo

3311 5479 3543 5538 Hinrico
3575 5497 3707 5553 rege
3740 5481 4093 5536 Francorum
4143 5479 4436 5539 Willelmo
4466 5479 4629 5538 duce
4660 5476 4943 5552 Aquitano-

3312 5587 3464 5637 rum,
3493 5568 3748 5645 Jordanp
3778 5568 4048 5642 episcOpo
4079 5569 4395 5626 Lemovices
4426 5569 4636 5640 sedis;
4669 5567 4772 5642 qui
4801 5565 4939 5621 istam

3312 5658 3574 5718 chartam
3606 5658 3858 5716 scribere
3887 5663 3944 5716 et
3972 5658 4207 5716 firmare
4226 5659 4566 5734 jusserunt.
