4986 6644
957 83 4400 262 _.__—-—_;..__n

814 653 968 714 1353

1867 657 2070 718 ACTA
2111 657 2435 718 CONCILll
2479 656 3052 718 LEMOVICENSIS
3095 659 3173 718 II.

4053 660 4210 719 1354

1278 957 1626 1070 ACTA
1719 956 2331 1071 CONCILII
2428 955 3460 1074 LEMOVIGENCIS
3551 953 3764 1070 Il‘”

1715 1156 1885 1216 Anno
1919 1156 2095 1217 1031.
2124 1155 2220 1216 die
2252 1159 2326 1220 18
2352 1154 2636 1219 Novemb.
2668 1118 3058 1217 subJordano
3089 1155 3298 1230 habiti,

881 1310 945 1366 In
977 1325 1092 1381 quo
1113 1305 1318 1381 agitur
1349 1305 1420 1360 de
1451 1303 1777 1381 apostolatu
1803 1305 1862 1360 S.
1897 1303 2182 1381 Martialis
2211 1309 2267 1360 et
2295 1304 2496 1381 multis
2517 1305 2588 1359 ad
2613 1303 2984 1381 disciplinam
3010 1303 3922 1381 spectantibus.Intermiscentur
3940 1307 4206 1381 ejusdem

803 1375 1044 1438 Iordani
1076 1375 1563 1449 allocutionesad
1596 1375 1792 1449 Patres
1825 1375 2279 1449 sy_nod_i,scilicet
2311 1393 2324 1430 :
2357 1377 2414 1430 1°
2441 1376 2705 1449 Narratio
2733 1375 2924 1431 brevis
2953 1376 3024 1431 de
3044 1375 3223 1431 rebus
3253 1376 3433 1449 gestis
3461 1375 3520 1431 in
3551 1378 3773 1449 synodo
3812 1375 4206 1435 Lemovicensi

805 1453 946 1508 anni
982 1451 1120 1506 1028
1145 1467 1160 1516 ;
1190 1453 1252 1504 2°
1271 1445 1524 1520 Homilia
1543 1445 1606 1520 _i_n
1637 1445 1759 1520 haec
1787 1447 1962 1520 verba
1991 1447 2152 1520 Lucae
2187 1463 2213 1520 :_
2237 1449 2278 1501 F
2279 1449 2409 1502 ilius
2439 1447 2675 1503 hominis
2703 1449 2850 1502 venit
2879 1462 3124 1518 quaerere
3151 1455 3202 1503 et
3247 1445 3461 1504 sulcare
3501 1445 3642 1520 quod
3677 1449 3959 1520 perierat,-
3988 1451 4048 1506 3ο
4085 1449 4204 1506 elo-

803 1524 972 1597 gium
1003 1519 1495 1578 monasteriorum
1525 1517 1790 1573 dioecesis
1824 1517 2270 1574 Lemovicensis.

1871 1659 2059 1732 (Apud
2091 1659 2271 1715 Labb.
2307 1658 2508 1716 Concil.
2542 1663 2685 1716 tom.
2718 1658 2818 1728 IX,
2848 1657 2958 1714 col.
2990 1658 3142 1728 869.)

1459 1917 1700 1974 SESSIO
1739 1918 1782 1973 ἰ.

1105 2010 1382 2067 Celebrate
1412 2025 1506 2062 xxv
1529 2007 1798 2063 Kalendas
1827 2007 2149 2062 Decembris.

876 2103 1116 2158 Factum
1147 2104 1237 2155 est
1266 2097 1363 2153 illo
1389 2101 1650 2168 tempore
1671 2099 1737 2150 ut
1760 2095 1860 2150 Dei
1884 2100 2028 2151 nutu
2053 2096 2112 2150 in
2141 2095 2448 2152 festivitate

795 2187 1187 2248 dedicationis
1242 2183 1444 2256 templi
1505 2183 1729 2239 Domini
1790 2183 2126 2250 Salvatoris,
2175 2185 2328 2256 quod
2361 2189 2449 2240 est

793 2298 898 2337 xxv
929 2277 1214 2334 Kalendas
1262 2271 1618 2338 Decembris,
1641 2277 2092 2344 congregaretur
2135 2271 2446 2328 concilium

793 2368 958 2442 apud
1007 2366 1212 2422 urbem
1261 2361 1644 2418 Lemovicum.
1682 2361 1810 2432 Ipsa
1841 2360 2036 2430 itaque
2067 2361 2446 2416 dedicationis

791 2459 1158 2523 die,summo
1176 2467 1348 2508 mane
1367 2452 1759 2506 convenerunt
1779 2464 1983 2503 omnes
2005 2448 2178 2504 simul
2192 2449 2443 2520 episcopi

793 2563 938 2604 cum
963 2539 1318 2616 presbyteris
1357 2543 1414 2594 et
1457 2535 1820 2600 diaconibus,
1853 2537 1912 2591 in
1959 2537 2262 2592 ecclesiam
2295 2537 2446 2592 beati

795 2629 1246 2710 protomartyris
1264 2625 1558 2700 Stephani.
1592 2627 1725 2680 Erat
1768 2629 1961 2681 autem
1979 2627 2180 2680 eadem
2205 2625 2445 2682 basilica

769 2725 1040 2797 propter
1057 2718 1451 2774 coadunatum
1475 2713 1786 2769 concilium
1811 2713 2054 2768 solemni
2083 2730 2242 2768 more
2263 2713 2448 2784 pridie

792 2814 1028 2876 ornata,
1063 2808 1216 2864 sicut
1261 2809 1320 2860 et
1338 2803 1583 2860 ecclesia
1620 2801 1935 2856 Salvatoris
1956 2801 2212 2866 Domini,
2243 2801 2300 2855 in
2331 2819 2448 2872 qua

793 2896 1202 2958 anniversaria
1224 2891 1607 2950 dedicationis
1635 2889 1920 2945 festivitas
1949 2891 2020 2944 ab
2055 2889 2212 2944 omni
2245 2890 2445 2944 Lemo-

789 2985 1016 3045 vicensi
1051 2981 1266 3058 populo
1305 2981 1412 3036 rite
1465 2977 1884 3034 celebrabatur.
1937 2977 2194 3032 Fuerunt
2247 2977 2446 3048 itaque

787 3073 1100 3148 disposita:
1131 3071 1190 3126 in
1223 3069 1463 3126 modum
1497 3083 1718 3121 coronae
1743 3066 1908 3120 sedes
1945 3065 2353 3136 episc0porum
2385 3066 2442 3120 in

787 3167 1002 3224 eadem
1035 3165 1240 3219 sancta
1267 3155 1663 3214 Lemovicensi
1695 3153 1956 3219 ecclesia,
1981 3169 2110 3224 quae
2139 3158 2227 3208 est
2256 3153 2445 3224 prima

781 3253 1062 3312 omnium
1095 3247 1475 3306 ecclesiarum
1497 3241 1714 3300 Galliae.
1747 3244 1818 3297 At
1848 3242 1944 3297 ubi
1977 3245 2202 3297 oratum
2249 3246 2358 3307 est,
2389 3246 2444 3297 et

785 3341 1078 3400 sederunt
1123 3333 1403 3410 episcopi,
1438 3333 1574 3388 data
1618 3331 1690 3386 ab
1721 3329 2128 3386 archidiacono
2177 3329 2442 3398 lectione,

784 3431 1092 3490 Jordanus
1124 3423 1382 3498 pontifex
1410 3421 1491 3477 ait
1523 3439 1536 3476 :
1572 3419 1758 3475 Cratla
1788 3419 1978 3474 divina
2006 3419 2330 3489 inspirante,
2361 3435 2448 3474 vo-

785 3525 1010 3578 catione
1036 3519 1222 3572 nostra
1249 3513 1483 3583 episcopi
1509 3511 1800 3581 prasentes
1847 3507 1917 3562 ad
1963 3511 2210 3562 nostrum
2236 3508 2442 3579 suffra-

785 3612 972 3682 gium,
1001 3605 1068 3660 de
1095 3602 1504 3676 quibuscunque
1548 3613 1680 3668 opus
1724 3596 1913 3666 fuerit,
1943 3595 2154 3666 dignatl
2195 3598 2325 3650 sunt
2355 3610 2444 3649 ve-

784 3700 1057 3768 nire,qua
1081 3691 1148 3748 de
1172 3707 1234 3746 re
1261 3689 1509 3745 omnium
1556 3689 1811 3752 vestrum,
1843 3683 2186 3739 dilectissimi
2234 3684 2441 3750 clerici,

785 3787 1151 3844 adnwnemus
1177 3783 1238 3834 ut
1265 3779 1326 3834 in
1355 3776 1452 3832 hoc
1477 3777 1661 3830 sancto
1688 3773 1916 3828 concilio
1945 3773 2224 3826 veritatem
2253 3773 2442 3826 nullus

778 3877 1028 3934 scienter
1051 3869 1298 3933 occultet,
1323 3865 1512 3920 nullus
1559 3865 1754 3918 timore
1801 3864 1896 3916 aut
1943 3864 2147 3932 favore,
2179 3862 2292 3914 sive
2311 3877 2439 3914 mu-

777 3979 942 4030 nere,
975 3963 1089 4016 sive
1116 3958 1469 4024 odio,rectam
1494 3949 1816 4024 perturbare
1831 3953 2127 4020 prsesumat
2139 3949 2436 4021 justitiam.

779 4055 862 4111 De
891 4049 1088 4106 ordine
1113 4043 1386 4118 siquidem
1430 4049 1612 4096 nostro
1659 4041 1718 4094 in
1762 4039 1960 4108 primis
1987 4037 2311 4108 loquendum
2341 4041 2436 4104 est,

777 4146 843 4197 ut
875 4155 1000 4212 qua
1023 4131 1347 4205 corrlgenda
1391 4132 1537 4195 sunt,
1571 4128 1674 4183 Deo
1724 4127 2045 4197 opitulante,
2071 4126 2438 4193 corrigantur,

773 4235 832 4289 et
886 4225 1173 4299 superﬂua
1225 4226 1550 4284 resecentur,
1599 4217 1827 4287 probata
1885 4229 2005 4268 vero
2063 4213 2130 4268 ab
2193 4214 2440 4268 omnibus

769 4316 1226 4378 corroborentur,
1273 4311 1539 4382 quatenus
1570 4307 1718 4360 inter
1745 4319 1842 4358 nos
1869 4303 2054 4356 unitas
2077 4303 2232 4372 pacis
2271 4303 2442 4372 firma

766 4406 1127 4482 permaneat.
1163 4401 1373 4455 Scimus
1401 4397 1546 4452 enim
1594 4395 1727 4466 quia
1771 4393 1832 4447 in
1873 4391 2127 4446 scissuris
2173 4391 2442 4445 mentium

773 4479 930 4554 Deus
959 4509 1071 4549 non
1097 4492 1253 4555 est,et
1284 4489 1424 4542 Deus
1474 4484 1686 4538 unitate
1713 4480 1948 4552 gaudet;
1975 4483 2025 4534 et
2076 4479 2166 4534 illi
2201 4480 2441 4549 gratiam

775 4589 905 4660 ejus
937 4581 1220 4636 merentur
1243 4575 1460 4638 habere,
1494 4571 1588 4644 qul
1615 4585 1670 4625 se
1698 4569 1766 4624 ab
1792 4569 2023 4623 invicem
2046 4582 2152 4638 per
2167 4571 2441 4622 sectarum

2475 1920 2530 1986 Α
2557 1921 2718 1988 nunt,
2749 1934 2834 1974 res
2861 1919 3169 1974 sanctuarii
3199 1919 3524 1990 pervadunt,
3549 1935 3816 1993 pauperes
3869 1921 4014 1978 mihi
4053 1937 4199 1979 com-

2559 2009 2747 2062 missos
2775 2015 2825 2063 et
2872 2007 3126 2064 Ecclesiae
3178 2009 3459 2064 ministros
3513 2009 3791 2080 a/ﬂigunt,
3846 2017 3900 2066 et
3949 2026 4057 2080 me,
4103 2013 4202 2083 qui

2557 2111 2742 2151 eorum
2791 2104 2975 2168 pastor
3001 2113 3144 2166 sum,
3193 2096 3258 2152 de
3300 2113 3434 2168 pace
3477 2097 3674 2154 audire
3716 2097 3930 2154 nolunt.
3981 2097 4196 2155 Omnes

2557 2183 2814 2256 episcopi
2843 2200 2957 2239 uno
2988 2200 3085 2239 ore
3142 2183 3415 2240 dixerunt
3445 2201 3458 2240 :
3492 2209 3522 2235 ι(
3553 2185 3661 2249 Qui
3719 2186 4029 2260 conturbat
4068 2203 4192 2256 vos,

2558 2271 2816 2344 portabit
2836 2272 3150 2342 judicium,
3175 2274 3509 2346 quicunque
3551 2277 3642 2330 est
3665 2273 3761 2330 ille
3787 2292 3800 2343 ;
3831 2274 4076 2348 dignum
4107 2279 4198 2332 est

2556 2361 2711 2416 enim
2744 2363 2810 2416 ut
2841 2359 3008 2426 tales,
3041 2360 3142 2432 qui
3185 2363 3348 2417 vobis
3377 2362 3666 2418 contraire
3710 2367 4093 2434 priesumunt,
4123 2363 4195 2419 ab

2556 2448 2823 2504 Ecclesiae
2854 2448 3266 2504 communione
3286 2449 3838 2506 abscidantur.Nam
3863 2451 4198 2524 quicunque

2555 2537 2717 2592 vobis
2743 2536 3010 2592 subditos
3036 2537 3512 2604 conturbant,vos
3537 2537 3928 2606 conturbant;
3961 2539 4062 2611 qui
4093 2556 4196 2595 au-

2554 2630 2672 2680 tem
2719 2642 2820 2680 vos
2867 2626 3241 2692 conturbant,
3277 2625 3572 2682 Christum
3619 2627 3989 2694 conturbant,
4021 2628 4194 2698 cujus

2553 2713 2676 2769 vice
2705 2713 2960 2786 episcopi
3008 2712 3299 2787 legatione
3331 2714 3674 2786 funguntur.
3707 2715 3956 2786 Ideoque
3985 2715 4192 2772 divinae

2554 2807 2611 2857 et
2640 2801 2966 2874 apostolica:
2997 2802 3300 2858 severitate
3329 2803 3708 2860 districtionis
3737 2803 3898 2876 digni
3927 2807 4102 2874 sunt;
4133 2808 4193 2860 et

2555 2907 2588 2945 a
2619 2895 2818 2946 nostro
2848 2890 3092 2946 concilio
3113 2891 3278 2962 justo
3309 2891 3676 2948 anathemate
3706 2889 4013 2964 plectendi,
4045 2907 4190 2964 quo-

2555 2994 2740 3050 usque
2772 2980 3068 3034 fructuose
3097 2980 3428 3050 poenitendo
3457 2979 3820 3052 resipiscant.
3853 3001 3882 3030 »

2563 3094 2572 3103 -
2625 3069 2790 3124 Tunc
2817 3067 3141 3134 Odolricus,
3172 3069 3507 3124 monasterii
3559 3069 4065 3127 reverentissimus
4099 3087 4196 3144 pa-

2553 3161 2658 3223 ter,
2691 3157 2894 3222 sacris,
2931 3162 2993 3211 ut
3013 3158 3182 3227 juxta
3213 3157 3546 3228 pontiﬁcem
3591 3157 3902 3226 residebat,
3933 3157 4194 3216 vestibus

2552 3250 2819 3315 ornatus,
2865 3244 2925 3299 in
2977 3261 3189 3300 corona
3235 3245 3640 3316 episcoporum
3670 3261 4012 3319 exsurgens,
4044 3247 4194 3303 facto

2555 3332 2804 3404 silentio,
2837 3333 2983 3388 dixit
3011 3332 3271 3405 pontiﬁci
3305 3350 3318 3389 :
3353 3356 3381 3395 ᾳ
3415 3333 3956 3407 Rogamus,optime
3996 3334 4194 3408 ponti-

2555 3422 2664 3490 fex,
2698 3421 3075 3477 reverentiam
3108 3415 3329 3478 ordinis
3375 3421 3574 3491 vestri,
3625 3425 3690 3478 ut
3727 3422 4074 3494 priusquam
4121 3424 4194 3479 de

2553 3509 2931 3582 quibuspiam
2964 3509 3564 3582 conferatur,quaastio
3595 3508 3860 3566 Ecclesia
3889 3513 4092 3566 vestras
4118 3511 4191 3568 de

2552 3597 2878 3670 apostolatu
2907 3598 3060 3654 beati
3092 3597 3373 3654 Martialis
3403 3597 3720 3670 prudenter
3747 3595 4046 3665 ventilata,
4093 3597 4189 3656 hic

2551 3686 2878 3742 secundum
2909 3685 3170 3759 regulam
3202 3686 3462 3743 veritatis
3492 3703 3694 3760 pacem
3742 3685 3998 3742 inveniat
4028 3701 4044 3744 :
4077 3686 4188 3744 hac

2549 3775 2705 3829 enim
2737 3775 3023 3846 praecipue
3049 3775 3120 3830 de
3140 3791 3200 3830 re
3217 3791 3323 3848 ego
3343 3778 3401 3832 et
3415 3791 3514 3831 vos
3527 3773 3838 3832 concilium
3857 3774 3968 3831 hoc
3989 3791 4188 3849 aggre-

2549 3879 2686 3936 gare
2733 3863 3089 3919 curavimus.
3121 3863 3265 3919 Ecce
3313 3863 3614 3920 vobiscum
3647 3863 3834 3920 sancti
3877 3868 4188 3936 praesentes

2550 3951 2806 4024 episcopi
2836 3952 2893 4006 in
2927 3952 3161 4008 nomine
3198 3951 3448 4024 Spiritus
3479 3952 3664 4008 sancti
3694 3953 3930 4021 adsunt,
3970 3969 4100 4010 ecce
4128 3953 4188 4009 in

2551 4039 2762 4095 divinis
2792 4045 2848 4096 et
2879 4039 3257 4096 saecularibus
3270 4041 3578 4112 scripturis
3594 4041 3806 4098 eruditi
3823 4044 4032 4114 praesto
4054 4045 4192 4099 sunt

2549 4127 2764 4199 plures.
2789 4129 2932 4184 Ecce
2963 4128 3296 4200 quicunque
3344 4128 3512 4184 nobis
3543 4129 3938 4184 contradicere
3966 4127 4092 4184 vult
4119 4129 4192 4184 de

2549 4216 2657 4271 hac
2691 4233 2772 4282 re,
2803 4233 2920 4287 qua
2939 4217 3174 4270 beatum
3205 4216 3530 4272 Martialem
3554 4217 3899 4288 proﬁtemur
3917 4233 4044 4273 esse
4061 4233 4195 4288 apo-

2547 4303 2785 4371 stolum,
2819 4308 2875 4358 et
2903 4303 3244 4358 memoriam
3276 4304 3328 4359 ei
3360 4303 3580 4376 ubique
3610 4303 3668 4358 in
3709 4303 3922 4360 divinis
3951 4309 4191 4376 aposto-

2547 4390 2720 4446 licam
2771 4389 3136 4457 exhibemus,
3170 4407 3302 4446 cum
3333 4389 3548 4446 ﬁducia
3575 4395 3740 4448 exeat
3775 4407 3970 4448 coram
4001 4391 4187 4459 vobis,

2546 4484 2605 4535 et
2626 4485 2726 4535 aut
2757 4480 3066 4535 mendaces
3097 4495 3204 4534 ncs
3237 4497 3338 4552 per
3367 4479 3653 4536 rationem
3675 4481 3964 4548 ostendat,
3996 4484 4054 4536 et
4077 4497 4188 4537 nos

2545 4567 2794 4624 libenter
2823 4567 2872 4622 ei
2903 4567 3344 4639 acquiescamus
3369 4585 3382 4635 ;
3414 4571 3536 4638 aut,
3569 4567 3722 4640 quod
3769 4572 3878 4624 Deo
3909 4584 4076 4640 opem
4103 4567 4186 4624 fe-

772 4644 1049 4730 scandala
1077 4683 1188 4724 non
1235 4663 1504 4720 divldunt.
1553 4660 1612 4715 Si
1660 4659 1783 4731 quis
1831 4673 1954 4712 vero
2001 4655 2067 4710 de
2111 4657 2295 4726 aliquo
2332 4655 2440 4710 sibi
2467 4644 2512 4712 C
2548 4661 2708 4712 rente
2738 4655 3050 4724 credimus,
3083 4672 3314 4712 veraces
3345 4673 3450 4712 nos
3479 4656 3753 4724 inveniat,
3787 4660 3845 4712 et
3881 4657 4184 4713 veritatem

774 4761 990 4818 dubius
1020 4771 1134 4812 esse
1160 4753 1495 4818 videtur,aut
1521 4750 1662 4820 forte
1689 4746 1754 4802 de
1779 4760 2101 4818 quacunque
2127 4759 2188 4798 re
2215 4747 2432 4798 caeteros

772 4851 945 4922 putat
973 4839 1449 4917 reprehensibiles,
1483 4839 1640 4892 exeat
1684 4836 1744 4890 in
1788 4833 2046 4922 medium,
2080 4836 2134 4922 et
2161 4831 2434 4922 liberetli-

772 4919 960 5005 cat,ut
991 4937 1092 4989 aut
1120 4931 1308 4986 doceat
1339 4935 1435 4982 aut
1487 4925 1760 4987 doceatur,
1791 4925 1843 4976 et
1890 4919 2166 4986 derogatio
2212 4920 2438 4988 confun-

772 5027 952 5085 datur
978 5022 1046 5078 de
1069 5019 1421 5093 fraternitate
1454 5013 1740 5069 Ecclesiaer
1759 5009 1983 5080 Ideoque
2010 5006 2098 5061 hic
2130 5009 2191 5061 in
2219 5008 2440 5061 nomine

772 5118 913 5175 Jesu
966 5108 1288 5179 congregati
1337 5119 1448 5160 esse
1490 5101 1756 5164 videmur,
1783 5097 2022 5170 qualiter
2055 5097 2286 5168 justitia
2331 5096 2439 5150 sibi

774 5208 932 5260 inter
958 5215 1057 5255 nos
1090 5198 1266 5252 locum
1296 5193 1621 5258 inveniat,et
1645 5189 1853 5260 inj-usta
1884 5183 2270 5256 exploduntur.

853 5290 1125 5359 Cumque
1158 5285 1229 5339 de
1258 5278 1471 5338 divinis
1500 5276 1747 5334 strictim
1771 5277 1924 5330 esset
1948 5273 2438 5344 disputatum,ite-

777 5395 922 5439 rum
952 5374 1212 5450 pontifex
1241 5370 1324 5427 ait
1354 5387 1367 5426 :
1399 5370 1646 5424 Dolorem
1689 5363 1864 5420 corrlls
1904 5363 2014 5416 mei
2043 5361 2189 5416 vobis
2220 5364 2435 5432 patefa-

774 5471 888 5536 cio,
922 5483 954 5523 ο
979 5460 1320 5520 venerabiles
1349 5456 1658 5529 episcopi,et
1686 5452 1888 5524 reliqui
1923 5450 2170 5504 mlnistri
2195 5450 2432 5516 Domini,

775 5562 832 5616 et
860 5556 1163 5612 clamorem
1188 5549 1334 5622 facio
1375 5545 1442 5600 de
1491 5541 1844 5600 saecularibus
1877 5537 2233 5609 potestatibus
2269 5554 2434 5608 paro-

775 5645 1002 5704 chianis
1023 5638 1288 5712 meiszqui
1317 5635 1610 5690 Ecclesium
1655 5631 1752 5686 Dei
1781 5629 2018 5700 quietam
2062 5641 2176 5682 esse
2222 5642 2333 5682 non
2357 5629 2434 5682 εί-

855 5767 934 5841 (1)
964 5762 1320 5841 Fragmenta
1347 5757 1606 5841 ediderat
1655 5750 1871 5841 Bittius
1897 5748 2398 5841 pqstABaro‘nipm
2418 5769 2431 5819 ;

778 5820 944 5900 nunc
964 5820 1274 5908 inteugrum
1305 5829 1366 5885 in
1395 5829 1586 5908 lucem
1603 5823 1875 5908 proditas
1890 5820 2432 5908 codipe'ms.biblio-

777 5888 1284 5978 ῖίέᾶθῆᾘῖῖθηω.
1317 5932 1382 5943 -
1413 5901 1580 5957 Anno
1603 5888 1770 5964 1031,
1813 5909 1928 5950 non
1979 5889 2135 5956 1034,
2167 5888 2434 5951 habitum

1127 6031 1400 6094 PATROL.
1446 6021 1673 6090 CXLII.

2543 4761 2676 4801 cum
2711 4763 2848 4819 pace
2879 4744 3180 4818 suscipiat.
3213 4744 3406 4800 Toties
3445 4761 3544 4800 vos
3592 4744 3927 4818 rogavimus
3972 4748 4038 4800 ut
4084 4745 4184 4800 lir-

2544 4835 2719 4890 miter
2747 4835 2803 4888 in
2835 4834 3109 4890 omnibus
3138 4833 3396 4890 ecclesiis
3409 4837 3464 4888 et
3478 4833 3846 4890 monasteriis
3865 4850 3969 4906 per
3988 4834 4187 4889 Lemo-

2545 4923 2799 4979 vicinum
2829 4923 3148 4978 statueritis
3180 4922 3330 4978 hanc
3362 4921 3622 4996 regulam
3659 4922 3833 4978 toties
3863 4921 4184 4978 excusastis

2547 5012 2604 5068 id
2637 5029 2738 5068 vos
2768 5012 3011 5067 minime
3041 5011 3698 5084 agerevelle,quousque
3717 5014 3848 5082 post
3877 5010 4182 5084 epistolam

2545 5117 2705 5172 papae
2735 5099 2979 5156 Joannis
3000 5099 3058 5155 ia
3091 5099 3336 5156 concilio
3358 5101 3512 5172 apud
3551 5100 3702 5156 hanc
3727 5100 3924 5156 sedem
3945 5116 4124 5156 causa
4153 5116 4188 5156 a

2545 5188 3132 5260 comprovincialibus
3183 5188 3473 5262 episcopis
3507 5189 3826 5258 audiretur,
3857 5193 3916 5244 et
3940 5189 4186 5261 dignum

2544 5281 2601 5332 et
2617 5279 2844 5348 justum
2859 5281 3033 5348 atque
3049 5275 3390 5332 rationabile
3414 5278 3538 5334 fieri
3561 5295 3664 5350 per
3689 5277 4065 5350 antiquorum
4083 5294 4186 5334 au-

2547 5365 2868 5422 ctoritatem
2901 5365 3287 5436 judicaretur,
3323 5381 3393 5420 ne
3434 5366 3702 5424 videlicet
3743 5383 3846 5424 vos
3893 5366 4021 5423 sine
4049 5383 4186 5423 con-

2545 5453 2703 5508 sultu
2731 5451 3052 5508 vicinorum
3085 5468 3254 5524 agere
3283 5453 3626 5508 videremini
3657 5455 4086 5528 episcOporum,
4114 5470 4187 5510 ne

2543 5542 2733 5598 elatus
2765 5545 2866 5594 aut
2917 5543 3304 5612 praesumptor
3351 5541 3690 5598 diceremini
3722 5559 3756 5598 a
3797 5542 4118 5598 malevolis.
4156 5563 4185 5591 ››

2616 5631 2683 5684 Et
2711 5627 2966 5700 pontifex
2995 5629 3076 5684 ait
3109 5645 3122 5684 :
3149 5628 3302 5687 Sicut
3320 5631 3566 5703 primum
3601 5647 3636 5686 a
3675 5633 3914 5688 Romano
3937 5647 4102 5702 papa,
4133 5637 4186 5685 et

2545 5770 2673 5836 esse
2704 5750 3088 5836 invictissime
3109 5753 3336 5836 probat_
3359 5754 3483 5836 dies
3513 5753 3638 5836 ipse
3666 5751 4183 5836 quodincboatum

2545 5829 2869 5894 est,nempe
2899 5821 3082 5894 illul.
3108 5821 3404 5894 Decemb.,
3449 5821 3733 5893 incidens,
3783 5828 3848 5880 ut
3893 5826 4184 5879 testantur

2545 5891 2668 5954 hinc
2690 5891 2820 5952 acta
2845 5891 2956 5950 col.
3000 5893 3148 5964 I362,
3172 5893 3232 5950 in
3263 5896 3366 5952 fer.
3399 5913 3450 5955 ν.
