2493 3255
327 248 413 282 1361

862 251 963 284 ACTA
984 250 1147 283 CONCILII
1168 251 1453 284 LEMOVICENSIS
1476 249 1514 283 Ῑῐ.

1955 248 2047 281 1362.

328 328 346 345 ιε
364 316 413 346 Illi
426 318 518 346 autem
539 317 655 355 profecti
674 318 894 355 pradieaverunt
915 320 1025 356 ubique,
1044 319 1157 348 Domino
1171 319 1199 353 Α
1214 319 1360 356 longiores
1375 318 1479 347 faciam
1492 326 1552 352 vos,
1569 325 1585 346 ο
1608 315 1788 346 venerabiles
1815 315 1912 345 Patres
1936 316 1987 353 qui
2001 316 2032 346 in

327 373 347 390 α
362 366 534 399 cooperante,
559 366 585 391 el
605 370 757 391 sermonem
780 365 960 400 conﬁrmante
987 364 1159 400 sequentibus

325 420 342 434 ι(
361 408 453 443 signis
467 407 560 443 (Marc.
576 407 644 443 XVI).
658 408 815 443 Apostolus
831 408 931 436 nullus
945 408 1011 443 fuit,
1027 408 1083 436 nisi
1107 407 1158 444 qui

325 464 342 479 u
361 460 381 480 a
395 451 562 479 Jerusalem
578 451 725 487 profectus
741 454 795 485 est,
811 452 924 480 dicente
945 452 1021 480 Isaia
1047 453 1081 480 De
1093 452 1159 479 Sion

325 509 341 522 ι(
357 497 449 524 exibit
464 497 518 528 lex,
535 498 561 523 et
574 496 684 523 verbum
698 497 807 524 Domini
821 497 853 524 de
870 497 1021 524 Jerusalem
1038 497 1097 532 (Isa.
1115 496 1156 531 ii).

325 553 342 566 «
361 543 497 576 Itemque
513 540 656 568 Dominus
671 540 710 567 ait
727 549 733 568 :
751 541 894 576 Oportebat
910 541 1046 568 Christum
1058 542 1158 576 pali,et

326 596 339 610 ι
357 584 518 621 praedicare
527 585 555 611 in
567 585 676 612 nomine
682 586 738 621 ejus
746 586 966 620 pleniteniiamet
974 586 1158 612 remissionem

323 642 340 655 ‹‹
357 633 533 666 peccatorum
547 629 575 656 in
592 637 682 656 omnes
691 630 954 665 gentcs,incz'pientes
965 630 998 657 ab
1011 630 1159 665 Hierosoly-

326 684 340 698 ι
358 682 408 701 ma
423 674 496 709 (Luc.
512 673 642 708 xxxv).Et
656 673 725 700 alibi
741 673 811 701 dicit
828 683 834 701 :
851 674 935 701 Eritis
950 674 1022 701 mihi
1037 678 1114 701 testes
1126 675 1156 700 in

323 731 335 743 ιι
357 720 559 750 Jerusatem,et
573 718 603 744 in
613 718 688 744 omni
698 717 839 751 Jud.’ea,et
851 719 1015 750 Samaria,et
1025 726 1108 753 usque
1122 717 1158 744 ad

319 775 336 787 ‹‹
354 763 491 790 ultimum
505 766 587 789 terrae
603 762 671 797 (Act.
689 761 719 797 ι).
742 761 794 789 Ubi
823 764 920 789 autem
947 764 990 789 est
1007 761 1087 789 locus
1108 762 1156 789 ubi

318 819 335 832 ‹‹
358 807 488 835 Frontus
504 806 661 841 Georgium
674 805 780 842 legitur
791 807 969 834 suscitasse?
980 806 1065 833 Porro
1078 806 1156 841 apud

319 864 336 877 (ι
357 851 426 879 Else
435 852 617 878 monstratur
624 858 740 886 semper
750 850 831 878 locus
840 850 888 877 ubi
900 850 1041 878 Martialis
1050 850 1159 878 Austri-

321 908 336 921 α
356 894 523 923 clinianum
533 894 694 922 suscitavit.
704 894 848 922 Martinus
860 894 1038 922 Turonensis
1047 896 1157 921 tantam

319 951 336 966 ‹‹
356 941 428 976 post
439 938 590 974 apostolos
602 938 725 974 gratiam
742 947 759 966 a
773 939 831 966 Deo
847 938 955 975 legitur
971 938 1158 971 habuisse,ut

319 996 336 1011 ι(
357 983 453 1012 trium
470 984 655 1010 mortuorum
671 983 828 1010 suscitator
844 982 1082 1018 ﬁeret.Discipuli
1095 983 1158 1018 ejus

319 1040 336 1054 ‹‹
355 1028 463 1057 orbem
471 1026 614 1055 lustrasse
629 1027 806 1059 dicuntur,si
819 1035 906 1063 quem
919 1027 990 1054 forte
1002 1028 1159 1062 tuncjuve-

319 1085 336 1099 ιι
357 1080 430 1100 nem
442 1071 570 1099 invenire
582 1071 745 1107 potuissent
758 1071 786 1098 in
795 1071 982 1099 suscitatione
990 1071 1078 1098 trium
1086 1079 1159 1098 mor-

320 1130 337 1144 ‹‹
357 1119 485 1145 tuorum
496 1115 620 1143 Martino
631 1115 829 1148 similem,nee
845 1115 974 1142 invenire
990 1117 1157 1151 potuerunt.

320 1173 337 1188 ι(
356 1161 412 1189 Dic
428 1160 523 1193 nobis,
540 1160 638 1192 frater,
651 1168 725 1195 quos
749 1162 901 1195 martyres,
915 1168 987 1195 quos
1014 1159 1158 1187 confesso-

319 1219 335 1232 κ
356 1213 421 1239 res,
428 1212 502 1240 quas
517 1203 645 1240 virgines
662 1203 756 1239 legisti
772 1206 838 1239 post
853 1203 1000 1239 apostolos
1012 1203 1089 1231 ultra
1100 1206 1159 1231 tres

317 1263 334 1276 ‹‹
355 1250 494 1278 mortuos
521 1247 699 1276 suscitasse?
715 1247 860 1275 Nimirum
885 1248 939 1275 hac
964 1247 993 1274 in
1018 1256 1048 1275 re
1071 1248 1158 1276 etiam

318 1307 335 1320 α
356 1292 506 1322 Martialis
520 1292 685 1320 ostenditur
697 1301 761 1320 vere
773 1292 921 1328 apostolus
933 1300 1007 1325 esse,
1019 1300 1052 1319 eo
1069 1293 1156 1328 quod,

320 1351 338 1366 «
355 1337 527 1367 utmultam
536 1337 594 1364 Deo
607 1336 799 1373 gentilitatem
812 1337 1020 1372 acquirerct,ut
1033 1337 1157 1364 fructum

321 1395 338 1410 ‹‹
357 1381 526 1420 plurimum
551 1381 677 1414 afferret,
694 1390 744 1409 sex
767 1383 899 1408 mortuos
927 1383 1067 1416 tanquam
1093 1389 1158 1408 vere

320 1440 336 1454 «ι
358 1425 516 1463 apostolus
530 1425 691 1454 suscitavit.
710 1426 765 1453 Sed
781 1425 860 1461 ipsos
877 1427 1007 1453 mortuos
1032 1425 1061 1452 in
1081 1425 1159 1453 testi-

321 1484 339 1499 ‹‹
356 1471 497 1500 monium
512 1470 644 1498 veritatis
659 1478 818 1506 possumus
835 1469 986 1497 ostendere
1002 1469 1031 1496 in
1050 1470 1158 1505 quibus

321 1529 338 1543 ‹‹
351 1515 461 1553 jaoent
484 1514 693 1542 monumentis.
710 1514 971 1541 Austricliniauum
997 1513 1114 1550 quippe,
1132 1516 1160 1541 et

319 1574 335 1587 ι(
356 1560 459 1589 ﬁlium
475 1559 584 1592 Nervae,
600 1559 732 1595 duosque
747 1558 892 1586 idolorum
909 1558 1160 1593 pontifices,atque

319 1618 336 1633 ς(
356 1603 544 1640 armigerum
559 1602 709 1639 Stephani,
727 1605 755 1631 et
771 1602 865 1630 filium
886 1603 1000 1630 Arcadii
1027 1603 1159 1630 novimus

320 1662 337 1678 ιι
357 1648 415 1678 ubi
432 1647 616 1684 quiescentes
631 1649 799 1683 exspectent
824 1646 1064 1674 resurrectionem
1081 1655 1158 1674 mor-

321 1707 338 1722 (ί
357 1681 609 1722 tuorum.Prseter
619 1691 673 1719 hos
684 1681 840 1719 suscitavit
853 1690 1059 1727 puellam,qua:
1074 1699 1160 1727 quas-|
1175 1681 1197 1714 Ο

320 1752 338 1766 ‹‹
359 1739 484 1766 mortua
500 1736 575 1763 facta
589 1738 651 1763 erat
667 1735 808 1763 dilaniata
822 1744 838 1763 a
855 1735 1008 1762 daemonio.
1025 1735 1095 1762 ltem
1116 1744 1163 1771 pe-

321 1796 339 1810 ι(
359 1790 419 1811 nes
435 1779 640 1809 Mauritaniam
655 1779 795 1816 oppidum
813 1779 1005 1813 maritimum,
1023 1780 1072 1814 qui
1096 1782 1163 1807 ante

321 1826 455 1864 «pedes
470 1825 535 1861 ejus
550 1824 635 1860 quasi
650 1824 757 1852 mortui
768 1824 917 1859 jacebant,
932 1825 963 1851 ut
979 1826 1102 1851 cunctus
1117 1832 1165 1859 po-

321 1884 339 1899 ‹‹
359 1869 457 1908 pulus
471 1870 604 1896 mortuos
627 1877 677 1896 eos
705 1868 844 1901 crederet,
861 1876 967 1894 novum
984 1867 1072 1895 simul
1088 1868 1165 1896 viros

321 1927 343 1944 cr
359 1912 532 1944 suscitavit.
544 1912 702 1940 Veritatem
716 1912 852 1945 dico,non
869 1911 1011 1946 mentior;
1022 1912 1078 1939 nisi
1091 1912 1161 1939 Mar»

322 1971 343 1988 «ι
360 1958 450 1988 tialis
457 1957 495 1985 ab
505 1965 538 1985 eo
550 1957 601 1993 qui
614 1956 767 1992 discipulis
779 1956 840 1984 suis
852 1957 1024 1992 potestatem
1037 1958 1167 1984 mortuos

320 2017 340 2032 ‹‹
361 2001 532 2032 suscitandi
548 2001 678 2035 tradidit,
690 2003 802 2028 tantam
819 2000 970 2036 signorum
981 2000 1105 2036 gratiam
1118 2001 1169 2031 ha.

322 2062 340 2077 «ι
360 2048 462 2079 heret,
479 2054 535 2074 non
550 2047 662 2073 tantam
678 2044 749 2072 caelo
772 2044 967 2080 gentilitatem
993 2045 1167 2080 ucquirerct'

320 2107 339 2122 ιι
359 2090 492 2121 Talibus
505 2089 597 2126 signis
606 2089 722 2117 barbari
732 2088 816 2116 facile
824 2090 944 2124 potuere
954 2088 1042 2115 ﬁdem
1053 2089 1170 2116 etChri-

319 2151 338 2166 α
359 2135 405 2166 sti
421 2142 529 2162 nomen
546 2133 706 2169 suscipere.
723 2133 781 2160 Nos
797 2134 873 2160 atem
891 2133 939 2165 ita,
955 2133 1011 2160 Deo
1027 2141 1112 2168 opem
1128 2133 1170 2161 fe-

319 2195 339 2210 α
360 2179 462 2212 rente,
475 2178 505 2206 in
520 2177 651 2206 Ecclesia
666 2176 810 2205 catholica
823 2178 991 2204 constantes
1016 2185 1121 2204 sumus
1143 2186 1172 2221 et

321 2238 341 2255 ,ι
361 2222 468 2256 solidi,
481 2224 523 2255 ut,
533 2221 668 2258 qnamvis
680 2221 779 2248 omnia
788 2221 849 2248 haec
860 2220 982 2255 apostoli
995 2220 1088 2247 officio
1097 2220 1171 2250 Mar;

319 2283 339 2298 α
360 2266 452 2297 ﬁalis
476 2266 579 2303 egerit,
596 2265 676 2293 nullo
697 2267 794 2292 tamen
821 2267 903 2300 pacto
930 2273 997 2292 cum
1014 2265 1171 2293 fateremur

320 2326 342 2342 ,ι
361 2310 550 2349 apostolum,
567 2309 622 2338 hoc
646 2311 691 2337 est
705 2308 834 2344 legatum
851 2309 913 2341 Dei,
927 2308 984 2336 nisi
1008 2308 1062 2336 hoc
1082 2309 1169 2337 etiam

1212 365 1265 392 hoc
1277 364 1423 392 interestis
1434 361 1566 398 concilio,
1574 362 1629 390 hoc
1640 364 1754 389 tantum
1765 361 1889 389 breviter
1899 360 2035 397 perstrin-

1213 417 1291 445 gam,
1307 408 1376 445 quia
1402 415 1552 443 nunquam
1577 414 1671 442 usqne
1696 406 1731 433 ad
1757 406 1835 433 hunc
1861 405 2035 434 hodiernum

1212 453 1359 489 diem,qui
1375 454 1419 480 est
1433 451 1537 487 quinta
1552 450 1672 478 Sabbati
1689 451 1746 486 (xxv
1756 450 1979 484 Kal.Decembr.,
1995 451 2036 486 fe-

1213 499 1256 525 ria
1270 498 1310 532 v),
1324 497 1417 524 factus
1432 498 1475 523 est
1493 495 1564 522 liber
1582 495 1608 521 in
1624 496 1683 522 toto
1699 495 1767 522 orbe
1782 494 1995 530 terrarum,qui
2005 495 2035 522 in

1213 542 1312 568 ordine
1330 540 1526 576 apostolorum
1543 547 1592 574 per
1608 538 1725 566 litanias
1740 538 1847 566 habeat
1861 538 1969 574 scripta
1985 547 2037 566 no-

1214 586 1293 613 mina
1320 585 1427 618 Fronti,
1444 583 1602 615 Saturnini,
1620 583 1758 618 Dionysii,
1779 582 1900 616 Juliani,
1916 583 2035 610 Austro-

1213 629 1314 662 monii,
1324 629 1429 660 Ursini.
1444 636 1536 664 neque
1552 627 1686 660 aliorum,
1696 629 1743 662 qui
1761 626 1991 662 postMartialcm
2004 627 2033 654 in

1213 674 1334 701 Galliam
1350 675 1498 704 venerunt,
1518 672 1652 705 Patrum;
1670 671 1810 699 Martialis
1825 679 1890 698 vero
1914 679 2031 703 nomen,

1213 718 1315 753 utjam
1331 718 1400 750 dixi,
1416 719 1444 745 et
1460 717 1487 743 in
1504 715 1710 743 vetustissimis
1724 715 1884 750 Aquitania:
1900 717 1928 742 et
1943 715 2032 742 Fran-

1212 762 1271 795 cize,
1290 771 1341 789 nec
1363 770 1420 789 non
1445 764 1473 789 et
1498 759 1653 796 Hispanias,
1670 759 1729 787 sive
1752 759 1875 787 aliarum
1900 759 2032 795 gentium

1213 806 1306 841 libris,
1323 815 1373 843 per
1388 806 1557 833 innumeras
1578 804 1696 832 litanias
1713 812 1779 831 cum
1805 803 1870 831 aliis
1894 803 2032 839 apostolis

1213 851 1385 887 inscriptum
1401 849 1588 885 comperitur.
1600 848 1728 884 Denique
1740 848 1790 883 qui
1804 856 1870 875 eum
1883 848 1912 875 in
1928 848 2033 875 duode-

1213 895 1269 922 cim
1286 894 1478 930 apostoloram
1495 893 1568 921 serie
1585 901 1635 928 per
1650 894 1794 919 Canonem
1811 892 1907 919 missae
1932 893 1961 919 et
1983 900 2034 927 per

1213 940 1271 967 atia
1287 939 1350 967 loca
1365 939 1554 974 scripserunt,
1571 937 1647 964 sicut
1662 936 1795 968 Paulum,
1809 937 1837 963 et
1859 936 2032 967 Barnabam,

1214 984 1333 1017 Lucam,
1349 986 1377 1011 et
1397 983 1537 1015 Marcum,
1551 983 1578 1008 et
1606 980 1774 1016 Cleopham,
1790 988 1848 1007 non
1874 979 1973 1015 utique
2003 980 2032 1007 id

1214 1027 1402 1064 agerent,nisi
1413 1035 1480 1054 eum
1491 1034 1556 1053 vere
1568 1024 1732 1061 apostolum
1745 1024 1851 1052 scirent
1862 1024 1974 1057 esse,de
1985 1023 2033 1051 illo

1213 1072 1325 1100 scilicet
1340 1071 1439 1099 ordine
1456 1079 1512 1106 quo
1530 1069 1667 1097 dicuntur
1691 1076 1756 1096 esse
1780 1067 1903 1104 apostoli
1927 1067 2034 1095 Paulus

1214 1118 1299 1151 atque
1316 1115 1472 1143 Barnabas.
1490 1126 1503 1139 ν

1248 1161 1288 1188 Ad
1306 1160 1365 1187 hzcc
1380 1168 1413 1186 ex
1428 1158 1539 1186 clericis
1564 1157 1842 1193 Engolismensibus,
1860 1157 1908 1192 qui
1934 1158 2032 1185 tamen

1215 1205 1311 1232 minus
1326 1204 1458 1232 eruditus
1477 1205 1547 1235 erat,
1566 1202 1685 1238 quidam
1699 1209 1730 1228 se
1743 1200 1887 1237 opposuit,
1904 1200 2004 1228 dicens
2022 1209 2028 1227 :

1213 1261 1226 1274 ‹‹
1244 1249 1272 1277 Si
1287 1257 1391 1276 nomen
1408 1246 1549 1275 Martialis
1565 1245 1741 1273 inveniretur
1764 1245 1791 1272 in
1807 1244 1924 1272 Actibus
1948 1252 2030 1280 apos-

1212 1293 1348 1326 tolorum,
1364 1292 1508 1320 sufﬁceret
1522 1291 1617 1318 nobis.
1634 1302 1647 1314 ι)

1248 1337 1300 1365 Cui
1317 1346 1382 1364 mox
1398 1336 1517 1372 quidam
1533 1335 1665 1363 eruditus
1677 1343 1710 1362 ex
1726 1334 1798 1370 ipsis
1808 1332 2033 1370 Engolismensi-

1213 1383 1268 1410 bus
1284 1381 1406 1413 clericis,
1419 1381 1468 1416 qui
1484 1382 1553 1408 tunc
1569 1379 1605 1406 ab
1624 1379 1792 1415 Engolisma
1807 1386 1873 1405 cum
1898 1377 2032 1413 episcopo

1213 1426 1332 1454 Rohone
1343 1426 1378 1452 ad
1389 1424 1544 1452 concilium
1557 1425 1683 1456 venerat,
1692 1422 2009 1458 obviavit,respondens
2026 1429 2033 1449 :

1214 1483 1226 1495 α
1244 1470 1385 1505 Adjurare
1399 1468 1549 1504 episcopos
1565 1467 1594 1494 in
1609 1466 1731 1494 concilio
1746 1466 1804 1494 isto
1817 1465 1984 1494 audivimus
2000 1474 2035 1494 ne

1214 1514 1279 1550 quis
1294 1513 1418 1541 scienter
1428 1512 1473 1539 hic
1482 1513 1575 1539 taceat
1584 1511 1733 1538 veritatem
1742 1519 1748 1543 ;
1757 1511 1879 1545 ideoque
1894 1510 1930 1538 de
1945 1509 1998 1537 hac
2006 1517 2036 1537 re

1215 1567 1271 1586 non
1288 1558 1380 1585 audeo
1397 1557 1468 1592 quin
1483 1556 1535 1583 tibi
1552 1563 1649 1583 coram
1672 1554 1808 1582 omnibus
1833 1555 2035 1590 respondeam.

1214 1602 1339 1631 Nomina
1353 1600 1539 1637 septuaginta
1553 1600 1679 1626 duorum
1695 1607 1747 1626 nec
1762 1599 1792 1626 in
1805 1597 1968 1634 Evangeliis
1984 1605 2036 1625 nec

1216 1648 1245 1675 in
1264 1646 1384 1674 Actibus
1405 1643 1602 1681 apostolorum
1625 1643 1822 1674 inveniuntur,
1845 1644 1873 1669 et
1893 1640 2035 1669 Martialis

1217 1691 1316 1728 procul
1333 1690 1420 1718 dubio
1436 1697 1512 1716 unus
1527 1690 1571 1715 est
1585 1688 1620 1715 de
1635 1687 1693 1714 illis
1707 1686 1892 1722 septuaginta
1906 1685 2033 1713 duobus.

1217 1735 1337 1768 Quando
1353 1735 1448 1761 autem
1459 1731 1619 1767 discipulus
1630 1730 1711 1758 Pauli
1724 1730 1815 1757 Lucas
1827 1730 1916 1756 Actus
1925 1730 2037 1764 aposto-

1218 1780 1311 1807 lorum
1337 1778 1463 1813 scripsit,
1477 1777 1538 1812 jam
1564 1777 1630 1803 ante
1645 1774 1872 1811 triginta'annos
1896 1771 2036 1801 Martialis

1219 1824 1295 1859 apud
1323 1821 1508 1858 Aquitaniam
1534 1819 1721 1848 erat.Tacuit
1744 1819 1834 1845 Lucas
1859 1817 1894 1845 de
1913 1816 2038 1844 adventu

1219 1868 1295 1896 Petri
1320 1867 1348 1894 in
1374 1865 1568 1897 Antiochiam,
1585 1863 1677 1891 tacuit
1701 1863 1736 1890 de
1760 1863 1885 1890 adventu
1902 1860 1978 1889 Petri
2003 1860 2038 1888 ad

1221 1913 1323 1940 urbem
1340 1911 1471 1938 Romam.
1483 1909 1512 1936 Si
1529 1908 1589 1935 haec
1604 1908 1661 1935 duo
1674 1908 1804 1943 tangeret
1818 1906 1912 1942 plene,
1923 1907 1952 1933 et
1965 1905 2040 1932 Mar-

1220 1956 1319 1984 tialem
1335 1963 1390 1982 non
1404 1953 1576 1989 exprimeret
1591 1951 1774 1983 nominatim,
1786 1951 1867 1985 juste
1882 1947 2040 1977 mirareris.

1222 2001 1329 2028 Verum
1341 1998 1409 2034 quia
1420 1998 1520 2024 Petrus
1531 1996 1560 2023 in
1569 1993 1872 2027 Antiochiam,debino
1887 1993 1923 2020 ad
1938 1992 2042 2020 urbem

1222 2045 1343 2072 Romam
1359 2049 1424 2069 cum
1439 2039 1569 2068 Martiale
1583 2039 1670 2071 venit,
1687 2040 1715 2065 et
1731 2037 1858 2073 primum
1873 2035 2042 2068 Antiochia,

1223 2088 1327 2116 dehinc
1334 2087 1429 2113 Roma:
1440 2085 1593 2120 episcopus
1604 2082 1719 2115 sedit,et
1730 2080 1950 2117 quatuordecim
1959 2079 2051 2110 annis.

1224 2135 1290 2161 ante
1302 2129 1424 2158 Paulum
1439 2130 1579 2156 venerunt
1595 2127 1717 2154 Romam
1734 2126 1835 2153 Petrus
1850 2127 1879 2152 et
1899 2123 2042 2152 condisci-

1225 2176 1312 2212 pulus
1320 2175 1383 2208 ejus
1394 2172 1579 2204 Martialis,et
1591 2171 1684 2198 Lucas
1695 2170 1732 2197 do
1742 2169 1789 2197 his
1804 2167 1876 2196 nihil
1885 2166 2044 2212 dixit,nihil

1224 2211 1268 2249 est
1283 2219 1360 2256 quod
1377 2216 1492 2245 mireris
1505 2215 1547 2242 vel
1564 2214 1690 2242 dubites.
1708 2213 1737 2241 Si
1758 2213 1836 2241 enim
1860 2213 1977 2256 propter
1991 2211 2044 2239 hoc

1225 2255 1352 2295 dubitas,
1367 2261 1449 2298 quasi
1468 2259 1609 2287 Martialis
1626 2258 1660 2285 de
1676 2260 1806 2293 tempore
1829 2255 2044 2292 pradicationis

1225 2307 1338 2337 Domini
1356 2315 1413 2334 non
1431 2304 1614 2339 fucrit,gesta
1629 2303 1694 2338 ejus
1709 2310 1767 2329 nou
1782 2300 1890 2334 credis;
1902 2299 2044 2328 etidcirco

320 2372 339 2386 α
357 2345 402 2386 ab
419 2354 552 2390 antiquis
562 2353 695 2390 patribus
711 2353 820 2381 nostris
835 2355 911 2381 esset
919 2356 1163 2388 praeoccupatum.
1181 2361 1203 2392 ι)
1221 2353 1324 2382 merito
1339 2352 1457 2379 brutum
1476 2347 1584 2376 animal
1601 2346 1754 2392 reputaris,
1769 2346 1792 2373 si
1809 2347 1851 2372 tot
1863 2353 1896 2372 ac
1908 2345 2043 2392 tantoset

320 2413 341 2432 α
360 2399 432 2430 Nisi
448 2398 526 2427 enim
550 2406 616 2426 vere
641 2397 754 2434 legatus
776 2397 882 2424 Christi
909 2398 995 2429 esset,
1012 2396 1065 2424 hoc
1089 2399 1134 2424 ost
1148 2407 1165 2424 ιι

319 2460 339 2474 κ
359 2443 485 2474 Christo
493 2443 603 2470 missus
613 2442 650 2470 ad
658 2441 1040 2478 praedicandummunquam
1052 2442 1164 2477 antiqui

321 2502 342 2520 α
360 2488 442 2519 olim
457 2495 527 2515 eum
547 2487 708 2514 faterentur
731 2493 794 2513 esse
820 2485 994 2520 apostolum,
1015 2493 1165 2521 nunquam

320 2548 340 2563 (ι
360 2538 479 2563 nomen
495 2531 560 2566 ejus
576 2538 642 2558 cum
654 2529 823 2558 nominibus
833 2529 957 2556 aliorum
967 2529 1167 2565 apostolorum

322 2591 350 2607 κ-
360 2575 458 2606 nobis
467 2574 629 2603 scriberent
642 2574 905 2610 pronuntiandum.
922 2573 1001 2601 Hanc
1016 2582 1076 2600 rem
1089 2573 1167 2601 anti-

321 2637 339 2651 a
362 2620 422 2658 qui
437 2619 554 2648 codices
570 2627 587 2646 a
601 2618 732 2658 Francia,
749 2618 785 2645 ab
801 2617 954 2653 Hispania,
974 2626 991 2645 a
1004 2619 1088 2653 gente
1107 2618 1167 2645 An-

321 2681 338 2695 ‹‹
347 2683 350 2685 λ
360 2665 488 2704 glorum
499 2662 613 2692 advecti
623 2662 827 2690 demonstrant
837 2670 843 2695 ;
854 2662 908 2689 hoc
918 2662 1048 2697 priorum
1059 2662 1167 2689 tracta-

320 2724 341 2740 ‹‹
361 2712 419 2738 tus
434 2707 602 2739 doctorum,
619 2705 711 2742 quiin
729 2706 795 2741 ejus
811 2705 897 2733 laude
920 2706 1052 2741 quaedam
1078 2705 1168 2740 probe

320 2769 339 2783 «
360 2752 541 2784 ediderunt,
556 2750 678 2778 indicat.
695 2750 811 2777 Scimus
827 2750 895 2785 quia
915 2749 992 2777 Deus
1016 2749 1168 2776 mendacio

320 2813 341 2828 «ι
362 2794 711 2828 nonobleotatur,sancti
719 2794 782 2829 ejus
791 2793 955 2821 adulatione
962 2802 1018 2821 non
1029 2792 1166 2828 gaudent.

326 2856 344 2874 ι
357 2840 533 2871 Veritatem
555 2838 679 2873 requirit
702 2837 852 2871 Dominus,
881 2840 997 2873 propter
1017 2836 1167 2863 veritatem

323 2901 341 2917 α
362 2884 463 2918 sancti
477 2884 674 2920 pervenrrunt
684 2882 719 2910 ad
731 2890 863 2918 regnum.
878 2892 891 2906 n
903 2881 946 2915 Et,
959 2891 993 2909 ne
1004 2881 1087 2908 verbo
1103 2888 1168 2908 meo

1219 2398 1302 2430 tales,
1319 2397 1419 2423 Patres
1434 2393 1630 2425 doctissimos,
1649 2393 1677 2418 et
1692 2391 1813 2426 priscos,
1826 2391 1854 2417 et
1875 2388 2041 2422 modernos,

1220 2443 1269 2478 qui
1285 2442 1349 2477 ejus
1363 2442 1447 2476 gesta
1461 2446 1577 2466 summa
1596 2435 1755 2463 reverentia
1769 2437 1797 2462 et
1808 2434 2000 2470 susceperunt
2014 2435 2044 2461 et

1221 2485 1395 2521 suscipiunt,
1412 2485 1531 2511 nutasse
1552 2482 1604 2510 hac
1620 2481 1649 2508 in
1666 2489 1695 2508 re
1710 2479 1870 2507 arbitraris.
1887 2478 1968 2511 Quod
1991 2487 2044 2506 an.

1222 2533 1280 2558 tem
1296 2538 1311 2557 a
1326 2527 1504 2564 quibusdam
1517 2526 1628 2553 dudum
1640 2524 1869 2558 audivi,neccsse
1879 2522 2000 2550 estmihi
2013 2522 2044 2550 in

1222 2575 1276 2602 hoc
1290 2571 1412 2601 concilio
1429 2571 1566 2607 proferre.
1580 2568 1715 2597 Nonnulli
1732 2569 1821 2601 enim,
1837 2567 1934 2595 nescio
1945 2569 2045 2595 utrum

1221 2626 1288 2646 vero
1304 2626 1340 2645 an
1354 2616 1437 2649 falso,
1453 2615 1612 2650 opinantur
1627 2613 1787 2641 Martialem
1804 2620 1868 2640 esse
1881 2611 1965 2639 illum
1980 2611 2047 2639 ado-

1221 2662 1377 2690 lescentem
1395 2659 1455 2695 qui,
1473 2658 1638 2687 secundum
1655 2656 1832 2690 Marcum,in
1848 2656 1984 2692 passione
1994 2658 2046 2683 Do-

1223 2706 1335 2733 minum
1353 2706 1419 2740 post
1438 2711 1541 2730 omnes
1557 2701 1718 2737 discipulos
1734 2703 1778 2729 est
1804 2702 1931 2728 secutus.
1943 2700 1978 2726 Et
1992 2698 2045 2726 hoc

1222 2751 1374 2785 propterea
1394 2747 1552 2782 opinantur
1576 2754 1609 2773 eo
1634 2745 1709 2781 quod
1736 2748 1803 2772 tunc
1823 2743 1963 2772 Martialis
1977 2741 2045 2785 ado-

1222 2784 1334 2821 lescens
1350 2793 1420 2819 erat.
1438 2793 1466 2817 et
1483 2791 1510 2817 in
1527 2792 1612 2816 Coma
1627 2792 1710 2817 nocte
1725 2789 1788 2824 ipsa
1811 2788 1934 2815 Domino
1958 2784 2043 2812 mini—

1223 2838 1373 2866 straverat.
1394 2835 1493 2862 [litatis
1517 2834 1593 2861 enim
1618 2833 1783 2869 quindecim
1809 2837 1950 2858 annorum
1970 2829 2042 2859 erat,

1225 2881 1341 2918 quando
1358 2888 1423 2908 eum
1440 2879 1581 2906 Dominus
1596 2878 1707 2906 vocavit
1730 2878 1759 2903 et
1775 2873 1916 2908 baptizari
1929 2879 1947 2898 ι
1958 2870 2041 2898 Petro
