4986 6656
0 6402 880 6656 =

1534 743 1696 816 1363

1533 989 1662 1029 esse
1683 972 1974 1028 Joannem
2006 971 2541 1044 erangelistam.Sic
2573 976 2765 1026 autem
2798 972 3026 1026 Marcus
3053 971 3170 1025 ait:

1535 1062 1682 1118 Tunc
1710 1061 1973 1132 discipuli
2001 1076 2181 1115 omnes
2209 1060 2395 1114 relicto
2441 1075 2502 1114 eo
2545 1061 2829 1130 fugerunt.
2863 1059 3177 1114 Adolescens

1533 1153 1721 1205 autem
1744 1149 1969 1222 quidam
1995 1148 2317 1220 sequebatur
2343 1163 2466 1202 eum
2495 1150 2728 1203 amictus
2755 1149 2981 1203 sindone
3017 1164 3179 1218 super

1534 1237 1766 1304 nudo,et
1796 1244 2082 1292 tenuerunt
2105 1253 2247 1292 eum.
2269 1241 2340 1290 Λι
2369 1237 2482 1302 ille,
2519 1237 2715 1307 rrjecta
2743 1236 3179 1301 sindonemudus

1531 1327 1777 1400 profugit
1802 1325 1870 1381 ab
1896 1327 1974 1380 eis
2005 1329 2206 1393 (Marc.
2241 1328 2372 1393 χεν).
2391 1324 2470 1378 De
2502 1341 2618 1396 qua
2648 1341 2707 1380 re
2737 1325 2796 1379 in
2829 1330 3180 1379 commenta-

1537 1414 1622 1470 rio
1651 1431 1828 1486 super
1857 1413 2117 1468 Marcum
2148 1413 2304 1468 Beda
2333 1413 2476 1467 dicit
2506 1413 2583 1483 (4)
2611 1429 2672 1466 ει(
2695 1413 2794 1467 Hic
2819 1412 3175 1468 adolescens.

1539 1523 1568 1552 «ι
1598 1503 1715 1559 sive
1767 1501 2044 1566 Joannes,
2079 1501 2198 1556 sive
2247 1499 2396 1556 alius
2442 1499 2686 1572 quilibet.
2728 1501 2895 1556 nobis
2945 1501 3178 1572 ignotus

1535 1614 1564 1644 «
1595 1589 1827 1664 proprio
1859 1591 2095 1646 nomine
2127 1589 2319 1656 fuerit,
2356 1594 2579 1645 certum
2611 1593 2698 1644 est
2721 1589 2860 1661 quia
2898 1605 3179 1659 magnum

1535 1700 1564 1731 α
1595 1678 1812 1736 amoris
1841 1679 2107 1734 ardorem
2136 1678 2196 1734 in
2219 1677 2529 1733 Dominum
2565 1677 2892 1733 habuerit.»
2925 1678 3064 1732 Item
3083 1675 3182 1732 alii

1537 1767 1854 1840 opinantur
1883 1765 2207 1822 Martialem
2237 1765 2418 1822 fuisse
2446 1764 2611 1820 illum
2660 1765 3013 1836 discipulum
3058 1766 3180 1836 qui,

1533 1854 1861 1912 secundum
1899 1853 2212 1917 Joannem,
2245 1856 2418 1908 notus
2466 1859 2589 1908 erat
2643 1853 2922 1926 pontifici,
2952 1858 3009 1909 et
3037 1854 3185 1913 dixit

1533 1942 1880 2008 ostiarie,et
1905 1939 2226 1996 introduxit
2252 1940 2514 2008 Petrum;
2539 1943 2695 2014 quod
2727 1941 2835 1998 hac
2874 1943 2946 1998 de
2971 1959 3030 1998 re
3061 1943 3183 2014 opi-

1533 2033 1772 2093 nantur,
1796 2029 1934 2103 quia
1962 2029 2032 2084 de
2066 2027 2245 2084 nobili
2277 2028 2460 2086 fuisse
2493 2029 2705 2102 legitur
2733 2047 2960 2102 genere,
2985 2049 3050 2086 ac
3083 2048 3185 2102 per

1531 2118 1642 2176 hoc
1672 2117 1940 2190 cognitus
1985 2117 2266 2188 pontifici.
2313 2116 2423 2172 Alii
2465 2123 2660 2172 autem
2705 2117 2814 2172 hoc
2862 2124 3098 2189 negant,
3129 2122 3186 2173 et

2474 741 2882 815 JORDANUS
2923 741 3490 810 LEMOVICENSIS
3534 737 3992 808 EPISCOPUS.‘

1529 882 1734 958 jussit.
1765 880 1878 939 Alii
1911 881 2111 940 autem
2141 881 2308 940 illum
2340 883 2762 939 adolescentem
2809 882 3182 954 suspicantur
3209 880 3261 946 Α
3294 879 3621 935 duodecim.
3657 879 3853 950 Itaque
3885 877 4016 932 illos
4047 872 4288 932 conveni
4329 871 4579 940 Graeco,
4623 871 4884 931 sciscitans

378 123 447 142 Ὗ
602 129 647 136 __
1160 0 1501 74 ,πη

4762 735 4886 802 ιθθι

3286 971 3483 1022 utrum
3520 966 3842 1022 Orientales
3875 963 4195 1021 Martialem
4226 967 4482 1020 nossent.
4517 962 4645 1030 Qui,
4673 961 4802 1018 alter
4819 960 4886 1016 Si-
4983 953 4986 978 '

3287 1073 3476 1122 meon,
3501 1055 3644 1110 alter
3666 1054 3900 1109 nomine
3930 1054 4467 1120 Cosmas,consono
4500 1068 4598 1108 ore
4623 1050 4890 1123 responde-

3287 1149 3442 1208 runt,
3475 1144 3732 1198 dicentes
3763 1159 3776 1196 :
3807 1166 3834 1193 α
3873 1142 4078 1214 Utique
4118 1141 4440 1197 Martialem
4473 1140 4734 1196 novimus
4751 1155 4891 1212 apos-
4983 1141 4986 1160 '

3287 1255 3313 1282 ‹‹
3334 1231 3728 1296 tolum,unum
3753 1231 3822 1286 de
3854 1229 4228 1303 septuaginta
4249 1229 4536 1285 duobus.»
4561 1228 4892 1296 Quibuscum

3286 1319 3641 1375 diceremus:
3658 1343 3683 1367 ‹‹
3700 1318 4005 1374 Nescimus
4023 1322 4230 1390 praeter
4247 1317 4560 1373 duodecim
4574 1313 4838 1388 apostolos
4851 1331 4890 1380 ;»
4983 1327 4986 1354 ι

3287 1409 3783 1478 interrogaverunt
3799 1423 3904 1462 nos
3928 1423 3940 1460 :
3963 1430 3990 1456 «
4014 1405 4348 1471 Habetisne,
4365 1404 4762 1477 inquiunt,per
4781 1403 4895 1458 istas

3289 1520 3315 1546 «
3351 1495 3736 1552 occidentales
3765 1494 4051 1550 Ecclesiae
4097 1493 4518 1565 evangelistam
4565 1493 4785 1558 Lucam,
4815 1489 4894 1562 qui
4983 1513 4986 1536 ι

3289 1608 3316 1633 ‹‹
3351 1584 3551 1639 scribit
3567 1583 3710 1639 alios
3724 1583 4253 1655 septuagintaduos
4263 1598 4391 1638 esse
4411 1581 4627 1638 electos
4642 1598 4675 1636 a
4689 1579 4898 1636 Domino

3289 1695 3318 1723 ‹‹
3352 1678 3482 1746 post
3501 1673 3805 1728 duodecim
3828 1671 4207 1744 apostolos?»
4233 1671 4454 1726 Etcum
4477 1670 4790 1726 diceremus
4807 1666 4900 1722 uti-
4983 1697 4986 1730 ι

3290 1777 3402 1833 que
3435 1761 3655 1828 haberi,
3681 1761 3780 1816 sed
3813 1759 3946 1816 illos
3977 1759 4350 1832 septuaginta
4379 1759 4530 1814 duos
4559 1775 4593 1814 a
4623 1755 4780 1814 nobis
4806 1771 4901 1811 non

3291 1850 3445 1904 credi
3471 1849 3649 1905 fuisse
3667 1849 4086 1921 apostolos,sed
4109 1853 4343 1904 tantum
4361 1844 4782 1919 discipulos,illi
4802 1860 4903 1916 pro-
4983 1835 4986 1912 ξ

3291 1939 3452 1993 tinus
3479 1955 3584 1994 nos
3617 1939 3924 2011 fugientes,
3956 1942 4014 1993 et
4059 1937 4228 2010 signo
4254 1935 4446 1992 crucis
4494 1953 4560 1993 se
4588 1933 4902 1998 munientes,

3291 2030 3592 2098 cmperunt
3619 2025 3897 2082 detestari
3920 2041 4115 2082 vocem
4147 2024 4704 2092 nostram,dicentes
4723 2039 4737 2078 :
4756 2045 4780 2074 «
4807 2021 4907 2077 Dis-
4983 2067 4986 2106 Ι

3291 2137 3320 2160 η
3354 2115 3540 2170 cedite
3571 2114 3770 2186 procul
3801 2131 3836 2170 a
3859 2114 4049 2180 nobis,
4075 2112 4294 2182 miseri,
4319 2112 4460 2186 quia
4488 2112 4742 2170 haeretici
4767 2109 4905 2177 estis,

1531 2211 1802 2265 asserunt
1826 2206 2024 2278 ipsum
2054 2203 2411 2277 discipulum
2445 2205 2626 2260 fuisse
2647 2205 3182 2279 Joannem.Augus-
3214 2239 3259 2304 Β
3293 2225 3320 2252 ‹‹
3354 2220 3488 2257 cum
3521 2220 3634 2258 non
3661 2201 3897 2258 creditis
3918 2202 4110 2258 verbis
4131 2200 4647 2268 Domini,dicentis
4666 2201 4732 2256 ad
4754 2198 4868 2255 illos
4894 2213 4906 2253 :
4983 2205 4986 2288 ς

1529 2295 1693 2353 tinus
1722 2311 1854 2350 vero
1875 2294 1936 2348 in
1959 2292 2378 2348 commentario
2418 2310 2594 2365 super
2627 2293 2736 2348 hac
2773 2310 2832 2350 re
2855 2294 2936 2350 sic
2958 2295 3039 2350 ait
3059 2297 3131 2366 (5)
3160 2312 3172 2350 :

1535 2404 1566 2434 «
1597 2381 1906 2438 Nescimus
1936 2379 2071 2452 quis
2101 2379 2210 2436 iste
2239 2379 2562 2453 discipulus
2585 2381 2756 2436 fuerit
2787 2388 2960 2438 notus
2989 2383 3178 2455 ponti-

1536 2492 1569 2522 ‹‹
1601 2469 1715 2526 fici.
1747 2469 1872 2524 Non
1902 2468 2059 2524 enim
2089 2485 2405 2540 possumus
2443 2469 2734 2526 affirmare
2783 2469 2946 2526 illum
2996 2473 3178 2528 fuisse

1531 2579 1566 2612 κ
1593 2556 2052 2630 Joannem,quia
2077 2556 2701 2630 Joannes,ubicunque
2732 2576 2793 2614 se
2822 2576 3178 2616 commemo-

1531 2670 1564 2700 «
1595 2651 1702 2716 rat,
1737 2646 1845 2702 hoc
1875 2645 2096 2718 adjicit,
2129 2661 2289 2718 quem
2319 2645 2584 2714 diligebat
2613 2652 2771 2703 Jesus
2804 2650 2981 2718 (Joan.
3014 2651 3173 2721 xm);

1531 2757 1564 2789 ‹‹
1593 2735 1688 2792 hic
1715 2750 1849 2791 vero
1881 2733 2330 2806 praetermittit.»
2349 2734 2508 2790 Alios
2531 2752 2764 2807 quoque
2786 2737 2899 2790 vidi
2922 2736 3023 2808 qui
3053 2739 3177 2810 opi-

1530 2824 1826 2880 nabantur
1843 2820 2166 2878 Martialem
2188 2820 2386 2894 ipsum
2406 2839 2534 2878 esse
2567 2823 2869 2878 Matthiam
2891 2831 2948 2880 et
2977 2826 3180 2881 simili-

1530 2910 1736 2968 tudine
1768 2907 2026 2965 nominis
2045 2926 2079 2964 a
2099 2907 2306 2981 lingua
2324 2909 2746 2982 Aquitanorum
2781 2911 2860 2967 ita
2892 2913 3056 2969 facile
3074 2931 3180 2969 cm-

1532 2999 1694 3073 pisse
1716 2996 1930 3063 vocari,
1955 2995 2074 3052 sive
2106 3000 2412 3068 propterea
2436 2999 2591 3069 quod
2623 3015 2738 3054 non
2764 2999 2926 3056 facile
2957 3001 3177 3058 inveni-

1534 3091 1634 3144 tur
1659 3085 1762 3142 ubi
1792 3101 2002 3156 corpus
2025 3085 2186 3156 jacet
2216 3084 2486 3142 Matthiae.
2508 3087 2624 3158 Ego
2655 3091 2850 3144 autem
2883 3106 2983 3160 pro
3023 3095 3178 3147 certo

1532 3179 1704 3233 teneo
1735 3173 1888 3246 quod
1911 3172 1961 3229 si
1985 3189 2098 3229 non
2121 3171 2273 3229 alius
2293 3178 2448 3230 esset
2468 3175 2826 3243 Matthias,et
2848 3176 3001 3235 alius
3028 3181 3177 3235 Mar-

1532 3260 1964 3334 tialis,uterque
1981 3264 2104 3316 tam
2124 3259 2182 3315 in
2200 3262 2416 3317 nostris
2439 3279 2614 3334 quam
2639 3263 2696 3318 in
2709 3265 3026 3336 Anglorum
3045 3285 3182 3339 gen-

1534 3348 2047 3408 tislibrisminime
2079 3349 2136 3404 in
2169 3349 2370 3406 ordine
2397 3351 2794 3423 apostolorum
2825 3360 2978 3410 esset
3004 3355 3180 3428 scrip-

1534 3441 1652 3496 tus.
1684 3437 1790 3496 Per
1807 3435 2042 3494 litanias
2083 3437 2374 3510 siquidem
2414 3445 2776 3496 vetustorum
2815 3442 3180 3500 voluminum

1533 3525 1867 3600 Angligenw
1891 3525 2240 3600 gentis,quae
2260 3525 2392 3583 ﬁdei
2418 3529 2815 3584 rudimentum
2838 3535 2896 3586 et
2915 3530 3184 3589 ecclesia-

3291 2312 3321 2341 ‹‹
3355 2291 3449 2354 ηε,
3471 2308 3587 2347 erce
3614 2307 3710 2362 ego
3730 2293 3885 2346 mitto
3907 2307 3994 2346 vos
4014 2293 4156 2346 sicut
4171 2306 4344 2359 agnos
4363 2291 4509 2346 inter
4531 2291 4684 2363 lupos
4703 2289 4839 2362 (Luc.
4859 2289 4905 2357 l).

3288 2402 3314 2428 ‹‹
3351 2379 3475 2434 Non
3495 2380 3729 2435 creditis
3744 2397 3871 2435 esse
3888 2378 4183 2451 apostolos
4203 2378 4338 2434 illos
4359 2395 4509 2451 quos
4534 2379 4661 2452 ipse
4684 2379 4910 2434 incarna-

3288 2490 3315 2517 α
3347 2473 3441 2522 tus
3472 2468 3754 2524 Dominus
3783 2469 3856 2523 ad
3890 2467 4327 2540 praedicandum
4372 2465 4576 2524 misit?
4633 2464 4907 2524 Duodecim
4983 2453 4986 2482 '

3290 2576 3319 2606 «
3352 2556 3512 2610 misit
3529 2556 3778 2622 binos,et
3797 2561 4000 2629 postea
4020 2554 4408 2614 nihilominus
4429 2554 4606 2612 binos
4627 2555 4780 2612 misit
4793 2553 4909 2609 alios

3289 2667 3317 2694 «
3351 2645 3724 2717 septuaginta
3745 2645 3912 2702 duos.
3947 2643 4129 2700 Graaci
4161 2661 4395 2717 semper
4434 2644 4663 2700 Latinis
4710 2642 4908 2716 sapicn-
4983 2643 4986 2666 '

3289 2756 3317 2782 ‹‹
3349 2732 3524 2788 tiores
3547 2733 3802 2797 fuerunt,
3828 2738 3886 2789 et
3916 2733 4230 2806 Scriptura)
4255 2733 4601 2790 Latinorum
4631 2751 4700 2790 ex
4725 2734 4912 2789 Gracc-

3290 2844 3318 2870 ‹‹
3354 2839 3483 2877 rum
3504 2822 3658 2877 fonte
3679 2821 3946 2878 derivata:
3971 2827 4128 2878 sunt.
4146 2821 4471 2877 Martialem
4495 2821 4909 2894 proinde,quem
4983 2827 4986 2860 ι

3293 2931 3320 2958 ‹‹
3353 2927 3457 2965 nos
3507 2910 3775 2977 dicimus,
3808 2918 3834 2967 ὁ
3864 2920 3993 2981 ἅγιος
4023 2918 4336 2983 Παρτιάλιος,
4368 2927 4502 2967 vere
4553 2910 4772 2968 scimus
4809 2922 4912 2963 esse
4983 2967 4986 2986 Ι

3291 3020 3318 3047 ‹‹
3351 3015 3532 3054 unum
3559 2999 3630 3054 de
3659 2997 3776 3054 illis
3807 2998 4179 3072 septuaginta
4207 2999 4440 3055 duobus
4463 2998 4570 3072 qui
4603 3015 4736 3056 cum
4775 2997 4910 3052 Petro
4983 3015 4986 3044 ι

3291 3110 3318 3136 ‹‹
3348 3087 3718 3143 Occidentem
3750 3087 3918 3159 petiit
3945 3087 4018 3142 ad
4051 3087 4514 3160 praedicandum,
4547 3088 4724 3159 cujus
4759 3089 4917 3159 gesta,

3291 3198 3319 3224 ‹‹
3353 3179 3410 3231 et
3439 3175 3703 3231 omnium
3735 3175 4108 3248 septuaginta
4135 3175 4411 3242 duorum,
4447 3175 4506 3230 in
4539 3179 4741 3232 monte
4783 3169 4915 3229 Sinai
4983 3203 4986 3238 ι

3291 3283 3319 3312 α
3351 3263 3412 3318 in
3441 3263 3672 3336 eloquio
3701 3269 3899 3320 nostro
3931 3263 4236 3320 habemus.
4265 3285 4293 3313 »
4325 3263 4444 3319 Hoc
4473 3279 4587 3337 ego
4616 3259 4919 3320 testimonio

3293 3369 3325 3407 a
3355 3352 3568 3408 Graecis
3615 3356 3852 3424 accepto
3903 3352 4049 3424 ccepi
4098 3368 4330 3408 mecum
4385 3351 4579 3408 multa
4606 3351 4839 3415 volvere,
4858 3350 4918 3410 et.
4983 3345 4986 3422 ξ

3292 3440 3518 3496 curiose
3565 3440 3940 3512 antiquorum
3985 3439 4352 3496 voluminum
4411 3455 4634 3497 arcana
4680 3438 4917 3498 rimatus.

3295 3529 3658 3600 frequentius
3701 3527 4022 3585 Martialem
4081 3527 4510 3600 comperiebam
4567 3529 4644 3585 ab
4693 3523 4918 3597 antiquis

1550 3599 1731 3691 stioas
1737 3599 2136 3672 institutiones
2148 3615 2467 3688 aGregorio
2481 3633 2630 3688 papa
2643 3619 3195 3690 percepit,Matthias
3225 3599 3268 3666 C
3309 3599 3748 3689 prenuntiatum
3765 3634 3892 3672 esse
3909 3599 4260 3689 apostolum.
4274 3616 4694 3673 Anamadverti
4723 3628 4922 3688 quoque

1553 3706 1614 3762 et
1639 3701 1944 3769 Martialis,
1967 3708 2211 3774 uterque
2240 3720 2374 3760 cum
2405 3705 2538 3759 aliis
2570 3705 2848 3776 apostolis
2877 3706 3198 3781 inscriptus

1551 3789 1822 3848 habetur.
1835 3789 2082 3846 Proinde
2103 3807 2219 3846 non
2250 3791 2554 3863 ignorabat
2578 3793 2888 3864 Gregorius
2909 3813 3022 3852 non
3039 3813 3198 3853 eum-

1485 3956 1488 3959 _
1554 3878 1690 3935 dem
1714 3893 1844 3934 esse
1871 3876 2177 3932 Matthiam
2226 3878 2327 3948 qui
2375 3883 2432 3934 et
2477 3880 2816 3937 Martialem.
2852 3884 2969 3956 Ego
2999 3891 3194 3942 autem

1553 3964 1870 4037 quemdam
1900 3963 2162 4020 Graacum
2194 3965 2446 4036 peritum
2477 3967 2862 4040 interrogans,
2895 3971 3072 4028 didici
3121 3975 3192 4030 ab

1552 4067 1621 4110 eo
1651 4051 1953 4108 Matthiam
1975 4053 2257 4108 Armenia:
2288 4054 2492 4110 Minori
2527 4056 2888 4128 praedicasse,
2919 4064 2976 4116 et
3005 4061 3084 4116 ibi
3133 4062 3192 4118 in

1550 4156 1692 4215 pace
1715 4137 2018 4211 migrasse.
2051 4140 2160 4196 Sed
2211 4141 2457 4198 libenter
2506 4160 2598 4199 me
2646 4146 2844 4202 audiat
2885 4165 3050 4204 sacer
3087 4149 3192 4204 Pa-

1548 4231 1706 4285 trum
1739 4231 2058 4284 conventus
2109 4230 2255 4286 Ante
2287 4230 2395 4286 hos
2426 4230 2621 4303 plures
2645 4250 2829 4290 annos
2865 4236 3102 4308 quidam
3125 4255 3192 4294 ex

1550 4314 1830 4372 fratribus
1852 4315 1924 4372 de
1945 4321 2142 4372 monte
2161 4317 2319 4372 Sinai
2339 4318 2397 4373 in
2421 4317 2569 4374 hanc
2594 4324 2812 4392 partem
2838 4325 3196 4382 advenerunt

1549 4403 1852 4461 occiduam
1873 4403 1973 4460 Dei
1997 4402 2340 4476 disponente
2371 4413 2537 4476 nutu,
2564 4409 2824 4466 moribus
2853 4414 3194 4484 graves,do-

1550 4491 1738 4548 ctrina
1765 4491 2060 4548 catholicae
2100 4493 2232 4550 ﬁdei
2279 4495 2655 4566 proﬂuentes,
2688 4497 2803 4553 vita
2849 4517 2952 4571 per
2999 4501 3196 4558 omnia

1548 4579 1801 4650 honesti,
1830 4581 2139 4653 utriusque
2164 4581 2378 4655 linguas
2411 4583 2610 4656 periti;
2635 4585 2758 4656 qui.
2790 4603 2926 4642 cum
2956 4588 3055 4644 diu
3089 4606 3194 4646 no-

1547 4666 1780 4725 biscum
1797 4667 2144 4741 Engolismae
2169 4669 2418 4726 fuissent
2447 4677 2846 4744 exspectantes
2866 4675 3195 4748 principem

1549 4754 1824 4838 civitatis,
1843 4759 1903 4814 et
1931 4754 2140 4812 litteris
2169 4759 2380 4814 Graecis
2409 4765 2465 4814 et
2489 4760 2707 4817 Latinis
2737 4778 2836 4818 eos
2867 4763 3194 4822 videremus

1548 4843 1620 4900 ad
1646 4859 1904 4918 unguem
1934 4844 2405 4919 imbutos,super
2435 4847 2541 4903 hac
2574 4865 2632 4904 re
2654 4849 3009 4924 interrogare
3027 4869 3192 4908 cura-

3309 3705 3550 3760 Paulum
3580 3710 3638 3760 et
3667 3705 4016 3774 Barnabam,
4047 3704 4224 3761 Silam
4273 3709 4333 3761 et
4380 3704 4784 3769 Timotheum,
4817 3715 4921 3758 esse

3304 3793 3618 3864 apostolos,
3651 3810 3766 3848 non
3815 3794 3886 3849 de
3928 3793 4259 3859 duodecim,
4292 3810 4408 3849 non
4465 3793 4542 3849 de
4584 3791 4924 3867 septuaginta

3302 3882 3550 3937 duobus.
3588 3881 3853 3953 Perspexi
3883 3881 4024 3953 quia
4050 3880 4392 3938 Timotheus
4421 3881 4758 3955 discipulus
4785 3875 4919 3936 Pauli

3303 3986 3336 4024 a
3371 3969 3714 4040 Hieronymo
3763 3969 3976 4024 dicitur
4030 3968 4352 4041 apostolus.
4386 3970 4628 4028 Marcus
4676 3969 4842 4028 etiam
4882 3964 4926 4020 et

3303 4057 3511 4123 Lucas,
3543 4055 3695 4113 Silas
3737 4061 3911 4128 atque
3959 4057 4290 4126 Onesimus,
4323 4062 4382 4114 et
4410 4056 4508 4114 alii
4563 4059 4805 4132 quidam
4846 4069 4926 4126 per

3299 4151 3518 4201 veteres
3545 4145 3865 4217 scripturas
3885 4145 4164 4202 dicuntur
4179 4145 4510 4217 apostoli,et
4535 4145 4818 4204 memoria
4833 4141 4926 4199 illis

3299 4234 3616 4307 apostolica
3660 4235 3984 4290 exhibetur.
4031 4235 4146 4304 Sic,
4180 4235 4296 4290 Deo
4344 4235 4666 4304 revelante,
4701 4236 4928 4310 patenter

3301 4322 3623 4395 intelligere
3643 4322 3786 4394 coepi
3812 4339 3942 4378 vere
3971 4321 4138 4378 illum
4163 4339 4292 4379 esse
4323 4323 4684 4396 apostolum,
4713 4322 4828 4397 qui,
4847 4335 4926 4393 ge-

3304 4427 3440 4468 nere
3470 4411 3762 4478 Hebreus,
3797 4411 4026 4466 Domini
4059 4411 4410 4483 discipulus,
4432 4412 4676 4469 Domini
4709 4415 4768 4470 in
4797 4423 4928 4466 cmna

3303 4498 3592 4563 minister,
3607 4497 3835 4553 Domini
3869 4497 4262 4555 insufﬂatione
4290 4499 4512 4572 Spiritu
4545 4507 4756 4558 sancto
4783 4495 4930 4570 κριοί

3303 4591 3420 4654 tus,
3455 4602 3489 4641 a
3519 4585 3760 4641 Domino
3793 4592 4079 4658 potestate
4111 4585 4330 4659 ligandi
4364 4591 4543 4660 atque
4573 4589 4832 4646 solvendi
4853 4601 4928 4640 su-

3301 4674 3641 4741 blimatus,a
3671 4676 3913 4730 Domino
3936 4676 4005 4729 ad
4040 4675 4478 4747 praedicandum
4507 4671 4931 4744 missus,fructi-

3302 4763 3506 4819 ﬁcator
3535 4763 3826 4818 maximus
3857 4763 3916 4818 in
3948 4763 4138 4820 officio
4164 4763 4532 4836 apostolatus
4558 4767 4810 4823 existere
4835 4777 4930 4818 me-

3303 4851 3447 4919 ruit;
3481 4856 3537 4908 et
3567 4851 3715 4907 hanc
3747 4850 4007 4924 regulam
4038 4851 4470 4921 rationabilem,
4499 4860 4562 4912 et
4594 4847 4932 4911 auctoritatis

1545 4931 1742 5024 vimus
1765 4948 1888 5024 eos.
1923 4933 1998 4989 Eo
2029 4938 2290 5024 tempore
2323 4935 2445 4992 hinc
2479 4937 2681 5010 regula
2709 4938 2780 4992 de
2802 4939 3047 5012 apostoli
3079 4959 3194 4997 me-
3223 4959 3270 5024 ι)
3301 4939 3676 5011 antiquorum
3728 4939 3984 5012 plenam,
4017 4935 4084 4995 et.
4103 4939 4201 4996 Dei
4233 4941 4533 4998 voluntate
4583 4945 4931 5016 inspiratam.

1546 5019 1736 5076 moria
1761 5019 1822 5074 in
1843 5019 1952 5076 hac
1971 5021 2112 5078 urbe
2133 5023 2977 5098 frequentabatur,recuperata
2999 5029 3194 5100 potius
3223 5019 3261 5024 —
3302 5027 3575 5100 deinceps
3595 5027 3946 5098 judicavi,et
3973 5045 4044 5084 ex
4093 5044 4160 5084 eo
4208 5029 4519 5088 defendere
4547 5033 4698 5088 totis
4739 5028 4933 5085 viribus

1549 5121 1727 5178 quam
1753 5106 1940 5178 primo
1986 5107 2275 5178 inchoata,
2303 5111 2632 5168 viventibus
2678 5130 2810 5184 rege
2861 5115 3109 5172 Roberto
3137 5122 3194 5172 et

1547 5192 1836 5251 Gauzleno
1867 5196 2211 5256 Bituricensi
2249 5200 2838 5274 arehiopiscopo.Ego
2869 5208 3064 5260 autem
3086 5205 3192 5260 En-

1547 5280 1808 5356 golismaa
1839 5286 2201 5358 positus,ubi
2223 5287 2398 5344 etiam
2421 5291 2492 5344 ab
2523 5291 2760 5346 ineunte
2789 5297 2956 5348 aetate
2985 5293 3192 5350 educa-

1546 5371 1645 5426 tus
1665 5386 1819 5438 sum,
1843 5372 1984 5428 dum
2016 5373 2168 5428 inter
2187 5373 2330 5429 alios
2357 5377 2522 5446 quasi
2556 5377 2772 5432 sciolus
2791 5379 3030 5450 viderer,
3055 5387 3191 5438 ante

1546 5473 1751 5514 omnes
1779 5462 1837 5516 et
1865 5475 2044 5531 super
2073 5477 2280 5516 omnes
2309 5461 2443 5515 huic
2470 5479 2609 5518 sane
2650 5465 2858 5536 regula:
2908 5486 3192 5541 repugna-

1543 5543 1702 5615 bam,
1724 5550 1941 5620 putans
1971 5563 2100 5602 esse
2118 5563 2333 5603 vanum
2365 5557 2418 5604 et
2453 5550 2816 5616 l'alsum,sive
2845 5573 2914 5610 ex
2942 5557 3190 5614 elatione

1541 5633 1938 5700 descendisse,
1972 5632 2112 5704 quia
2142 5635 2465 5690 Martialem
2494 5637 2797 5696 audiebam
2821 5642 2877 5696 in
2912 5643 3019 5699 hac
3047 5647 3190 5702 urbe

1542 5719 1942 5776 Lemovicensi
1975 5720 2272 5792 praedicari
2293 5740 2421 5780 esse
2447 5727 2776 5795 apostolum
2797 5747 2810 5783 :
2832 5735 2889 5784 et
2921 5731 3189 5792 incautus

1538 5806 1895 5864 rusticorum
1927 5807 2186 5880 Opinioni
2222 5828 2409 5868 meam
2441 5815 2953 5871 accommodaliam
2986 5818 3188 5876 intelli-

1539 5893 1819 5966 gentiam,
1848 5901 2063 5968 putans
2092 5900 2380 5959 nemiuem
2428 5914 2566 5958 esse
2609 5902 2936 5970 apostolum
2985 5912 3190 5977 praeter

1615 5979 1693 6053 (4)
1716 5979 1880 6039 Bedes
1913 6001 2144 6054 sensus,
2175 6005 2287 6045 non
2319 5991 2522 6045 verba.

3302 5115 3628 5188 cmpi,quod
3659 5116 3796 5171 totis
3817 5115 4037 5172 viribus
4069 5121 4204 5173 ante
4235 5117 4516 5191 ignorans
4539 5118 4933 5193 persequebar.

3299 5203 3445 5259 Nam
3475 5208 3532 5258 et
3559 5203 3872 5276 episcopus
3903 5209 4100 5260 noster
4138 5206 4608 5280 Engolismensis
4655 5209 4836 5278 Hugo,
4865 5202 4934 5256 vir
4983 5249 4986 5268 .

3300 5291 3688 5364 undequaque
3719 5291 4233 5365 doctissimus,qui
4256 5298 4392 5350 ante
4423 5293 4531 5351 hos
4562 5292 4934 5367 quadraginta

3298 5397 3482 5436 annos
3514 5379 3800 5452 migravit,
3833 5381 4006 5451 cujus
4038 5398 4344 5438 successor
4373 5387 4508 5439 ante
4537 5382 4656 5440 hos
4679 5387 4932 5456 quatuor-

3298 5469 3485 5524 dccim
3516 5485 3701 5524 annos
3731 5473 3820 5524 est
3850 5469 4250 5541 del‘unctus,in
4278 5471 4535 5543 quadam
4565 5489 4682 5528 sua
4707 5468 4931 5529 editione

3297 5557 3368 5612 de
3399 5556 3657 5612 Martiale
3687 5556 3808 5612 haec
3837 5555 4067 5612 locutus
4097 5564 4221 5614 est:
4247 5583 4275 5608 ‹‹
4299 5550 4931 5631 Illis,inquit,tempori-

3297 5669 3325 5696 α
3361 5647 3470 5702 bus
3501 5646 3701 5701 civitas
3733 5647 4035 5704 Lemovica
4057 5653 4192 5704 ante
4221 5666 4426 5706 omnes
4447 5654 4503 5706 et
4532 5629 4725 5724 super
4753 5629 4930 5706 omnes
4983 5629 4986 5652 '

3297 5759 3324 5785 «
3361 5735 3680 5790 Galliarum
3702 5736 3874 5790 urbes
3897 5736 4413 5806 eminebat,arcem
4435 5738 4602 5812 regni
4621 5729 4930 5812 Aquitanici

3297 5847 3337 5883 α,
3357 5829 3562 5879 tenens
3587 5842 3598 5878 :
3623 5828 3679 5878 et
3695 5823 3953 5896 pervenit
3975 5825 4044 5879 ad
4065 5843 4192 5881 eam
4218 5827 4424 5884 beatus
4451 5827 4770 5896 Martialis,
4793 5820 4884 5897 qui
4907 5834 4932 5872 ὃ

3299 5934 3326 5962 ‹‹
3359 5913 3603 5967 Domino
3629 5927 3730 5984 per
3751 5910 4096 5984 legationem
4121 5914 4185 5969 Β.
4210 5914 4357 5972 Petri
4397 5914 4684 5990 gentibus
4712 5913 4930 5987 Aquita-

3369 6002 3444 6068 (5)
3476 6001 3618 6056 Item
3649 6005 3706 6056 et
3737 6000 4071 6071 Augustini.
