4986 6456
731 509 881 577 1365

1758 517 1964 582 ACTA
2007 515 2336 616 CONCILII
2381 515 2948 582 LEMOVICENSIS
2992 511 3070 583 ῙῙ.

3958 515 4115 583 1366

730 672 756 702 ι(
785 647 931 708 nicis
960 651 1048 707 est
1068 647 1396 707 destinatus
1426 650 2044 724 apostolus.Qui,dum
2068 654 2139 708 ad
2163 652 2360 707 Burdi-
2387 653 2442 719 Α
2473 674 2498 700 ‹‹
2538 652 2872 724 episcopum
2907 653 3124 708 videret
3154 669 3298 724 puer
3329 645 3632 720 macerari,
3667 648 3838 726 cmpit
3885 653 4111 711 timere.

726 761 753 789 «
785 737 972 812 galam
1008 739 1212 795 urbem
1236 738 1307 795 ad
1339 740 1775 812 praedicandum
1805 740 2168 797 Vasconibus
2202 741 2371 812 profi-

725 851 751 878 ‹‹
783 829 1116 896 cisceretur,
1149 827 1468 883 transitum
1513 846 1616 900 per
1646 829 1937 884 civitatem
1969 830 2366 901 Engolismam

722 939 746 964 ‹‹
780 917 1001 971 habuit.
1037 917 1106 972 Et
1146 917 1247 971 diu
1299 915 1418 971 illic
1471 917 1827 982 demoratus,
1863 917 2364 990 Engolismensem

726 1024 746 1051 ι
778 1004 1059 1077 populum
1093 1006 1164 1060 ad
1198 1005 1382 1060 Deum
1413 1005 1608 1060 vivum
1641 1006 1943 1075 convertit,
1978 1007 2221 1078 ejusque
2248 1006 2365 1078 pri-

721 1114 748 1141 ‹‹
782 1109 942 1148 mum
967 1093 1306 1165 episcopum
1331 1093 1561 1148 nomine
1582 1095 1923 1161 Ausonium,
1942 1111 2008 1149 ex
2031 1096 2157 1166 ipsa
2179 1095 2365 1166 patria

718 1204 744 1229 ‹‹
779 1183 1118 1247 oriundum,
1151 1198 1325 1252 quem
1358 1181 1482 1253 ipse
1514 1183 1921 1254 baptizaverat,
1947 1184 2291 1238 ordinavit.»

787 1271 851 1324 Et
881 1287 1016 1326 cum
1058 1270 1298 1343 quidam
1331 1287 1399 1325 ex
1453 1271 1693 1326 concilio
1752 1271 2009 1326 dicerent
2042 1290 2053 1327 :
2089 1276 2201 1325 Cur
2230 1272 2361 1327 Dio-

715 1359 939 1431 nysius,
970 1358 1071 1430 qui
1102 1357 1273 1430 longe
1307 1362 1437 1429 post
1464 1358 1783 1414 Martialem
1820 1361 1875 1414 in
1909 1360 2154 1416 Galliam
2183 1360 2359 1428 venit,

714 1447 773 1500 in
795 1446 946 1501 libro
968 1447 1216 1501 Actuum
1250 1445 1648 1518 apostolorum
1681 1448 2178 1514 nominatur,cum
2204 1449 2359 1503 Mar-

713 1535 870 1590 tialis
885 1534 1232 1591 nominatim
1249 1552 1363 1589 non
1382 1534 1458 1590 ibi
1483 1535 1904 1607 exprimitur?»
1924 1537 2018 1591 Ille
2035 1537 2357 1608 respondit:

715 1646 741 1673 ι(
771 1623 922 1687 Quia
951 1623 1264 1695 Dionysius
1294 1623 1529 1695 gentilis
1578 1624 1902 1695 discipulus
1952 1625 2112 1680 Pauli
2146 1626 2274 1691 fuit,
2307 1629 2362 1680 et

709 1711 897 1767 Lucas
925 1728 1118 1772 comes
1150 1711 1312 1766 Pauli
1344 1716 1487 1778 erat,
1511 1713 1611 1784 qui
1643 1712 1702 1766 in
1735 1712 1833 1767 illo
1867 1713 2012 1768 libro
2044 1713 2175 1786 plus
2200 1717 2364 1786 gesta

708 1799 896 1868 Pauli,
933 1817 1062 1872 quae
1091 1798 1254 1865 vidit,
1283 1804 1533 1855 enarrat.
1554 1801 1663 1855 Sed
1698 1801 1767 1855 de
1800 1801 2138 1856 nominibus
2161 1817 2361 1856 eorum

705 1889 804 1960 qui
838 1893 982 1943 tunc
1014 1887 1074 1942 in
1105 1887 1516 1960 praedicatione
1548 1889 1887 1954 ﬂoruerunt,
1914 1890 2053 1960 quid
2089 1890 2256 1945 nobis
2278 1889 2362 1944 vel

700 1976 1116 2032 controversiae
1150 1975 1236 2031 vel
1267 1976 1538 2032 utilitatis
1571 1977 1819 2050 attingat
1862 1995 1976 2032 non
2009 1978 2194 2043 video,
2229 1995 2360 2033 cum

697 2064 904 2137 plures
924 2065 1302 2120 nominentur
1319 2064 1418 2133 ibi,
1433 2065 1519 2119 vel
1543 2065 1599 2119 in
1619 2065 1892 2137 Epistolis
1912 2065 2092 2132 Pauli,
2111 2083 2360 2138 quorum

697 2154 1057 2209 memoriam
1075 2151 1135 2208 in
1157 2153 1567 2208 festivitatibus
1589 2154 1829 2208 minime
1855 2155 2140 2209 novimus.
2165 2155 2242 2209 De
2272 2154 2364 2208 Ja-

698 2258 843 2297 sone
872 2241 978 2297 illo
1002 2241 1247 2312 antiquo
1278 2241 1584 2313 discipulo,
1604 2243 1672 2296 de
1696 2241 1960 2314 Philippo
1983 2242 2358 2314 evangelista,

698 2331 767 2385 de
799 2328 1037 2403 Apollo,
1071 2329 1143 2385 de
1174 2329 1462 2401 Epaphra,
1499 2330 1620 2384 sive
1652 2331 1722 2385 de
1752 2330 1882 2385 aliis
1911 2330 1986 2384 ibi
2016 2329 2360 2386 nominatim

698 2419 1028 2490 expressis,
1062 2433 1167 2472 nos
1198 2417 1436 2488 quidem
1469 2434 1670 2472 eorum
1724 2418 2076 2473 mentionem
2110 2434 2213 2489 per
2243 2416 2359 2471 sin-

695 2507 859 2578 gula,
896 2504 1174 2578 quamvis
1201 2506 1523 2577 speciatim,
1551 2507 1671 2560 sive
1698 2506 2026 2561 nesciamus
2050 2507 2168 2561 sive
2190 2506 2360 2562 omit-

695 2598 924 2661 tamus,
960 2593 1046 2649 illi
1084 2597 1279 2648 tamen
1309 2593 1526 2665 pepuli,
1551 2593 1765 2666 quibus
1797 2594 2025 2666 patroni
2057 2595 2177 2649 dati
2199 2599 2359 2664 sunt,

689 2688 925 2738 certum
954 2686 1047 2738 est
1069 2681 1412 2736 memoriam
1435 2698 1632 2736 eorum
1659 2700 1771 2738 non
1796 2682 2050 2755 segniter
2078 2682 2356 2738 venerari.

688 2771 862 2838 Nam,
884 2770 1004 2826 etsi
1038 2769 1321 2824 Martialis
1349 2770 1633 2825 memoria
1663 2771 1815 2842 apud
1851 2772 2136 2842 quasdam
2159 2775 2359 2841 gentes

683 2876 891 2915 annua
925 2857 1242 2931 speciatim
1273 2874 1387 2912 non
1418 2863 1645 2930 agatur,
1670 2857 1836 2913 nobis
1868 2864 2060 2913 tamen
2091 2859 2360 2914 Occiden-

681 2947 935 3013 talibus,
973 2944 1079 3017 qui
1110 2946 1238 3016 ejus
1272 2945 1520 3000 adventu
1556 2946 1869 3002 illuminati
1903 2964 2108 3002 sumus
2141 2946 2356 3002 ccelesti

677 3033 1096 3106 claritate,qui
1118 3049 1253 3088 eum
1273 3033 1330 3086 in
1349 3033 1491 3089 cmlo
1510 3039 1565 3088 et
1580 3039 1735 3090 terra
1757 3039 2066 3106 patronum
2101 3034 2358 3090 occiduis

678 3125 978 3194 gentibus
1002 3138 1134 3178 esse
1156 3121 1396 3187 scimus,
1419 3139 1530 3176 non
1549 3123 1789 3194 ignobili
1810 3124 2201 3179 recordatione
2214 3140 2360 3178 sem-

683 3227 788 3282 per
823 3229 940 3285 pro
975 3209 1520 3282 Opportunitatibus
1569 3211 1840 3266 hadenda
1869 3216 1956 3266 est
1986 3212 2356 3283 gaudiorum.

681 3299 869 3354 Porro
899 3303 1114 3354 autem
1145 3298 1215 3352 de
1244 3296 1513 3369 Dionysio
1538 3298 1899 3372 Areopagita,
1925 3300 2022 3372 qui
2045 3300 2102 3354 in
2125 3301 2360 3355 Actibus

2473 763 2499 788 ‹‹
2536 741 2697 795 Tunc
2731 745 2968 796 sanctus
2997 740 3348 798 Laurentius
3380 742 3762 799 corroborans
3785 743 3967 800 aetatis
3988 745 4114 815 ejus

2477 829 2864 894 «infantiam,
2917 829 2998 885 ait
3044 831 3114 884 ad
3158 847 3297 885 eum
3335 847 3347 884 :
3385 831 3672 898 Marcelle,
3707 833 3934 904 genitor
3979 838 4119 888 tuus

2473 940 2500 966 «
2535 922 2739 989 ngeas
2772 918 2956 972 noluit
3001 918 3297 974 Christum
3351 921 3602 987 credere,
3639 937 3774 975 nam
3808 925 3993 977 mater
4026 926 4123 978 tua

2472 1028 2499 1055 «
2535 1005 2889 1072 Marcellina,
2907 1011 2961 1060 et
2984 1007 3190 1062 fratres
3206 1006 3290 1061 tui
3310 1007 3665 1063 Saturninus
3695 1013 3752 1064 et
3782 1009 4116 1082 Dionysius,

2474 1115 2501 1143 ‹‹
2526 1094 2768 1164 jubente
2795 1098 2995 1149 sancto
3018 1093 3307 1150 Clemente
3332 1113 3482 1167 papa
3504 1095 3664 1152 urbis
3685 1100 3901 1163 Romae,
3933 1100 4120 1170 parti-

2471 1203 2498 1229 ‹‹
2534 1181 2643 1236 bus
2666 1181 3075 1249 Galliarum,ut
3101 1183 3170 1237 ad
3197 1184 3366 1238 ﬁdem
3393 1184 3782 1240 Christianam
3806 1191 4008 1259 gentes
4027 1189 4119 1243 in-

2470 1293 2496 1318 ‹‹
2533 1275 2844 1337 struerent,
2871 1272 3070 1326 directi
3094 1275 3249 1326 sunt.
3273 1272 3429 1327 Vade
3452 1273 3520 1326 ad
3545 1290 3664 1339 eos,
3688 1277 3753 1328 ut
3773 1291 3887 1329 non
3911 1292 4113 1346 pereas

2470 1381 2498 1408 ‹‹
2532 1359 2590 1412 in
2644 1376 2820 1414 manu
2869 1359 3046 1414 Decii.
3083 1383 3108 1408 »
3139 1361 3205 1414 Et
3255 1360 3406 1415 infra
3457 1361 3670 1416 dicitur
3701 1379 3713 1416 :
3749 1386 3776 1412 «
3812 1363 4111 1419 Profectus

2473 1467 2500 1495 «
2533 1445 2840 1502 Marcellus
2860 1464 2993 1502 cum
3014 1449 3320 1503 Anastasio
3340 1448 3737 1505 commilitone
3758 1450 4108 1521 Christiano,

2470 1557 2497 1583 ‹‹
2532 1539 2597 1589 ut
2619 1535 2726 1589 iret
2747 1535 2845 1590 ubi
2878 1540 3000 1590 erat
3022 1536 3197 1590 frater
3224 1553 3369 1591 suus
3400 1537 3753 1593 Saturninus
3783 1540 4109 1610 episcopus,

2471 1645 2498 1671 ‹‹
2536 1624 2797 1694 pervenit
2825 1641 3009 1695 usque
3033 1624 3102 1678 ad
3127 1626 3644 1696 Argentomagum,
3672 1626 3792 1692 ubi,
3818 1644 3850 1680 a
3871 1627 4113 1698 praeside

2472 1734 2498 1759 «
2534 1711 3012 1783 comprehensus,
3043 1712 3361 1783 inquisitus
3404 1718 3492 1767 est
3525 1714 3677 1768 unde
3709 1717 3879 1782 esset,
3914 1719 4015 1770 aut
4045 1717 4118 1772 de

2472 1823 2499 1848 ‹‹
2536 1799 2671 1871 quia
2700 1800 2996 1871 provincia
3024 1800 3111 1854 vel
3145 1801 3375 1856 civitate
3407 1801 3519 1857 huc
3549 1803 3821 1866 venisset,
3854 1821 3998 1874 puer
4027 1822 4115 1859 re-

2472 1912 2498 1937 ‹‹
2535 1889 2806 1960 spondit:
2839 1889 3204 1944 Christianus
3235 1907 3386 1957 sum,
3414 1891 3484 1944 ab
3505 1891 3645 1946 urbe
3678 1891 3860 1947 Roma
3886 1891 4115 1960 exivi,et

2473 1999 2500 2025 ‹‹
2535 1993 2778 2048 propero
2813 1978 2881 2032 ad
2916 1977 3205 2032 civitatem
3256 1977 3549 2044 Tolosam,
3584 1980 3683 2033 ubi
3741 1979 3948 2035 fratres
3998 1981 4113 2036 mei

2471 2088 2498 2114 «
2534 2064 2888 2120 Saturninus
2918 2069 2975 2120 et
3024 2066 3334 2138 Dionysius
3381 2072 3833 2123 commorantur.
3867 2067 3970 2124 Cui
4003 2069 4116 2124 He—

2471 2177 2497 2202 ‹‹
2535 2153 2748 2208 raclius
2780 2170 2992 2224 prases
3017 2154 3246 2208 aitzDic
3280 2154 3426 2208 mihi
3457 2155 3804 2210 vocabulum
3828 2158 4010 2227 patris
4026 2156 4114 2211 vel

2471 2264 2496 2290 ‹‹
2533 2241 2734 2295 matris
2767 2245 2897 2296 tuas.
2930 2242 3079 2296 Puer
3111 2230 3449 2312 respondit:
3484 2243 3654 2297 Pater
3685 2260 3849 2298 meus
3881 2249 4108 2316 Egeas,

2471 2353 2497 2378 «
2533 2333 2589 2383 et
2618 2334 2803 2383 mater
2832 2345 2960 2384 mea
2991 2329 3325 2384 Marcellina
3355 2331 3676 2402 nuncupati
3711 2333 4111 2387 sunt.»——Sed

2469 2417 2514 2472 si
2548 2416 2722 2472 velint
2753 2417 3028 2489 episcopi,
3063 2417 3190 2489 ipsa
3229 2417 3423 2488 passio
3454 2417 3512 2472 in
3546 2417 3856 2474 concilium
3908 2436 4109 2475 eorum

2469 2511 2660 2577 potest
2690 2506 2815 2560 sine
2848 2523 3012 2561 mora
3041 2506 3271 2561 deferri.
3306 2507 3432 2561 Hazc
3465 2505 3606 2562 mihi
3639 2525 3753 2562 non
3783 2508 4114 2580 discrepare

2467 2594 2738 2648 videntur
2767 2611 2800 2648 a
2830 2595 3121 2665 scriptura
3151 2611 3277 2665 quae
3310 2611 3486 2666 penes
3521 2613 3629 2651 nos
3661 2595 4003 2668 Engolismze
4042 2597 4113 2652 de

2468 2682 2723 2753 Dionysii
2758 2683 2939 2753 gestis
2965 2682 3231 2736 habetur.
3268 2682 3352 2737 lbi
3383 2682 3540 2737 enim
3573 2682 3783 2756 legitur
3813 2685 3965 2755 quod
3988 2685 4112 2739 Cle-

2468 2787 2634 2826 mens
2652 2771 2963 2841 quemdam
2981 2769 3314 2842 Philippum
3329 2771 4115 2844 ordinaveritepiscopum,et

2466 2859 2754 2929 Hispaniae
2802 2858 3176 2913 destinaverit
3226 2859 3296 2911 ad
3330 2859 3767 2929 praedicandum
3796 2878 3809 2927 ;
3843 2861 4112 2933 Dionysio

2465 2963 2597 3001 vero
2640 2946 2793 3001 verbi
2827 2945 3004 3001 divini
3038 2945 3263 3000 semina
3292 2947 3564 3018 gentibus
3595 2947 3836 3003 tradidit
3879 2965 4116 3020 erogan-

2466 3035 2569 3102 da;
2595 3052 2767 3106 quem
2785 3035 2842 3088 in
2861 3033 3107 3090 Galliam
3133 3034 3625 3106 misit,sociosque
3640 3037 3688 3090 ei
3703 3037 4107 3105 Saturninum,

2468 3122 2865 3177 Marcellinum
2927 3126 2983 3176 et
3043 3122 3380 3189 Lucianum,
3443 3127 3617 3195 atque
3689 3124 3994 3179 Rusticum
4052 3131 4110 3180 et

2466 3210 2862 3266 Eleutherium
2896 3210 3179 3265 adhibuit.
3201 3210 3304 3274 Qui
3339 3227 3470 3265 cum
3503 3210 3679 3266 simul
3711 3213 4109 3284 pervenissent

2467 3299 2537 3353 ad
2578 3304 2808 3370 portum
2856 3298 3282 3353 Arelatensium
3333 3299 3603 3366 civitatis,
3641 3299 4012 3355 Marcellinus
4044 3301 4103 3355 in

679 3385 1114 3459 apostolorum
1132 3391 1509 3452 memoratur,
1518 3392 1718 3458 putare
1740 3387 1997 3442 solebam
2020 3387 2213 3459 ipsum
2233 3404 2358 3443 esse
2389 3377 2432 3443 C
2471 3387 2807 3459 Hispaniam
2827 3387 3351 3452 abiit,Saturninus
3373 3391 3564 3441 autem
3595 3387 3864 3443 Tolosam
3892 3388 4114 3459 profec-

679 3475 874 3548 qui'in
899 3471 1168 3532 Galliam
1191 3490 1323 3528 cum
1341 3474 1577 3530 Rustico
1598 3479 1656 3530 et
1676 3475 2004 3532 Eleutherio
2030 3477 2363 3548 postdeces-

673 3581 816 3621 sum
853 3561 1280 3637 apostolorum
1314 3563 1463 3618 Petri
1495 3567 1551 3618 et
1589 3565 1750 3620 Pauli
1784 3569 1840 3619 et
1871 3565 2154 3621 Martialis
2183 3566 2359 3633 venit,

675 3653 875 3710 donec
911 3668 1120 3724 nuper
1147 3652 1391 3724 contigit
1420 3651 1564 3707 mihi
1596 3653 1828 3708 fortuito
1858 3653 2045 3725 legere
2066 3671 2362 3709 commen-

673 3741 910 3798 tarium
946 3739 1128 3795 Bedes
1160 3755 1336 3811 super
1365 3738 1512 3795 libro
1541 3742 1790 3796 Actuum
1822 3741 2236 3813 apostolorum,
2262 3742 2363 3798 ubi

670 3829 755 3884 ita
801 3830 1127 3901 scriptum
1166 3831 1255 3883 est
1285 3827 1458 3898 (BEDA
1480 3829 1537 3882 in
1561 3831 1670 3883 Act.
1695 3829 1832 3897 xvu)
1868 3846 1880 3884 :
1917 3829 2224 3901 Dionysius
2255 3829 2361 3885 iste

667 3917 1059 3991 Areopagita
1090 3915 1214 3986 ipse
1232 3916 1438 3987 estqui
1464 3921 1667 3988 postea
1694 3917 2128 3972 Corinthiorum
2149 3919 2363 3989 episco-

664 4023 782 4078 pus
817 4009 1066 4070 factus,
1090 4003 1512 4075 gloriosissime
1535 4004 1851 4060 Ecclesiam
1880 4007 2110 4073 rexit,et
2131 4005 2360 4078 eloquio

665 4093 876 4150 clarus
915 4090 1156 4149 multos
1179 4089 1358 4147 libros
1381 4092 1451 4147 ad
1473 4092 1786 4148 utilitatem
1814 4093 2080 4149 Ecclesiae
2104 4095 2356 4166 scripsit,

658 4211 731 4226 —
753 4184 976 4254 Hujus
991 4179 1664 4252 DionysiiHieronymus
1691 4181 1748 4235 in
1775 4181 2055 4236 Chronico
2079 4199 2182 4237 suo
2205 4200 2362 4237 men-

661 4271 902 4329 tionem
943 4268 1184 4326 faciens
1214 4267 1358 4322 dixit
1381 4269 1457 4340 (6)
1485 4285 1498 4323 :
1535 4269 1898 4341 «Dionysius
1929 4269 2362 4326 Corinthiorum

657 4383 688 4411 «
723 4354 1342 4434 episcopus,elequio
1361 4355 1573 4423 clarus,
1589 4357 1698 4412 sub
1721 4357 2012 4413 Antonino
2036 4359 2230 4414 ﬂoruit
2249 4359 2365 4413 im-

657 4471 686 4498 α
725 4453 1064 4520 peratore,
1081 4460 1195 4514 quo
1209 4447 1470 4515 tempore
1483 4445 1831 4517 Polycarpus
1854 4446 2181 4518 discipulus
2192 4448 2364 4502 Joan-

657 4559 687 4588 α
723 4536 828 4594 nis
864 4531 1272 4605 evangelista;
1305 4549 1516 4604 passus
1538 4539 1662 4589 est:
1691 4534 1799 4588 sub
1816 4534 2066 4604 Traiano
2088 4553 2238 4601 vero,
2268 4539 2370 4606 qui

657 4649 686 4674 α
723 4627 1013 4698 quintus
1042 4619 2221 4693 postVespasianumimperavit,Joannes
2241 4641 2374 4696 apo-

2469 3480 2565 3531 tus
2579 3480 2754 3541 est,et
2768 3475 3076 3548 Dionysius
3103 3491 3233 3529 cum
3267 3474 3504 3530 Rustico
3527 3479 3581 3530 et
3608 3475 3932 3532 Eleutherio
3951 3477 4108 3532 Pari-

2472 3565 2591 3619 sios
2620 3563 3213 3619 adierunt.Lucianus
3242 3580 3373 3618 vero
3407 3565 3786 3636 presbyterad
3806 3564 4111 3621 Belvacen-

2471 3670 2596 3708 sem
2621 3654 2911 3724 profectus
2933 3657 3020 3707 est
3043 3653 3264 3706 urbem.
3289 3651 3557 3708 Julianus
3581 3671 3810 3726 quoque
3842 3654 4118 3710 Cenoma-

2473 3741 2692 3807 nensis,
2709 3745 2773 3794 ut
2795 3741 2852 3794 in
2877 3741 3056 3812 gestis
3078 3742 3204 3810 ejus
3227 3740 3571 3812 reperimus,
3588 3759 3794 3814 genere
3816 3743 4114 3798 Romanus

2473 3829 2599 3883 fuit.
2615 3828 2966 3883 Saturninus
2988 3834 3200 3890 autem,
3230 3833 3292 3882 ut
3313 3830 3507 3899 passio
3531 3831 3657 3900 ejus
3675 3831 3841 3886 docet
3856 3835 4114 3902 tempore

2470 3916 2809 3972 Diocletiani
2843 3923 2898 3971 et
2924 3917 3278 3982 Maximiani,
3296 3917 3464 3971 Decio
3487 3917 3828 3973 Germanico
3857 3924 3914 3973 et
3938 3919 4110 3974 Grato

2470 4004 2831 4071 consulibus,
2867 4021 3076 4075 passus
3107 4010 3212 4058 est.
3249 4003 3461 4058 Verum
3493 4004 3805 4060 nonnullos
3836 4005 4006 4060 audio
4028 4005 4114 4058 in-

2463 4094 2696 4147 terdum
2729 4108 2955 4146 movere
2988 4091 3278 4162 quomodo
3312 4108 3426 4145 non
3459 4090 3746 4163 discrepet
3775 4091 3916 4146 illud
3953 4092 4106 4164 quod

2468 4181 2620 4252 apud
2645 4179 2914 4234 Tolosam
2939 4183 3100 4250 gesta
3122 4179 3247 4247 ejus
3268 4179 3338 4232 de
3360 4183 3618 4249 tempore
3647 4179 4114 4246 narrant,videli-

2471 4275 2557 4324 cet
2587 4269 2635 4324 si
2667 4268 2724 4322 in
2751 4273 3007 4338 tempore
3056 4265 3391 4320 Diocletiani
3423 4271 3479 4321 et
3510 4268 3864 4335 Maximiani,
3899 4285 4111 4323 consu-

2471 4357 2593 4414 latu
2626 4373 2756 4412 vero
2790 4355 2943 4410 Decii
2977 4354 3300 4410 Germanici
3333 4359 3390 4409 et
3419 4356 3599 4423 Grati,
3629 4357 3815 4428 primo
3838 4357 4109 4413 Tolosam

2475 4447 2726 4509 advenit,
2745 4443 2851 4510 vel,
2874 4444 3026 4515 quod
3053 4444 3242 4497 verius
3264 4459 3391 4498 esse
3425 4444 3567 4498 mihi
3599 4444 4114 4517 videtur,tempore

2480 4535 2653 4604 Decii,
2684 4533 3005 4588 secundum
3035 4531 3365 4602 passionem
3398 4532 3716 4603 supradicti
3751 4533 4026 4598 Marcelli,
4059 4537 4116 4589 et

2480 4625 2591 4678 sub
2622 4621 2879 4693 ipsorum
2914 4618 3260 4691 principium
3301 4623 3560 4690 tempore
3590 4637 3800 4692 passus
3831 4625 3936 4688 est,
3970 4637 4116 4693 quo-

661 4734 684 4764 ι
721 4713 937 4772 stolus
979 4711 1051 4765 in
1091 4725 1232 4780 pace
1262 4709 1504 4798 quievit,
1532 4715 1588 4765 et
1613 4710 1880 4766 Clemens
1914 4727 2083 4783 papa,
2115 4711 2172 4765 in
2207 4728 2366 4768 mare
2397 4734 2442 4798 D
2483 4712 2653 4767 modo
2676 4727 2708 4764 a
2731 4711 2893 4764 Petro
2918 4707 3176 4798 apostolo
3207 4707 3515 4779 episcopus
3543 4709 3844 4798 ordinatus
3867 4713 3927 4798 et
3953 4708 4117 4765 Tolo-

653 4827 683 4853 ‹‹
720 4818 1016 4868 mersus,
1061 4797 1344 4868 martyrio
1376 4803 1687 4854 coronatus
1734 4804 1839 4853 est.
1874 4820 1902 4847 ››
1938 4799 2125 4870 Hujus
2152 4799 2363 4873 Diony-

652 4891 728 4948 sii
758 4887 1131 4964 Gregorius
1161 4884 1221 4939 in
1251 4885 1506 4957 quadam
1562 4885 1802 4942 homilia
1844 4887 2133 4953 meminit,
2164 4889 2365 4945 dicens

649 4982 974 5048 (GREGOR.
1013 4971 1242 5030 Ιιοιηίι.
1272 4991 1366 5030 xrv
1397 4975 1454 5030 in
1497 4974 1784 5047 Evang.):
1837 4997 1864 5024 «
1899 4975 2101 5029 Fertur
2152 4975 2363 5048 Diony-

653 5092 683 5122 «ι
719 5069 862 5126 sius
898 5065 1019 5122 ille
1058 5062 1348 5133 antiquus
1396 5063 1740 5118 venerabilis
1799 5063 1966 5117 Pater
2022 5065 2368 5137 Areopagita

651 5182 681 5209 α
719 5159 967 5220 dicere,
996 5150 1174 5224 quod
1207 5166 1276 5205 ex
1307 5152 1633 5207 minoribus
1663 5151 2000 5223 angelorum
2033 5151 2366 5224 agminibus

655 5268 686 5297 κ
718 5246 881 5304 foris
896 5243 983 5299 ad
1005 5237 1314 5308 explenda
1330 5239 1658 5294 ministeria
1675 5239 1758 5294 vel
1778 5238 2082 5294 visibiliter
2100 5239 2185 5295 vel
2217 5242 2368 5296 invi-

657 5361 686 5386 ι(
722 5334 1018 5392 sibiliter
1058 5323 1443 5382 mittuntur.»
1461 5328 1564 5383 Hic
1578 5332 1772 5383 autem
1791 5327 1860 5382 de
1887 5327 2130 5382 Francia
2157 5327 2367 5402 Diony-

653 5424 814 5494 sius,
854 5419 1044 5478 unde
1083 5413 1265 5470 fuerit
1293 5415 1595 5484 oriundus,
1630 5416 1688 5470 in
1722 5414 1991 5486 passione
2015 5415 2199 5470 sancti
2224 5417 2371 5473 Mar-

652 5515 792 5571 celli
830 5507 1138 5566 ﬁdeliter
1162 5505 1472 5559 memorari
1506 5505 1646 5559 mihi
1677 5504 1905 5559 videtur
1938 5519 1950 5556 :
1985 5503 2069 5559 sic
2099 5503 2253 5558 enim
2289 5506 2370 5563 ibi

651 5602 940 5659 habetur
979 5613 994 5649 ;
1039 5615 1071 5641 ‹‹
1121 5588 1268 5645 Puer
1325 5592 1565 5663 quidam
1614 5591 1922 5647 Marcellus
1965 5593 2072 5646 sub
2105 5592 2372 5651 doctrina

652 5716 682 5744 α
712 5689 887 5750 beati
914 5679 1092 5742 Sixti
1121 5679 1518 5747 erudiebatur,
1547 5696 1798 5751 cumque
1819 5678 2121 5752 suppliciis
2143 5679 2370 5739 Sixtum

730 5779 820 5851 (6)
855 5773 1300 5836 Hieronymus
1331 5765 1478 5823 falso
1509 5768 1741 5823 citatus.

2476 4817 2602 4854 sam
2639 4799 2857 4853 missus
2888 4803 2974 4852 est
2995 4797 3020 4850 ‘I
3053 4812 3303 4866 namque
3335 4813 3367 4850 a
3398 4797 3666 4869 passione
3698 4797 3760 4852 B.
3785 4797 4113 4870 Petri,qua3,

2474 4888 2799 4944 secundum
2832 4901 3037 4957 puram
3086 4884 3383 4939 veritatem
3431 4884 3785 4964 Hieronymi,
3819 4885 4115 4942 tricesimo

2474 4977 2722 5047 septimo
2755 4993 2788 5029 a
2818 4972 3240 5029 resurrectione
3294 4972 3540 5041 Domini,
3577 4973 3685 5030 hoc
3744 4978 3832 5030 est
3889 4973 4116 5030 decimo

2473 5063 2642 5120 tertio
2673 5061 2914 5118 Neronis
2945 5078 3120 5129 anno,
3153 5059 3388 5128 exstitit,
3425 5078 3608 5134 usque
3641 5063 3699 5118 in
3730 5063 3987 5134 primum
4019 5081 4119 5119 an-

2477 5170 2616 5208 num
2669 5151 2840 5215 Decii,
2877 5151 3111 5204 fuerunt
3160 5150 3298 5203 anni
3346 5168 3588 5206 numero
3621 5153 3743 5218 182,
3777 5158 3833 5206 et
3864 5169 3897 5206 a
3928 5151 4116 5223 primo

2479 5241 2630 5297 Decii
2662 5256 2813 5296 anno
2843 5255 3030 5308 usque
3069 5237 3125 5291 in
3179 5237 3436 5308 primum
3486 5239 3820 5295 Diocletiani
3873 5257 4115 5307 annum,

2479 5333 2714 5385 fuerunt
2759 5327 2896 5382 anni
2926 5329 3014 5379 32.
3052 5326 3309 5380 Fuerunt
3347 5343 3380 5380 a
3423 5329 3842 5384 resurrectione
3891 5327 4119 5383 Domini

2478 5435 2665 5490 usque
2693 5416 2753 5471 in
2784 5414 3059 5469 ultimum
3092 5430 3311 5468 annum
3345 5414 3688 5472 Diocletiani
3729 5417 3863 5473 anni
3914 5431 4119 5470 nume-

2479 5521 2542 5560 ro
2569 5507 2694 5559 265.

2549 5595 2633 5647 Ad
2669 5593 2816 5646 hanc
2849 5603 3044 5642 vocem
3077 5604 3207 5642 cum
3243 5588 3300 5642 in
3332 5592 3572 5646 concilio
3603 5608 3636 5646 a
3666 5587 4013 5661 quibusdam
4045 5583 4117 5636 de

2479 5681 2774 5739 Chronica:
2806 5675 3133 5740 concordia,
3155 5682 3392 5749 pr0pter
3413 5680 3724 5736 adventum
3751 5667 4026 5731 Martialis
4052 5666 4112 5720 in
