4986 6410
1390 566 1545 632 136⁸7
1589 589 1596 596 ‘
2333 564 2737 632 JORDANUS
2780 558 3351 628 LEMOVICENSIS
3397 563 3843 628 EPISCOPUS.
4641 559 4803 624 I368

1386 700 1788 776 Aquitaniam,
1819 699 2055 758 subtilis
2085 699 2382 775 inquisitio
2415 719 2447 756 a
2477 701 2698 756 clericis
2730 701 2911 765 ﬁeret,
2936 698 3032 754 ille
3063 699 3114 763 Α
3144 695 3373 752 dierum
3392 697 3767 770 temporalem
3792 700 4036 754 mortem
4051 694 4396 770 suscepit.Si
4411 697 4608 752 autem
4623 696 4805 768 juxta

1386 791 1852 864 Engolismensis
1869 790 2113 846 clericus
2127 789 2614 861 adjunxit,dicens
2631 807 2677 844 τα
2697 788 3027 860 Hieronymi
3142 784 3554 857 Hieronymum
3575 787 3775 842 Petrus
3794 786 4087 842 tricesimo
4114 787 4410 859 septimoa
4424 786 4806 842 resurrectio-

1387 879 1674 936 Chronica
1702 896 1826 952 qua:
1858 879 2089 935 mentiri
2117 896 2227 934 non
2260 882 2468 950 potest,
2497 878 2544 932 si
2576 877 2784 949 placet,
2816 876 2874 930 in
2899 893 3032 930 con-
3145 873 3588 938 neDomini,hoc
3603 875 3926 930 estdecimo
3940 875 4359 930 tertioNeronis
4373 891 4585 947 passus
4599 880 4808 932 estan-

1389 969 1591 1025 cilium
1623 968 1934 1036 deferatur,
1966 972 2021 1022 et
2051 984 2224 1039 super
2247 967 2354 1021 hac
2381 966 2698 1037 quaestione
2729 965 3036 1037 diligenter
3149 977 3241 1025 no,
3260 961 3733 1031 igiim'MarliuliS
3755 963 3916 1018 Petro
3943 969 4195 1034 quatuor
4223 963 4392 1020 annis
4415 964 4802 1035 supervixit.»

1392 1055 1834 1130 perspiciatur.»
1866 1056 2063 1128 Itaque
2097 1060 2455 1126 perscrutato
2488 1054 2634 1108 libro
2661 1053 2890 1108 locutus
2912 1057 3034 1108 est:
3222 1050 4540 1109 Hmcethissimiliadeconvenientiaannorum
4555 1069 4693 1109 cum
4711 1072 4808 1110 sa-

1396 1169 1424 1196 ‹‹
1461 1145 1634 1211 Licet,
1661 1144 2112 1216 inquiens,Beda
2136 1143 2193 1198 in
2223 1143 2644 1198 commentario
2671 1159 2845 1214 super
2864 1144 3040 1195 Actus
3152 1138 3446 1192 tist‘actum
3473 1145 3704 1205 essct,et
3725 1140 3818 1195 ille
3841 1140 4305 1213 Engolismensis
4322 1140 4570 1197 clericus
4589 1143 4809 1200 iterum

1399 1233 1790 1306 apostolorum
1817 1233 1971 1289 dicat
2003 1233 2234 1287 Petrum
2270 1237 2477 1304 quarto
2509 1231 2730 1285 Claudii
2765 1248 2914 1284 anno
2938 1231 3044 1284 Ro.
3155 1227 3368 1281 diceret
3387 1228 3525 1298 quia
3545 1229 3687 1283 nihil
3712 1229 3925 1284 mirum
3946 1230 3992 1285 si
4012 1229 4335 1284 Martialem
4357 1230 4545 1285 Lucas
4568 1233 4816 1290 nomine

1399 1337 1553 1376 mam
1569 1320 1879 1386 venisse,et
1891 1319 2186 1376 tricesimo
2204 1337 2354 1374 nono
2368 1336 2518 1373 anno
2532 1324 2662 1390 post
2676 1317 3016 1373 resurrectio
3032 1349 3045 1358 -
3156 1315 3388 1387 proprio
3409 1333 3522 1370 non
3537 1315 3826 1388 exprimit,
3843 1334 3974 1372 cum
4009 1316 4242 1372 illorum
4267 1317 4644 1390 septuaginta
4663 1321 4815 1377 duo-

1398 1427 1529 1466 nem
1543 1409 1771 1466 Domini
1785 1425 2026 1482 passum
2041 1407 2748 1477 esse,tamen,secundum
2766 1408 3042 1477 llierony-
3159 1421 3284 1458 rum
3313 1405 3547 1460 nomina
3572 1423 3682 1460 non
3719 1407 4005 1476 ostendat,
4031 1411 4204 1479 atque
4230 1406 4380 1463 Petri
4401 1407 4726 1465 adventum
4750 1411 4811 1466 in

1399 1499 1477 1557 mi
1509 1499 1854 1555 Chronicam
1889 1496 2182 1553 subtiliter
2210 1501 2606 1568 supputatam,
2645 1496 2724 1550 ita
2754 1495 3044 1549 invenitur
3150 1492 3512 1546 Antiochiam
3541 1499 3595 1548 et
3629 1494 3870 1548 Romam
3918 1493 4078 1549 nullo
4111 1495 4284 1550 modo
4317 1494 4558 1564 scribat,
4587 1496 4810 1554 iterum

1399 1589 1552 1661 quod
1566 1587 1792 1644 decimo
1805 1591 2004 1642 octavo
2017 1601 2168 1640 anno
2183 1585 2394 1640 Tiberii
2411 1585 2694 1639 Dominus
2710 1601 2918 1656 passus
2933 1589 3038 1649 est;
3152 1581 3452 1636 Odolricus
3476 1581 3640 1636 Pater
3659 1583 3944 1638 allocutus
3967 1588 4054 1638 est
4070 1582 4613 1650 concilium,dicens
4637 1603 4651 1641 :
4679 1611 4709 1637 «
4727 1587 4813 1644 Ne

1397 1674 1835 1751 postTiberium
1855 1691 1988 1730 vero
2013 1674 2272 1746 regnavit
2290 1674 2552 1739 Caius,et
2566 1677 2694 1744 post
2717 1689 2849 1728 eum
2873 1673 3040 1727 Clau-
3152 1671 3284 1740 quis
3318 1671 3462 1724 forte
3496 1687 3600 1725 nos
3633 1672 3787 1726 dicat
3818 1689 3972 1727 nunc
4007 1689 4222 1728 novum
4255 1672 4421 1728 fateri
4443 1673 4810 1746 apostolum,

1399 1757 1735 1835 dius,cujus
1767 1761 1992 1834 imperii
2023 1761 2276 1817 secundo
2307 1778 2460 1815 anno
2485 1765 2767 1815 venerunt
2796 1761 3040 1815 Romam
3151 1763 3207 1812 et
3238 1757 3522 1814 hactenus
3554 1776 3667 1814 non
3701 1761 3994 1814 auditum:
4015 1761 4086 1815 de
4112 1760 4474 1833 apostolatus
4505 1763 4636 1834 ejus
4657 1763 4815 1820 anti-

1397 1852 1668 1926 princeps
1698 1850 2093 1924 apostolorum
2121 1849 2417 1914 Petrus,et
2447 1847 2883 1919 condiscipulus
2915 1849 3042 1918 ejus
3151 1847 3472 1917 quitate,eo
3490 1849 3642 1918 quod
3666 1850 3791 1918 jam
3827 1849 3964 1904 olim
3989 1854 4426 1922 praeoccupatus
4442 1851 4516 1907 ab
4542 1851 4813 1928 antiquis

1397 1937 3041 2013 Martialis;ipsiusautemClaudiiquartoannoMarcusin
3151 1941 3207 1990 et
3225 1936 3570 1991 testiﬁcatus
3594 1936 4013 2002 fuerit,iterum
4047 1937 4366 2010 perhibebo
4394 1937 4814 1999 testimonium

1395 2031 1658 2103 Egypto,
1691 2027 1976 2084 Martialis
2025 2027 2085 2080 in
2133 2025 2338 2090 Gallia,
2373 2024 2687 2078 Dominum
2734 2024 3040 2095 prmdicare
3075 2059 3118 2122 Β
3153 2041 3373 2088 verum,
3433 2042 3464 2078 ο
3522 2025 3880 2081 venerabiles
3931 2027 4208 2098 episcopi.
4242 2027 4386 2083 Ecce
4439 2028 4557 2085 duo
4609 2029 4816 2106 sacer-

1400 2120 1718 2190 eruperunt.
1754 2116 1889 2170 Post
1919 2113 2247 2180 Claudium,
2283 2112 2381 2184 qui
2423 2112 2726 2184 imperavit
2757 2113 2924 2169 annis
2957 2115 3041 2179 13,
3075 2111 3116 2122 “’
3153 2112 3316 2167 dotes
3371 2128 3438 2167 ex
3491 2113 3768 2169 fratribus
3828 2115 4044 2170 nostris
4103 2132 4296 2170 coram
4355 2116 4596 2186 adsunt,
4656 2111 4815 2192 quos

1401 2204 1709 2262 mensibus
1737 2206 1794 2274 7,
1827 2201 2034 2258 diebus
2062 2202 2150 2268 28,
2203 2201 2461 2272 suscepit
2509 2201 2646 2270 jura
2704 2201 3046 2274 principalia
3153 2200 3293 2255 olim
3325 2201 3431 2256 hac
3462 2201 3587 2273 ipsa
3621 2203 3688 2257 de
3725 2220 3902 2258 causa
3933 2203 3988 2258 in
4025 2203 4384 2260 Britanniam
4417 2204 4577 2274 misi,
4601 2209 4672 2263 ut
4697 2209 4816 2266 An-

1402 2295 1575 2360 Nero,
1606 2289 1992 2347 nihilominus
2021 2288 2192 2345 annis
2224 2289 2696 2354 13,mensibus7,
2722 2290 2929 2344 diebus
2951 2292 3040 2355 28;
3071 2365 3077 2370 _
3153 2289 3381 2362 glorum
3415 2308 3446 2344 a
3492 2291 3784 2359 Gregorio,
3822 2297 3885 2345 ut
3929 2309 4075 2358 reor,
4108 2293 4405 2364 przstixam
4457 2291 4650 2368 legem
4703 2311 4815 2354 an-

1404 2397 1542 2438 nam
1577 2381 1644 2435 13
1672 2379 1860 2452 plenis
1914 2378 2085 2434 annis
2137 2377 2416 2449 regnavit.
2454 2382 2510 2431 et
2555 2382 2762 2448 quarto
2819 2379 3044 2433 decimo
3155 2395 3357 2432 nosam
3376 2377 3716 2450 diligentius
3735 2386 4254 2450 perscrutarentur,
4274 2382 4506 2438 etomni
4530 2383 4816 2442 submoto

1403 2469 1719 2544 plusquam
1743 2467 1932 2524 medio
1960 2470 2227 2522 mortuus
2251 2470 2357 2522 est.
2374 2466 2560 2534 Hujus
2584 2466 2808 2538 imperii
2834 2467 3044 2538 primo,
3155 2467 3457 2521 mendacio
3471 2467 3541 2522 ad
3560 2485 3662 2521 nos
3684 2470 3978 2523 referrent.
4005 2470 4109 2535 Qui
4133 2486 4267 2524 cum
4285 2470 4357 2525 ad
4376 2470 4596 2545 Anglos
4617 2489 4819 2545 perve-

1402 2577 1504 2616 rex
1533 2556 1855 2614 Galliarum
1905 2555 2236 2628 Stephanus
2275 2556 2519 2610 Romam
2551 2571 2685 2609 cum
2720 2553 3044 2626 legionibus
3154 2557 3532 2620 nissent,tam
3556 2555 3614 2610 in
3639 2557 4058 2628 Martyrologiis
4078 2575 4277 2613 eorum
4303 2576 4482 2631 quam
4505 2559 4818 2620 inlitaniis

1401 2646 1700 2704 Gallorum
1732 2645 1805 2700 ad
1837 2659 1970 2699 eum
2003 2643 2274 2716 perrexit,
2307 2643 2804 2708 quemadmodum
2836 2642 3045 2700 litteris
3156 2642 3477 2698 Martialem
3523 2644 3592 2698 ab
3649 2644 3996 2716 antiquitate
4049 2645 4415 2718 reperiebant
4471 2649 4817 2722 apostolum

1401 2751 1506 2808 per
1531 2732 1862 2791 veredarios
1895 2730 1946 2786 ei
1979 2731 2167 2787 fuerat
2183 2732 2442 2802 jussum.
2478 2729 2666 2802 Ipsius
2694 2747 2922 2803 quoque
2944 2733 3044 2787 Nc-
3155 2731 3556 2804 scriptum.Ad
3577 2733 3871 2804 quoddam
3896 2738 4090 2789 autem
4124 2751 4405 2808 magnum
4427 2737 4816 2797 devenientes

1401 2822 1563 2880 ronis
1586 2837 1738 2878 anno
1753 2818 2261 2886 secundo,Paulus
2281 2819 2579 2892 apostolus
2598 2819 2868 2891 primitus
2891 2820 3046 2876 venit
3154 2819 3596 2887 monasterium,
3625 2821 3682 2874 in
3716 2837 3831 2892 quo
3859 2820 4084 2893 primus
4122 2822 4443 2896 Anglorum
4492 2826 4816 2902 episcopus

1402 2909 1793 2979 Remam,hoc
1807 2913 1898 2966 est
1921 2913 2126 2980 quarto
2142 2907 2366 2963 decimo
2393 2924 2544 2963 anno
2576 2913 2706 2980 post
2731 2909 3044 2964 adventum
3155 2908 3464 2980 requiescit
3507 2925 3745 2980 corpore
3792 2910 4156 2982 Augustinus
4181 2916 4621 2984 (compererunt
4650 2917 4818 2974 enim

1401 2999 1634 3056 B.Petri
1668 3015 1680 3054 :
1715 2997 1963 3054 necdum
1996 2995 2149 3052 enim
2184 2997 2371 3051 fuerat
2403 2995 2614 3050 Paulus
2647 2997 3046 3068 Romae,quan«
3153 2996 3232 3052 ibi
3262 3015 3373 3052 non
3421 2996 3618 3052 haberi
3672 2996 3886 3053 librum
3925 2999 3994 3054 de
4025 2998 4254 3054 actibus
4285 2999 4438 3056 beati
4469 3002 4818 3076 Martialis),

1401 3089 1478 3144 do
1506 3086 1838 3160 Stephanus
1881 3087 1952 3141 ad
2000 3085 2286 3141 Neronem
2345 3086 2636 3157 profectus
2685 3090 2791 3140 est.
2828 3085 3043 3140 Missus
3154 3103 3256 3157 per
3283 3085 3518 3140 litanias
3574 3088 3767 3140 tamen
3829 3091 4004 3158 atque
4063 3086 4477 3164 Martyrologia
4505 3089 4569 3147 in
4600 3094 4816 3151 eodem

1405 3180 1496 3234 est
1525 3179 1720 3232 autem
1748 3174 1975 3230 vinctus
2007 3175 2252 3230 Romam
2293 3174 2510 3228 Paulus
2541 3191 2574 3228 a
2604 3173 2769 3228 Festo
2800 3175 3044 3244 przeside
3151 3174 3275 3229 loco
3302 3175 3648 3228 invenerunt
3679 3174 3946 3229 eumdem
3971 3179 4284 3246 patronum
4307 3176 4548 3234 nomine
4578 3190 4818 3253 aposto-

1403 3264 1634 3332 Judam,
1659 3263 1798 3337 quia
1826 3267 2107 3320 Caesarem
2140 3261 2548 3335 appellaverat.
2587 3263 2722 3317 item
2751 3280 2902 3317 anno
2926 3263 3041 3334 pri-
3154 3262 3260 3318 lico
3292 3262 3646 3316 decoratum.
3678 3267 3748 3316 At
3780 3280 3913 3318 cum
3946 3280 3979 3318 a
4011 3268 4172 3336 patre
4205 3266 4544 3322 monasterii
4575 3272 4819 3343 perqui-

1404 3369 1499 3410 mo
1529 3353 1764 3422 Tiberii,
1798 3353 2051 3409 Herodes
2081 3351 2369 3408 tetrarcha
2419 3351 2570 3423 apud
2610 3351 2840 3406 Judzeos
2871 3351 3044 3423 coepit
3085 3420 3111 3423 ι
3154 3354 3364 3416 rerent,
3401 3349 3660 3406 dicentes
3693 3368 3705 3406 :
3743 3374 3768 3396 ‹‹
3803 3350 3874 3405 Ut
3929 3350 4067 3422 quid
4129 3351 4456 3409 Martialem
4504 3355 4564 3410 in
4596 3361 4819 3416 vestris

1401 3448 1665 3516 regnare,
1697 3420 1795 3514 qui
1828 3441 2090 3514 regnavit
2120 3457 2223 3512 per
2250 3457 2433 3494 annos
2456 3420 2624 3502 ἶ34,ἱὰ
2647 3443 2736 3494 est
2765 3420 3040 3510 usquead
3073 3420 3114 3486 C
3154 3461 3184 3490 ‹‹
3215 3437 3436 3492 litaniis
3466 3420 4179 3510 praedicatis'apostolum,
4200 3457 4334 3496 cum
4367 3443 4496 3513 ejus
4529 3449 4702 3517 gesta
4733 3448 4822 3504 di-

1399 3531 1658 3602 primum
1698 3545 1920 3586 annum
1975 3527 2095 3584 Caii
2148 3526 2443 3600 Caligulae,
2475 3527 2573 3598 qui
2609 3528 2717 3582 fuit
2747 3545 3048 3583 successor
3159 3550 3185 3578 ‹‹
3217 3527 3364 3582 catis
3410 3544 3527 3586 non
3590 3526 3787 3582 haberi
3845 3544 4023 3600 ρθηθε
4069 3545 4170 3584 V08
4193 3527 4222 3584 τ
4255 3552 4282 3579 υ
4318 3529 4414 3586 me
4446 3536 4767 3605 respondit
4803 3555 4820 3594 ³

1397 3617 1764 3684 Tiberii,sub
1789 3633 1904 3688 quo
1921 3615 2146 3671 Herode
2167 3615 2449 3670 Dominus
2469 3632 2680 3686 passus
2703 3615 3048 3688 est,fuitque
3157 3639 3183 3665 ‹‹
3217 3615 3363 3680 Quia
3391 3616 3462 3669 ab
3493 3613 3610 3683 illo,
3645 3615 3856 3687 inquit,
3891 3620 4172 3688 tempore,
4205 3634 4321 3690 quo
4373 3619 4564 3692 primo
4607 3622 4671 3679 in
4705 3624 4822 3682 hac

1401 3707 1582 3762 frater
1605 3703 1893 3771 Archelai,
1928 3704 1984 3758 id
2017 3707 2106 3759 est
2135 3702 2290 3758 filius
2323 3702 2480 3759 illius
2511 3703 2753 3759 Herodis
2781 3705 2888 3759 sub
2932 3721 3046 3776 quo
3157 3728 3184 3753 ‹‹
3220 3704 3491 3777 provinca
3533 3703 3742 3760 Christi
3795 3721 4006 3760 nomen
4038 3705 4305 3763 auditum
4335 3713 4445 3775 est,
4473 3725 4508 3764 a
4539 3713 4821 3783 patribus

1402 3791 1672 3850 Christus
1701 3795 1873 3848 natus
1903 3797 2010 3848 est.
2045 3792 2181 3847 Post
2219 3791 2500 3846 Herodem
2531 3807 2664 3847 vero
2695 3793 3046 3852 tetrarcham
3158 3817 3184 3843 ‹‹
3219 3793 3326 3848 hoc
3357 3792 3574 3848 nostris
3605 3794 3978 3848 observatum
4020 3797 4128 3861 est,
4161 3812 4412 3866 quorum
4465 3798 4820 3860 nullatenus

1403 3880 1666 3954 regnavit
1704 3880 1959 3954 Agrippa
2011 3879 2183 3936 annis
2241 3885 2484 3951 septem.
2523 3882 2648 3952 Ipse
2679 3887 2766 3936 est
2797 3881 3048 3937 Herodes
3161 3903 3187 3931 ‹‹
3221 3881 3531 3936 immutare
3563 3898 3880 3953 possumus
3913 3882 4308 3939 traditionem.
4333 3883 4568 3942 Scimus
4591 3891 4822 3964 quippe

1405 3969 1506 4043 qui
1526 3969 1806 4026 Jacobum
1831 3969 2062 4034 occidit,
2081 3971 2138 4024 et
2158 3967 2384 4024 Petrum
2411 3967 2875 4040 comprehendit;
2903 3973 2957 4024 et
2976 3970 3050 4025 ab
3158 3993 3184 4020 ‹‹
3219 3971 3482 4026 doctores
3532 3974 3763 4025 nostros
3813 3969 4032 4042 priores
4067 3971 4138 4026 de
4167 3973 4426 4045 Gregorii
4459 3975 4825 4047 profluxisse

1407 4057 1612 4133 angelo
1641 4073 1959 4132 percussus
1990 4061 2097 4114 est.
2129 4057 2310 4128 Cujus
2343 4056 2582 4112 Herodis
2629 4074 2780 4113 anno
2823 4057 3046 4130 quinto,
3159 4082 3187 4108 ‹‹
3222 4055 3596 4130 magisterio;
3631 4062 3884 4113 attamen
3915 4059 4130 4132 saepius
4173 4058 4325 4116 inter
4382 4079 4490 4120 nos
4546 4067 4826 4126 conferre

1413 4148 1520 4205 hoc
1539 4151 1629 4204 est
1646 4146 1868 4204 Claudii
1888 4146 2130 4204 Caesaris
2155 4146 2434 4212 secundo,
2458 4146 2658 4202 Petrus
2676 4145 3050 4213 etMartialis,
3165 4171 3184 4198 ι
3223 4147 3553 4218 indagando
3586 4145 3845 4202 solemus
3873 4145 4005 4218 quis
4034 4146 4144 4204 iste
4174 4153 4264 4204 est
4287 4149 4617 4232 apostolus,
4635 4157 4822 4232 cujus

1415 4240 1480 4293 ut
1528 4236 1654 4307 jam
1709 4235 1986 4304 diximus,
2036 4234 2228 4308 primo
2284 4239 2566 4289 venerunt
2620 4235 2884 4290 Romam.
2919 4235 3054 4292 Post
3161 4261 3188 4287 ‹‹
3222 4233 3568 4290 vocabulum
3601 4233 3658 4288 in
3694 4234 4015 4305 Evangeliis
4046 4234 4183 4292 etin
4203 4236 4446 4296 Actibus
4473 4231 4830 4314 apoSto'lieis

1412 4321 2782 4399 AgrippamHerodem,regnavitﬁliusejusalter
2800 4323 3056 4396 Agrippa
3163 4348 3189 4375 ‹‹
3223 4321 3464 4378 minime
3511 4323 3828 4378 intuemur.
3864 4325 3932 4378 Et
3979 4324 4285 4396 quoniam,
4329 4331 4636 4399 gestorum
4686 4335 4829 4405 ejus

1415 4413 1586 4470 annis
1615 4413 1704 4482 26,
1736 4413 1846 4470 hoc
1875 4416 1964 4469 est
1991 4428 2180 4484 usque
2210 4411 2269 4466 in
2299 4411 2620 4466 secundum
2661 4429 2882 4466 annum
2913 4412 3054 4468 Ves-
3163 4436 3190 4462 «
3225 4410 3628 4467 auctoritatem
3676 4428 3789 4466 non
3845 4411 4146 4479 habentes,
4178 4413 4252 4468 de
4311 4432 4378 4471 eo
4434 4434 4553 4472 non
4607 4437 4864 4492 parum’

1414 4500 1662 4574 pasiani,
1695 4501 1928 4574 quando
1973 4501 2311 4576 Judaeorum
2360 4515 2604 4572 regnum
2662 4498 2888 4555 defecit.
2921 4500 3058 4556 Post
3165 4524 3192 4550 ‹‹
3224 4499 3804 4562 haesitabamus,ideo
3838 4516 4048 4556 nomen
4079 4501 4208 4573 ejus
4241 4503 4444 4560 crebro
4465 4521 4500 4560 a
4530 4511 4836 4567 memoria

1411 4589 1698 4648 Neronem
1717 4588 1935 4663 quippe
1955 4587 2866 4661 imperavitVespasianus,cujus
2887 4588 3056 4644 tertio
3165 4612 3192 4638 ‹‹
3227 4587 3543 4660 apostolica
3581 4587 3818 4643 eradere
3863 4589 4238 4660 putabamus.
4269 4590 4378 4646 Sed
4411 4598 4654 4652 econtra
4683 4579 4834 4655 cuni

1413 4696 1566 4736 anno
1587 4679 1826 4752 imperii
1858 4676 2142 4735 Martialis
2190 4676 2345 4749 apud
2402 4676 2766 4731 Lemovicum
2815 4676 3052 4747 quievit.
3167 4701 3194 4727 α
3227 4677 3822 4732 animadvertercmus
3854 4677 3993 4748 quia
4021 4677 4245 4750 antiqui
4269 4684 4465 4752 patres
4489 4687 4678 4739 nostri
4703 4703 4832 4744 non

1414 4765 1742 4840 Supervixit
1785 4767 1952 4824 Petro
2000 4769 2251 4839 quatuor
2299 4765 2488 4820 annis.
2523 4766 2687 4820 Anno
2735 4765 2893 4819 enim
2922 4765 2992 4820 37
3023 4781 3055 4818 a
3087 4780 3131 4845 ι)
3165 4788 3195 4818 ‹‹
3226 4764 3524 4820 incassum
3556 4764 3709 4819 hunc
3737 4765 3904 4820 nobis
3933 4765 4294 4838 scripserunt
4339 4771 4702 4842 apostolum,
4740 4777 4836 4832 id-

1413 4849 1837 4924 resurrectione
1855 4911 1870 4916 _.
1889 4853 2142 4919 Domini,
2198 4857 2259 4909 ut
2310 4854 2434 4924 jam
2493 4851 2768 4920 diximus,
2801 4851 2910 4906 hoc
2968 4857 3058 4908 est
3165 4877 3194 4904 ‹‹
3227 4853 3379 4908 circo
3410 4851 3569 4908 nullo
3601 4869 3747 4908 ausu
3777 4855 3906 4924 ejus
3935 4852 4284 4911 vocabulum
4316 4872 4352 4912 a
4379 4857 4532 4914 serie
4579 4870 4838 4934 aposto-

1417 4941 1642 5000 decimo
1670 4941 1840 5000 tertio
1869 4957 2024 5000 anno
2057 4941 2299 4998 Neronis
2330 4940 2582 5013 imperii,
2613 4941 2817 4996 Petrus
2846 4957 3057 5012 passus
3169 4963 3198 4991 «ι
3226 4941 3418 4996 lorum
3449 4939 3674 4996 abolere
3703 4941 4081 4998 audebamus.
4117 4942 4234 4999 Vos
4279 4949 4480 5004 autem
4523 4951 4840 5024 peregrini

1415 5033 1532 5099 est;
1555 5034 1614 5089 et
1632 5047 1786 5100 anno
1807 5027 2256 5103 quadragesimo
2280 5035 2410 5102 post
2439 5029 2920 5086 resurrectionem
2945 5029 3056 5086 Do-
3167 5055 3193 5080 «
3229 5029 3396 5100 Galli,
3430 5029 3530 5102 qui
3557 5030 3626 5085 de
3656 5029 3784 5100 ejus
3813 5029 3953 5086 estis
3984 5029 4334 5102 apostolatu,
4355 5033 4458 5106 qui
4483 5027 4659 5094 nobis
4693 5042 4838 5113 ejus

1417 5119 1583 5188 mini,
1621 5113 1756 5178 hoc.
1785 5121 1880 5190 est
1929 5115 2100 5173 tertio
2159 5133 2310 5172 anno
2361 5117 2722 5192 Vespasiani,
2773 5117 3058 5176 Martialis
3166 5143 3193 5169 ‹‹
3228 5123 3392 5174 actus
3423 5118 3812 5184 enuntiatis,a
3832 5119 4046 5175 nostris
4078 5119 4355 5178 cordibus
4381 5121 4456 5180 de
4483 5139 4550 5180 eo
4577 5142 4838 5187 omnem

1415 5211 1760 5282 assumptus
1789 5207 1898 5262 est.
1939 5203 2070 5260 Haec
2117 5204 2313 5260 omnia
2343 5204 2424 5262 ita
2473 5206 2783 5280 diligenter
2833 5224 3055 5280 suppu-
3165 5231 3192 5258 «
3226 5205 3579 5263 omnimodis
3608 5206 4027 5264 dubitationem
4057 5207 4376 5280 abjeeistis,
4407 5213 4469 5268 et
4497 5209 4612 5269 hac
4655 5215 4737 5273 de
4770 5236 4838 5276 re

1413 5297 1634 5366 tantur,
1665 5295 1756 5362 ut,
1786 5291 1838 5348 si
1865 5291 2188 5348 secundum
2221 5294 2504 5364 quosdam
2562 5294 2859 5351 tricesimo
2903 5312 3055 5352 nono
3165 5319 3192 5346 ‹‹
3225 5296 3449 5352 dudum
3475 5295 3824 5352 creberrime
3853 5295 3968 5352 Deo
3991 5295 4476 5369 supplics‘bamus
4495 5306 4694 5360 certos
4715 5323 4834 5362 nos

1415 5397 1570 5440 anno
1589 5384 1726 5454 post
1743 5378 2224 5448 resurrectionem
2242 5380 2470 5438 Domini
2492 5383 2691 5438 Petrus
2711 5397 2924 5456 passus
2943 5387 3053 5451 est,
3165 5409 3191 5436 «
3227 5385 3405 5439 reddi.
3439 5384 3552 5439 Nec
3583 5383 3641 5438 in
3673 5383 3922 5438 adventu
3952 5387 4142 5441 vestro
4173 5383 4456 5444 derelicti'
4475 5404 4584 5460 spe
4617 5399 4841 5452 nostra

1415 5481 1554 5544 ergo
1572 5465 1856 5525 Martialis
1876 5472 2042 5524 Petro
2073 5469 2388 5542 supervixit
2407 5487 2524 5526 uno
2549 5469 2772 5542 integro
2802 5487 2976 5542 anno,
2999 5478 3055 5527 et
3163 5497 3192 5523 ‹‹
3225 5473 3528 5540 videmur;
3559 5471 3678 5526 imo
3723 5471 4134 5528 exsultandum
4193 5467 4366 5530 nobis
4419 5480 4514 5532 est
4573 5479 4648 5535 de
4701 5486 4836 5539 tam

1414 5557 1671 5615 crastina
1691 5556 1801 5627 die,
1823 5557 1931 5614 hoc
1959 5563 2048 5614 est
2079 5559 2268 5632 prima
2298 5557 2538 5614 alterius
2564 5556 2896 5630 incipientis
2915 5561 3053 5616 anni
3163 5583 3191 5610 «
3223 5560 3466 5632 egregia:
3495 5559 3728 5614 virtutis
3755 5559 3985 5616 Domini
4019 5561 4198 5616 nostri
4231 5561 4372 5616 Jesu
4407 5561 4628 5621 Christi
4650 5567 4841 5626 disci-

1415 5647 1528 5714 die,
1559 5645 1732 5704 cmlos
1762 5664 1895 5703 cum
1927 5647 2158 5702 Christo
2187 5645 2468 5703 ascendit.
2499 5647 2683 5717 Atque
2729 5644 2854 5717 ipso
2901 5665 3053 5704 anno
3163 5647 3386 5720 «pulo.
3427 5671 3454 5698 »
3505 5647 3690 5703 Multa
3741 5648 3854 5702 alia
3913 5649 4248 5704 testimonia
4303 5667 4486 5722 penes
4545 5657 4838 5716 eamdem

1416 5751 1531 5807 quo
1561 5733 1881 5802 basilicam,
1907 5735 1968 5790 in
2011 5752 2128 5806 qua
2175 5734 2300 5804 ipse
2359 5733 2636 5789 membris
2697 5733 2963 5806 quiescit,
2993 5735 3052 5791 in
3162 5740 3392 5808 gentem
3425 5736 3744 5809 Anglorum
3775 5737 3848 5792 de
3883 5736 4059 5807 hujus
4110 5739 4484 5796 auctoritatis
4526 5747 4836 5806 vetustate

1417 5821 1632 5879 honore
1663 5823 1808 5879 Petri
1855 5821 2100 5892 apostoli
2145 5819 2450 5884 dedicavit,
2486 5825 2614 5892 post
2647 5821 2794 5876 duos
2825 5837 3055 5877 menses
3162 5826 3337 5877 testes
3366 5840 3598 5879 veraces
3631 5829 4011 5880 narraverunt
4039 5825 4206 5881 nobis
4255 5842 4385 5882 sese
4428 5834 4831 5903 comperisse.
