4986 6566
0 6361 715 6566 μ.

1399 733 1548 804 ωτι

1397 983 1425 1013 ‹‹
1455 977 1590 1017 cum
1623 959 1943 1016 anteriores
1968 959 2272 1015 duodecim
2305 963 2482 1014 testes
2508 957 2593 1013 vel
2630 957 2919 1030 grandzevi
2948 955 3033 1011 vel

1394 1073 1423 1101 ‹‹
1457 1050 1722 1123 perfectas
1754 1052 1949 1104 essent
1977 1048 2293 1111 aatatis,hic
2325 1051 2521 1102 autem
2546 1047 2806 1102 nondum
2831 1043 3037 1118 imple-

1398 1161 1426 1190 «
1456 1143 1578 1194 tam
1608 1137 1864 1209 corporis
1900 1141 2126 1191 aetatem
2177 1136 2450 1191 haberet?
2480 1135 2536 1191 Si
2586 1139 2781 1191 autem
2831 1134 3034 1202 David,

1392 1250 1420 1278 ‹‹
1456 1244 1589 1283 cum
1624 1226 1812 1281 adhuc
1843 1228 1997 1281 esset
2023 1224 2382 1293 adolescens,
2404 1242 2437 1279 a
2467 1224 2711 1279 Domino
2735 1222 2953 1279 electus
2976 1222 3035 1277 in

1399 1338 1421 1366 ι
1457 1331 1723 1390 regnum,
1746 1318 1801 1370 et
1833 1332 1897 1370 eo
1919 1314 2167 1384 jubente
2197 1313 2631 1369 consecratione
2650 1314 2804 1385 regia
2827 1318 3035 1366 unctus

1394 1429 1423 1457 «
1451 1410 1557 1472 est,
1577 1407 1769 1459 tamen
1801 1420 1913 1458 non
1949 1406 2081 1457 ante
2114 1418 2354 1474 regnare
2387 1402 2558 1473 cmpit
2587 1418 2763 1473 quam
2796 1400 3038 1472 triginta

1391 1516 1420 1544 «
1453 1490 1638 1548 astatis
1662 1490 1977 1563 compleret
2007 1508 2213 1556 annos,
2248 1491 2387 1563 quid
2424 1490 2636 1544 mirum
2662 1490 2710 1543 si
2752 1490 3035 1544 Martialis

1390 1604 1418 1631 ‹‹
1451 1584 1616 1637 astate
1644 1580 1835 1636 adhuc
1866 1579 2203 1634 adolescens
2234 1580 2566 1634 unctionem
2618 1579 2799 1633 sancti
2847 1577 3035 1649 Spiri-

1388 1693 1417 1721 «
1449 1674 1545 1726 tus
1576 1670 1634 1725 in
1667 1674 1947 1742 potestate
1978 1668 2198 1741 ligandi
2225 1674 2399 1739 atque
2432 1667 2712 1733 solvendi,
2744 1672 2799 1721 et
2831 1671 3036 1722 caetera

1388 1759 1769 1832 «gratiarum
1818 1757 2176 1812 charismata
2222 1757 2294 1811 ad
2343 1757 2599 1812 ofﬁcium
2649 1755 3032 1828 apostolicum

1388 1869 1416 1898 α
1450 1846 1959 1919 pertinentia,cum
1985 1845 2115 1900 aliis
2147 1864 2180 1900 a
2200 1846 2443 1901 Domino
2476 1845 2697 1917 accepit
2719 1844 3034 1917 apostolis?

1388 1958 1417 1984 ‹‹
1451 1934 1559 1990 Ubi
1584 1935 1706 2004 jam
1731 1935 1882 1989 enim
1922 1934 2179 2005 pervenit
2226 1938 2291 1989 ut
2349 1934 2583 2006 integra:
2630 1937 2785 1989 esset
2824 1934 3031 1999 astatis,

1388 2045 1416 2073 ‹‹
1449 2022 1558 2079 hoc
1589 2029 1676 2079 est
1700 2039 1985 2079 annorum
2022 2023 2279 2095 triginta,
2300 2039 2401 2094 per
2430 2024 2579 2078 beati
2613 2022 2767 2077 Petri
2801 2021 3034 2092 legatio-

1386 2134 1415 2162 ‹‹
1449 2128 1582 2167 nem
1612 2111 1969 2184 Aquitanicze
2011 2110 2355 2183 gentilitatis
2402 2111 2794 2183 apostolatum
2838 2110 3033 2164 efﬁca-

1386 2223 1415 2250 α
1447 2200 1686 2256 cissimo
1734 2216 1905 2272 opere
1953 2215 1987 2254 a
2020 2200 2261 2254 Domino
2311 2199 2588 2271 suscepit.
2623 2198 2783 2262 Quod
2838 2202 3031 2253 autem
3065 2235 3109 2300 Β

1387 2310 1415 2339 «ι
1446 2288 1729 2344 Dominus
1752 2288 1936 2359 jussit
1958 2287 2123 2342 Petro
2155 2292 2220 2342 ut
2272 2287 2547 2360 dirigeret
2592 2286 2914 2342 Martialem
2960 2287 3030 2341 ad

1387 2400 1417 2427 ‹‹
1451 2376 1884 2450 praedicandum
1930 2376 2244 2446 provinciis
2266 2375 2607 2443 Galliarum,
2640 2375 2794 2430 idem
2826 2379 2913 2430 est
2952 2374 3029 2429 si-

1386 2489 1416 2517 ‹‹
1451 2464 1762 2520 millimum
1799 2464 1881 2519 illi
1915 2481 2029 2537 quo
2059 2464 2393 2520 doctoribus
2422 2464 2736 2520 Antiochiae
2767 2464 3031 2537 degenti-

1386 2576 1414 2605 «
1447 2554 1558 2610 bus
1588 2553 1669 2609 ait
1695 2552 1948 2626 Spiritus
1978 2557 2218 2610 sanctus
2250 2571 2263 2609 :
2296 2554 2583 2623 Segregate
2612 2554 2753 2608 mihi
2792 2554 3030 2608 Paulum

1386 2665 1415 2693 ‹‹
1445 2649 1499 2699 ει
1523 2642 1833 2698 Barnabam
1860 2643 1916 2697 in
1948 2658 2079 2713 opus
2107 2658 2210 2714 quo
2238 2643 2502 2713 ossumpli
2529 2658 2633 2697 eos.
2671 2645 2728 2696 It
2759 2642 2848 2696 illi
2865 2658 3027 2697 oran-

1384 2755 1412 2783 ‹‹
1444 2739 1516 2789 ωε
1544 2736 1597 2787 et
1616 2731 1934 2803 jejunantes
1974 2732 2348 2802 imposuerunt
2379 2732 2457 2785 eis
2484 2747 2701 2798 manus,
2732 2737 2783 2785 et
2811 2730 3029 2785 dimise-

1391 2822 1413 2869 ἀ
1442 2828 1634 2876 serunt
1659 2835 1745 2875 eos
1778 2820 1911 2890 (Act.
1946 2817 2025 2890 ιι).
2057 2818 2127 2873 Et
2173 2819 2329 2873 sicut
2381 2817 2462 2873 illi
2516 2818 2681 2874 missi
2730 2818 2968 2874 fuerunt
2996 2835 3030 2873 a

1385 2933 1414 2960 «ι
1448 2908 1667 2981 Spiritu
1699 2905 2207 2979 sancto,quamvis
2239 2923 2339 2979 per
2362 2906 2751 2962 ministerium
2778 2906 3028 2978 discipu-

1386 3021 1416 3048 ‹‹
1450 2997 1664 3063 lorum,
1694 2995 1776 3052 sic
1798 2993 2081 3050 Martialis
2115 2995 2331 3051 missus
2357 3000 2446 3051 est
2476 3013 2510 3051 a
2539 2995 2784 3051 Domino
2806 2995 2861 3050 in
2892 2995 3030 3051 Gal-

1388 3109 1416 3138 «
1441 3083 1744 3153 liam,licet
1771 3099 1874 3157 per
1894 3082 2241 3156 legationem
2255 3088 2312 3140 et
2335 3084 2669 3140 consultum
2688 3085 2837 3140 beati
2853 3084 3023 3141 Petri.

1384 3198 1411 3225 ‹‹
1446 3172 1575 3240 Qui,
1612 3176 1850 3227 vocante
1882 3176 1938 3227 et
1962 3170 2209 3244 eligente
2241 3190 2301 3228 se
2349 3173 2615 3240 Domino,
2636 3173 2825 3229 aetatis
2855 3172 3025 3245 quin-

1385 3286 1415 3315 ‹‹
1445 3261 1635 3318 decim
1666 3278 1850 3317 annos
1897 3259 2234 3333 impleverat
2272 3261 2697 3328 tantummodo,
2719 3262 3027 3334 tribusque

1388 3373 1416 3402 ‹‹
1446 3367 1580 3407 cum
1610 3367 1679 3407 eo
1708 3350 2048 3423 permansit,
2088 3350 2147 3406 id
2178 3355 2268 3406 est
2297 3368 2482 3423 usque
2506 3351 2576 3406 ad
2609 3351 2939 3424 passionem
2971 3354 3028 3405 et

1383 3461 1411 3489 «
1445 3439 1866 3507 ascensionem,
1900 3443 2032 3512 post
2060 3439 2373 3494 adventum
2405 3439 2655 3512 denique
2686 3438 2872 3495 sancti
2895 3438 3024 3511 Spi-

1384 3551 1413 3579 ‹‹
1446 3528 1594 3584 ritus
1631 3544 1808 3600 super
1852 3525 2146 3600 apostolos
2194 3527 2254 3582 in
2305 3528 2465 3594 Sion,
2520 3545 2705 3584 annos
2765 3527 3027 3600 quinque

2340 733 2747 801 JOBDANUS
2790 730 3356 797 LEMOVICENSIS
3399 735 3852 802 EPISCOPUS.

1396 896 1424 924 ‹‹
1460 872 1616 929 nime
1646 869 1706 927 in
1733 867 1929 928 locum
1957 867 2122 928 Judze
2139 868 2493 927 substitutus
2514 867 3032 941 fuerit,pracsertim
3062 868 3117 935 Α
3149 868 3364 924 tionem
3396 868 3743 941 recolebant,
3778 871 3959 927 donec
3980 863 4448 943 juniores,quasi
4481 868 4699 927 melius
4719 888 4805 927 ze-

700 173 1087 223 Ἧ-έᾟ
1270 204 1383 231 7-,-

4645 731 4804 799 1372

3149 956 3343 1024 lando,
3368 959 3484 1014 imo
3518 960 3773 1015 deterius
3802 960 4101 1033 sapiendo,
4135 963 4439 1032 coeperunt
4481 959 4802 1017 novitatem

3147 1047 3377 1113 inferre,
3410 1048 3665 1103 dicentes
3699 1066 3711 1103 :
3750 1071 3777 1097 ‹‹
3815 1048 3975 1103 Licet
4005 1047 4173 1103 nobis
4203 1052 4518 1120 patronum
4563 1050 4805 1121 Aquita-

3148 1158 3175 1185 «
3208 1136 3316 1190 nisa
3357 1137 3426 1191 de
3476 1136 3600 1192 loco
3645 1136 4064 1210 apostolorum,
4098 1137 4156 1192 in
4201 1153 4317 1209 quo
4363 1154 4520 1193 nunc
4553 1137 4805 1195 ultimus

3146 1246 3174 1272 «
3206 1229 3313 1291 est,
3369 1229 3785 1290 transmutare,
3820 1229 3885 1281 ut
3936 1225 4013 1281 sit
4068 1225 4237 1281 nobis
4291 1224 4713 1294 honorabilior,
4755 1226 4805 1283 si

3145 1337 3170 1361 ‹‹
3205 1314 3463 1386 primum
3497 1314 3553 1368 in
3586 1314 3988 1369 confessorum
4018 1313 4167 1369 serie
4198 1329 4334 1369 eum
4386 1313 4806 1394 dicamusgsit

3144 1424 3172 1450 «
3209 1402 3377 1456 nobis
3421 1402 3775 1474 principium
3830 1402 4254 1468 confessorum,
4288 1419 4405 1457 non
4455 1404 4803 1461 extremitas

3147 1512 3174 1540 ‹‹
3204 1490 3598 1562 apostolorum
3625 1507 3636 1544 :
3661 1490 3935 1562 eligimus
3974 1495 4039 1545 ut
4080 1491 4155 1546 sit
4173 1491 4404 1563 primus
4426 1496 4573 1564 ante
4593 1509 4803 1548 omnes

3145 1600 3173 1629 ‹‹
3204 1580 3768 1651 confessores,quam
3802 1578 4044 1634 ultimus
4076 1578 4132 1633 in
4168 1578 4509 1651 apostolis.»
4536 1581 4653 1635 Hoc
4686 1580 4804 1637 ita-

3141 1684 3254 1739 que
3284 1669 3530 1739 arbitpio
3562 1667 3819 1723 humano
3850 1666 4011 1723 nulla
4047 1667 4271 1723 ratione
4310 1667 4477 1737 fulto,
4513 1668 4802 1742 paulatim

3144 1773 3327 1828 usque
3358 1757 3429 1811 ad
3464 1756 3583 1811 hinc
3633 1760 3897 1827 tempora
3929 1760 4128 1811 nostra
4176 1754 4312 1811 talis
4357 1756 4603 1812 increvit
4647 1775 4800 1828 mos,

3141 1862 3256 1899 non
3289 1849 3482 1899 tamen
3516 1845 3572 1898 in
3609 1844 3883 1900 omnibus
3915 1843 4078 1899 locis.
4111 1843 4415 1899 Nonnullae
4450 1844 4669 1919 quippe
4694 1847 4805 1903 Ec-

3140 1932 3330 1988 clesia:
3359 1932 3644 2005 hodieque
3678 1932 3783 1987 hac
3818 1933 3875 1988 in
3909 1950 3968 1987 re
3999 1932 4393 2004 antiquiorem
4425 1932 4678 1990 retinere
4717 1935 4805 1990 vi-

3140 2022 3351 2077 dentur
3380 2021 3834 2089 observantiam,
3863 2038 4041 2093 quam
4070 2020 4206 2077 licet
4231 2020 4329 2076 alii
4362 2026 4809 2094 permutassent

3139 2110 3198 2164 in
3231 2110 3421 2177 torris,
3439 2108 3777 2166 nullatenus
3803 2114 3996 2165 tamen
4025 2113 4266 2183 potuere
4287 2111 4419 2181 ejus
4444 2109 4808 2169 imminuere

3140 2216 3327 2271 neque
3359 2200 3670 2254 obscurare
3701 2198 3949 2271 gloriam
3978 2199 4036 2253 in
4068 2198 4252 2264 caelis,
4284 2198 4384 2255 ubi
4416 2198 4629 2273 ingens
4661 2217 4808 2274 apo-

3141 2287 3411 2343 stolicum
3462 2288 3661 2353 decus,
3694 2288 3754 2342 iu
3800 2286 4054 2360 glorioso
4097 2286 4347 2344 rutilans
4394 2288 4808 2359 apostolorum

3140 2375 3333 2443 choro,
3368 2379 3498 2430 ante
3524 2379 3902 2447 conspectum
3934 2375 4261 2448 majestatis
4291 2373 4491 2449 gloria
4541 2375 4648 2432 Dei
4704 2394 4807 2450 pe-

3139 2465 3395 2519 renniter
3423 2464 3697 2535 possidet.
3717 2464 3775 2519 Si
3807 2479 3943 2536 ergo
3992 2464 4189 2537 priora
4234 2469 4292 2520 et
4320 2464 4659 2538 antiquiora
4707 2483 4808 2539 pa-

3136 2553 3650 2621 trum,secundum
3691 2552 3992 2608 veritatem
4022 2557 4081 2609 et
4110 2551 4517 2609 rationabilem
4546 2554 4807 2611 auctori-

3138 2646 3334 2697 tatem.
3368 2641 3482 2696 Deo
3508 2641 3852 2713 inspirante,
3889 2657 4305 2714 recuperamus
4337 2639 4802 2709 instituta,olim

3137 2729 3412 2785 humanis
3460 2728 3969 2785 adinventionibus
4009 2729 4206 2785 ablata
4247 2734 4423 2803 atque
4453 2730 4801 2803 depravata,

3136 2819 3310 2890 idque
3339 2819 3567 2891 agimus
3616 2818 3945 2874 renovando
3996 2818 4186 2891 magis
4237 2835 4417 2892 quam
4467 2819 4799 2877 novitatem

3138 2907 3609 2980 praesumptivam
3668 2906 3971 2975 tradendo,
4007 2907 4216 2979 utquid
4276 2906 4594 2980 culpamur
4637 2909 4805 2965 velut

3135 3001 3595 3067 transgressores
3617 2998 3994 3067 paternorum
4029 2995 4438 3064 terminorum,
4469 2997 4544 3053 de
4574 2998 4804 3071 quibus

3136 3084 3420 3157 scriptum
3454 3087 3543 3139 est
3576 3101 3589 3139 :
3623 3086 3703 3139 Ne
3756 3082 4185 3153 transgrediaris
4217 3086 4482 3140 terminos
4539 3087 4805 3159 antiquos

3133 3190 3265 3245 quos
3290 3181 3588 3245 posuerunt
3614 3176 3796 3244 patres
3826 3173 3945 3228 tui?
3966 3172 4146 3244 (Prov.
4180 3175 4345 3242 χχιι.)
4370 3172 4802 3247 Cur,inquam,

3134 3263 3347 3317 durum
3370 3261 3427 3315 id
3450 3260 3743 3333 aliquibus
3773 3260 4145 3329 videbitur,si
4177 3265 4397 3318 rectam
4427 3261 4705 3319 veritatis
4730 3263 4806 3320 li-

3134 3366 3304 3405 neam
3337 3348 3660 3421 sequimur,
3693 3348 3741 3404 si
3773 3347 4227 3421 perspicaciores
4274 3354 4471 3422 patres
4515 3350 4805 3424 antiquos

3134 3438 3243 3494 hac
3271 3437 3330 3492 in
3365 3454 3424 3493 re
3464 3436 3782 3504 imitemur,
3816 3437 3866 3493 si
3906 3438 4104 3493 minus
4153 3442 4357 3494 acutos
4408 3455 4526 3495 non
4577 3442 4803 3498 sectari

3134 3527 3377 3599 dignum
3410 3525 3736 3581 ducamus?
3763 3526 3964 3582 Nonne
3996 3526 4091 3582 hic
4131 3531 4297 3599 pater
4337 3528 4683 3597 Azenerius,
4713 3534 4807 3585 at-

1383 3639 1412 3667 «
1443 3616 1600 3690 apud
1628 3598 1907 3673 Judaaam—
1932 3616 2083 3682 fecit,
2115 3621 2173 3672 et
2200 3621 2332 3689 post
2360 3634 2492 3672 cum
2523 3616 2687 3672 Petro
2709 3598 3022 3671 Antiochia:
3053 3598 3096 3665 C
3133 3598 3245 3689 que
3264 3615 3611 3671 Benedictus
3638 3619 3826 3670 rector
3856 3598 4193 3671 monasterii
4222 3615 4410 3672 Clusa:
4455 3616 4659 3673 Sancti
4690 3618 4805 3675 Mi-

1389 3727 1411 3754 α
1446 3708 1668 3778 septem
1698 3704 2130 3777 permansitzat
2154 3722 2288 3761 vero
2316 3705 2528 3760 dehinc
2557 3705 2823 3777 sequenti
2844 3720 3017 3772 anno,

1386 3816 1415 3845 «
1445 3795 1767 3865 imperante
1796 3792 2067 3863 Domino,
2097 3793 2468 3864 Aquitaniam
2510 3793 2785 3859 introivit,
2816 3793 2874 3849 in
2907 3810 3024 3866 qua

1388 3904 1417 3934 ‹‹
1448 3897 1553 3954 per
1579 3878 1785 3951 viginti
1815 3882 1944 3934 octo
1976 3896 2160 3934 annos
2191 3881 2587 3952 praedicationi
2618 3881 2902 3937 institisse
2927 3898 3023 3936 co-

1387 3993 1417 4022 «
1450 3967 1753 4042 gnoscitur
1784 3985 1796 4023 :
1830 3967 2121 4039 siquidem
2155 3968 2319 4025 tertio
2350 3969 2692 4041 Vespasiani
2739 3986 2891 4025 anno
2914 3969 3022 4024 mi-

1388 4081 1417 4110 ‹‹
1449 4056 1654 4131 gravit.
1689 4078 1717 4105 ››
1747 4056 1849 4112 His
1879 4057 2059 4130 igitur
2086 4057 2274 4113 verbis
2317 4057 2659 4114 aemulorum
2707 4058 3025 4131 pertinacia

1385 4164 1522 4204 cum
1572 4143 1866 4218 pullulans
1915 4149 2068 4201 esset
2116 4146 2283 4202 facile
2341 4147 2645 4213 exstincta,
2704 4164 3025 4220 omnesque

1382 4235 1702 4310 peritorum
1760 4234 2183 4291 acclamassent
2238 4236 2381 4291 satis
2438 4235 2618 4292 fuisse
2676 4236 3024 4293 conveniens

1380 4322 1567 4380 aetatis
1589 4322 2021 4395 perfectionem,
2056 4324 2112 4379 in
2145 4322 2261 4380 illis
2288 4324 2386 4396 qui
2421 4325 2728 4381 duodecim
2776 4324 3022 4397 apostoli

1382 4412 1606 4486 priores
1629 4411 1792 4469 electi
1825 4415 1983 4479 sunt,
2016 4413 2307 4469 exstitisse
2338 4429 2352 4469 :
2388 4413 2622 4469 interim
2654 4414 2711 4469 in
2755 4413 2856 4470 illo
2886 4431 3023 4470 con-

1383 4500 1516 4558 cilio
1547 4501 1863 4557 Pictavensi
1892 4518 2070 4573 super
2099 4501 2206 4557 hoc
2236 4502 2489 4575 capitulo
2520 4507 2810 4558 cessatum
2843 4508 2950 4559 est.

1456 4587 1771 4661 Subjunxit
1788 4590 1964 4645 etiam
1988 4589 2142 4645 idem
2165 4592 2530 4646 venerandus
2561 4592 2754 4647 senior
2772 4592 2871 4664 qui
2904 4592 3025 4647 hinc

1384 4678 1712 4751 perorabat,
1754 4678 1953 4734 dicens
1987 4697 2000 4735 :
2040 4702 2060 4729 ι
2092 4679 2241 4744 Quid
2274 4678 2460 4735 multa
2488 4696 2744 4745 necesse,
2778 4679 3027 4737 dilectis-

1384 4763 1563 4822 simi"
1590 4763 1681 4821 Nil
1735 4767 1987 4839 profecto
2033 4766 2127 4823 hic
2175 4767 2381 4823 obesse
2438 4767 2796 4840 conspicitis,
2847 4785 3025 4841 quam

1272 4876 1278 4895 ε
1383 4853 1545 4910 illam
1574 4851 1773 4909 minus
1803 4871 2120 4929 congruam
2156 4855 2473 4912 multorum
2518 4856 3025 4925 consuetudinem,

1385 4958 1501 4999 non
1551 4943 1771 4999 ratione
1818 4944 2231 5018 perspicacem,
2265 4946 2368 5001 sed
2401 4945 2644 5014 incuria,
2679 4950 2744 5001 ut
2790 4945 3027 5014 assolet,
3057 4964 3104 5029 υ

1385 5034 1672 5102 torpente,
1702 5048 1882 5104 penes
1933 5033 2131 5106 plures
2187 5034 2589 5090 inveteratam.
2649 5034 2772 5098 Quo
2829 5038 3025 5090 autem

1385 5117 1560 5173 modo
1589 5117 1709 5175 hac
1737 5136 1863 5192 quas
1891 5119 1949 5176 in
1982 5122 2186 5179 multis
2218 5121 2462 5178 invaluit
2508 5121 2765 5193 traditio,
2798 5139 2867 5178 ex
2912 5139 3027 5195 quo

1380 5206 1683 5265 videamus
1712 5209 1889 5277 fonte,
1920 5210 2237 5266 descendit.
2257 5211 2600 5266 Nostrorum
2630 5211 2902 5284 equidem
2934 5228 3029 5284 pa-

1383 5299 1541 5352 trum
1588 5314 1706 5354 non
1751 5299 1974 5354 incerta
2019 5298 2333 5355 didicimus
2376 5298 2652 5356 relatione
2681 5299 2821 5373 quia
2858 5300 3027 5374 longe

1383 5383 1544 5453 olim,
1563 5385 1682 5442 imo
1710 5386 1784 5441 ab
1806 5385 1992 5458 ipsius
2022 5385 2293 5460 discipuli
2328 5387 2556 5443 Domini
2589 5392 2867 5462 tempore,
2888 5405 3023 5462 quo,

1381 5473 1709 5546 imperante
1735 5471 2117 5545 Vespasiano,
2145 5475 2203 5531 in
2234 5491 2374 5547 pace
2414 5476 2703 5543 occubuit,
2736 5495 2924 5550 usque
2965 5477 3025 5533 in

1383 5564 1650 5634 tempora
1695 5565 1973 5633 nepotum
2018 5561 2205 5619 Caroli
2233 5563 2501 5635 Augusti,
2533 5565 2765 5635 quando
2809 5567 2868 5622 in
2909 5583 3029 5623 mo-

1383 5647 1675 5705 nasticum
1701 5649 2053 5707 canonicalis
2106 5650 2269 5720 ordo,
2304 5650 2648 5708 facientibus
2692 5652 2934 5726 Pippino
2973 5658 3031 5710 et

1384 5735 1588 5808 Carolo
1619 5737 1918 5800 fratribus.
1952 5739 2086 5796 ﬁliis
2117 5739 2412 5805 Ludovici,
2445 5739 2501 5794 in
2535 5757 2649 5812 quo
2693 5758 2798 5815 ego
2847 5746 3032 5798 rector

1385 5841 1520 5881 sum
1547 5824 1692 5895 loco,
1726 5834 2094 5899 permutatus
2123 5834 2230 5897 est,
2264 5828 2558 5897 eumdem,
2592 5829 2805 5886 Christi
2855 5831 3031 5887 disci-

1389 5911 1592 5985 pulum
1625 5915 1844 5987 passim
1875 5932 1979 5988 per
2013 5916 2387 5989 Aquitaniam
2431 5918 2654 5989 priores
2682 5918 2866 5974 nostri
2897 5936 3032 5976 cum

1390 6000 1519 6059 aliis
1546 6001 1871 6062 recitabant
1898 6005 2457 6081 apostolis,ejusque
2485 6006 2556 6062 de
2587 6007 2848 6078 apostolo
2877 6023 3037 6063 men-

3129 3703 3368 3772 chaelis,
3402 3702 3652 3776 plusque
3699 3702 3799 3758 alii
3846 3703 4172 3759 doctissimi
4221 3708 4279 3760 et
4326 3706 4805 3765 reverentissimi

3130 3794 3369 3849 abbates
3396 3795 3453 3847 et
3478 3790 3754 3864 episcopi,
3778 3795 3897 3846 tam
3929 3795 4244 3864 praesentes
4274 3809 4455 3865 quam
4487 3796 4800 3865 absentes,

3129 3898 3248 3938 una
3276 3897 3408 3936 cum
3441 3880 3705 3936 Romana
3749 3878 4068 3951 apostolica
4110 3880 4266 3950 sede,
4292 3879 4430 3938 huic
4475 3885 4800 3939 sententias

3130 3969 3521 4026 testificantur
3571 3967 3899 4035 nobiscum,
3941 3968 4279 4041 bonumque
4327 3969 4385 4025 id
4435 3986 4504 4027 ac
4545 3972 4798 4043 justum

3130 4060 3363 4130 Deoque
3386 4056 3814 4129 beneplacitum
3837 4057 4097 4113 ducunt?
4112 4058 4227 4113 Cur
4248 4062 4443 4115 autem
4458 4060 4800 4118 multorum

3131 4146 3389 4220 Opinioni
3423 4146 3653 4202 incaute
3683 4150 3875 4201 autem
3910 4146 4217 4218 praebendo
4269 4148 4611 4217 obscurare,
4645 4149 4803 4221 imo,

3132 4235 3285 4309 quod
3304 4233 3486 4291 absit!
3509 4233 3784 4290 infalsare
3812 4234 3959 4290 tanti
3989 4240 4155 4307 gesta
4175 4234 4405 4308 patroni
4416 4236 4808 4297 videbimur?

3130 4326 3258 4390 Qua
3283 4323 3440 4380 enim
3472 4323 3695 4378 ratione
3719 4338 4036 4395 possumus
4062 4339 4197 4379 eum
4226 4341 4440 4398 negare
4470 4326 4659 4383 fuisse
4705 4328 4808 4385 di-

3132 4411 3426 4484 scipulum
3463 4410 3715 4479 Domini,
3744 4426 3996 4483 eumqne
4028 4411 4087 4467 in
4118 4428 4293 4469 carne
4337 4415 4652 4470 secutum?
4680 4415 4812 4473 Sed

3132 4501 3407 4573 quisnam
3441 4503 3657 4555 temere
3683 4498 3931 4555 inﬁciari
3964 4500 4175 4556 audeat
4204 4517 4342 4556 eum
4372 4519 4405 4557 a
4436 4503 4694 4559 Domino
4729 4505 4811 4561 ad

3134 4589 3566 4663 praedicandum
3601 4586 3871 4654 missum,
3897 4604 4003 4644 nec
4034 4605 4149 4644 non
4175 4593 4232 4645 et
4254 4589 4479 4664 ligandi
4502 4590 4817 4649 solvendi-

3133 4693 3247 4751 que
3278 4693 3411 4733 cum
3439 4675 3569 4732 aliis
3600 4675 3879 4748 apostolis
3925 4680 4210 4747 potestate
4260 4682 4632 4751 promotum;
4666 4698 4817 4754 par-

3132 4771 3369 4838 temque
3419 4763 3758 4838 gentilitatis
3788 4779 4086 4821 enormem
4141 4765 4200 4821 in
4259 4767 4504 4825 occiduo
4553 4768 4815 4829 climate

3134 4854 3447 4927 specialem
3476 4852 3536 4909 in
3568 4857 3722 4909 sorte
3753 4852 4137 4926 apostolatus,
4169 4854 4401 4913 Christo
4425 4858 4683 4929 jubente
4738 4878 4816 4918 ao

3135 4945 3408 5008 donante,
3440 4942 3725 5015 beateque
3754 4942 3921 4999 Petro
3952 4942 4287 5000 consultum
4340 4946 4641 5019 praebente
4694 4966 4818 5006 su-

3138 5032 3431 5105 scepisse?
3458 5029 3670 5087 Omnia
3695 5029 3819 5086 haec
3841 5030 3912 5086 de
3944 5030 4042 5087 illo
4073 5031 4361 5103 abnuunt,
4387 5034 4491 5108 qui
4519 5052 4665 5092 eum
4702 5042 4821 5094 aut

3136 5137 3251 5177 non
3284 5120 3529 5176 credunt
3556 5134 3684 5175 esse
3731 5118 4083 5191 apostolum,
4117 5125 4238 5189 aut,
4271 5122 4323 5178 si
4371 5124 4644 5193 credunt,
4682 5143 4819 5185 non

3134 5210 3383 5265 libenter
3410 5206 3759 5281 suscipiunt.
3785 5205 3894 5279 Illi,
3926 5207 4192 5281 inquam,
4224 5210 4348 5266 haec
4390 5212 4692 5286 denegare
4723 5217 4823 5272 vi-

3135 5296 3468 5370 dentur,qai
3499 5312 3633 5352 eum
3656 5312 3772 5351 non
3796 5297 4295 5368 quemadmodum
4315 5300 4611 5356 Joannem
4630 5317 4826 5360 evan-

3135 5387 3425 5461 gelistam,
3460 5384 3560 5440 sed
3591 5383 3751 5440 velut
3796 5383 4138 5442 Silvestrum
4180 5404 4416 5461 papam,
4450 5394 4558 5446 aut
4609 5407 4820 5449 unum

3134 5477 3206 5531 de
3230 5474 3324 5531 his
3354 5472 3453 5547 qui
3486 5472 3801 5528 Dominum
3830 5472 3890 5528 in
3924 5489 4098 5530 carne
4128 5492 4243 5532 non
4277 5477 4464 5534 secuti
4510 5483 4680 5548 sunt,
4715 5481 4820 5538 vel

3136 5581 3253 5621 non
3282 5563 3572 5629 viderunt,
3607 5559 3950 5633 simpliciter
3979 5564 4374 5621 confessorem
4396 5569 4747 5626 autumant.
4782 5593 4816 5622 ιι

3206 5653 3369 5709 Tunc
3414 5649 3678 5722 quidam,
3704 5648 3967 5706 moribus
4008 5655 4065 5708 et
4110 5657 4279 5710 etate
4321 5654 4706 5728 grandaavus,
4738 5676 4823 5716 ex

3137 5741 3426 5814 episcOpis
3456 5737 3554 5811 qui
3597 5738 3879 5794 sedebant
3908 5739 3966 5795 in
3998 5741 4579 5811 concilio,Albiensis
4599 5745 4825 5804 videli-

3139 5835 3229 5886 cet
3256 5827 3523 5884 Ecclesiaa
3555 5830 3754 5899 pastor
3795 5827 4084 5897 IEmilius,
4117 5829 4268 5887 facto
4309 5831 4570 5901 silentio,
4605 5834 4772 5893 dixit
4801 5852 4819 5892 :

3140 5942 3168 5968 «
3193 5918 3359 5974 Hunc
3381 5915 3738 5989 Aquitanicae
3754 5917 3953 5989 patriae
3976 5935 4289 5976 coruscum
4306 5919 4823 5996 illuminatorem,

3144 6006 3245 6079 qui
3286 6005 3357 6062 ad
3403 6005 3556 6062 hanc
3603 6004 3804 6079 plagas
3852 6009 4048 6081 patres
4096 6012 4329 6068 nostros
4356 6009 4518 6068 venit
4565 6012 4827 6087 primus
