4986 6640
803 21 4368 254 lg...

798 753 940 818 1313

1793 746 1798 751 ’
1833 757 2033 819 ACTA
2077 755 2407 819 CONCILII
2450 751 3019 818 LEMOVICENSIS
3063 755 3141 819 II.

4023 723 4176 822 1374

797 891 1029 958 salvare,
1057 903 1234 963 quem
1263 877 1529 946 Christus
1560 889 1840 946 Dominus
1873 895 1928 946 et
1958 892 2163 947 beatus
2195 891 2417 957 Petrus,
2455 897 2500 956 Α
2534 893 2726 944 autem
2761 895 3071 961 patronum
3103 891 3322 948 bonum
3355 891 3431 949 sit
3462 891 3852 950 confessorem
3889 893 4022 960 dici,
4055 911 4178 948 me-

800 980 933 1036 alter
958 980 1256 1052 imperans
1288 983 1352 1035 ut
1375 980 1651 1052 magister
1681 984 1738 1034 et
1763 980 2047 1034 Dominus
2074 980 2430 1050 discipulum

799 1074 850 1125 et
873 1086 1123 1135 servum,
1148 1068 1292 1124 alter
1321 1068 1632 1123 exhortans
1656 1073 1718 1122 ut
1746 1067 2182 1139 condiscipulus
2209 1072 2265 1122 et
2281 1083 2432 1121 com-

799 1158 1156 1230 propinquus
1195 1156 1660 1228 condiscipulum
1692 1162 1747 1212 et
1778 1157 2328 1228 compropinquum,
2360 1156 2430 1210 ad

800 1245 1040 1301 salutem
1071 1251 1128 1300 et
1156 1244 1352 1300 lumen
1380 1245 1642 1318 gentium
1666 1245 2083 1312 Galliarum,in
2107 1245 2361 1298 tenebris
2380 1249 2434 1298 et

800 1336 1002 1390 umbra
1041 1334 1245 1389 mortis
1274 1334 1624 1401 sedentium,
1655 1335 2005 1399 direxerunt,
2032 1333 2430 1404 justissimum

798 1429 851 1479 et
879 1424 1294 1496 dignissimum
1327 1439 1452 1478 esse
1484 1422 1834 1477 omnimodis
1866 1438 2172 1476 censemus
2201 1426 2285 1484 ut,
2319 1437 2432 1491 quo

799 1514 982 1585 magis
999 1529 1334 1584 possumus,
1351 1511 1734 1567 excellentiori
1756 1511 2076 1566 habeamus
2108 1510 2437 1576 honore,se—

795 1603 1050 1658 cundum
1076 1604 1271 1657 tamen
1304 1607 1520 1655 rectam
1552 1599 1808 1654 veritatis
1841 1615 2126 1653 normam.
2159 1599 2309 1665 Haec,
2344 1597 2431 1651 in-

797 1707 995 1762 quam,
1027 1690 1086 1744 in
1118 1706 1183 1744 eo
1211 1694 1514 1743 teneamus
1545 1705 1671 1760 qua:
1719 1705 1831 1743 non
1887 1688 2004 1741 sint
2044 1687 2196 1741 ultra
2224 1687 2432 1741 verita-

795 1783 910 1834 tem
945 1797 957 1834 :
993 1783 1050 1833 et
1079 1777 1236 1849 quod
1266 1765 1467 1831 verum
1499 1781 1555 1832 et
1593 1776 1986 1831 clarissimum
2036 1775 2152 1829 illic
2199 1780 2287 1830 est
2328 1790 2434 1828 nec

794 1867 1301 1940 praetermittentes
1332 1882 1435 1920 nec
1465 1866 1944 1937 excedentes,quo
1970 1881 2102 1918 eum
2133 1862 2319 1936 magis
2346 1880 2437 1917 va-

795 1956 986 2012 lemus
1015 1955 1392 2010 honoremus.
1425 1953 1480 2007 Si
1514 1953 1668 2009 enim
1695 1969 1822 2008 vere
1849 1971 1881 2006 a
1919 1951 2157 2007 Domino
2189 1953 2258 2006 ad
2292 1969 2435 2022 prae-

795 2045 1112 2102 dicandum
1163 2043 1384 2098 missus
1436 2047 1545 2109 est,
1581 2042 1628 2098 si
1659 2042 1982 2112 discipulus
2013 2042 2142 2111 ejus
2172 2041 2229 2095 in
2263 2057 2436 2096 carne

793 2136 920 2202 fuit,
955 2134 1008 2191 si
1040 2150 1194 2189 unus
1226 2133 1296 2187 de
1328 2131 1444 2186 illis
1476 2137 1566 2186 est
1593 2131 1807 2202 quibus
1847 2131 2067 2185 dictum
2099 2134 2187 2185 est
2220 2147 2232 2184 :
2271 2130 2438 2184 Beati

789 2224 950 2280 oculi
978 2223 1080 2294 qui
1107 2222 1299 2278 vident
1330 2235 1457 2293 quw
1486 2237 1578 2275 vos
1612 2219 1817 2275 videtis
1840 2224 1992 2284 (Luc.
2025 2219 2080 2289 κ)
2108 2236 2120 2286 ;
2155 2218 2254 2290 qui
2300 2235 2432 2273 eum
2465 2255 2513 2320 Β

790 2317 969 2386 negat
1003 2311 1354 2384 apostolum,
1389 2310 1640 2381 profecto
1689 2312 1914 2364 constat
1959 2308 2097 2379 quia
2138 2307 2434 2362 veritatem

787 2399 1204 2475 praetermittit,
1239 2399 1356 2454 imo
1382 2399 1707 2469 impugnat.
1735 2397 1792 2451 Si
1817 2401 2010 2452 autem
2047 2397 2124 2451 ita
2151 2396 2440 2451 diceretur

786 2489 1120 2562 apostolus,
1151 2493 1214 2542 ut
1244 2489 1312 2543 de
1343 2486 1563 2559 origine
1608 2485 1780 2541 Israel
1837 2485 2158 2557 discipulus
2207 2483 2435 2540 Domini

785 2597 903 2634 non
937 2581 1119 2645 esset,
1155 2593 1259 2631 nec
1286 2593 1318 2630 a
1341 2576 1587 2631 Domino
1620 2579 1967 2646 potestatem
2001 2575 2219 2646 ligandi
2243 2591 2308 2629 ac
2330 2572 2440 2628 sol-

782 2668 958 2723 vendi
993 2663 1510 2738 accepisset,ultra
1534 2663 1829 2719 veritatem
1863 2664 2024 2718 ﬁeret
2053 2662 2434 2718 transcensio.

780 2756 855 2812 Ut
887 2757 938 2812 si
973 2755 1116 2828 quis
1145 2771 1278 2809 eum
1306 2770 1488 2808 unum
1521 2753 1590 2807 de
1622 2752 1927 2807 duodecim
1952 2753 2106 2806 dicat
2135 2750 2436 2815 fuissc,ul-

780 2851 872 2902 tra
902 2845 1218 2902 veritatem
1253 2841 1603 2914 pertransit;
1635 2841 1734 2912 qui
1783 2857 1916 2896 vero
1972 2841 2052 2895 ita
2107 2858 2241 2895 eum
2298 2840 2440 2895 dicit

777 2933 1151 3008 apostolum,
1182 2937 1460 3003 tanquam
1518 2948 1551 2985 a
1608 2929 1852 2986 Domino
1905 2931 2176 2994 missum,
2206 2947 2318 2984 non
2369 2930 2438 2984 de

771 3021 1127 3090 duodecim,
1155 3021 1254 3076 sed
1288 3020 1358 3073 de
1389 3019 1761 3092 septuaginta
1807 3018 2035 3073 duobus
2084 3034 2291 3083 unum,
2319 3017 2439 3072 sive

769 3120 1078 3186 tanquam
1131 3108 1378 3165 Paulum
1411 3113 1466 3163 et
1497 3109 1844 3172 Barnabam,
1878 3106 1976 3178 qui
2029 3111 2159 3178 post
2207 3107 2436 3162 Domini

771 3201 1196 3258 ascensionem
1230 3196 1395 3253 electi
1425 3195 1668 3268 apostoli
1699 3196 2078 3250 exstiterunt:
2108 3194 2202 3249 hic
2231 3194 2439 3248 verita-

767 3296 893 3347 tem
945 3304 1145 3361 neque
1194 3285 1532 3351 contemnit,
1569 3301 1752 3356 neque
1800 3283 2179 3351 transcendit,
2212 3299 2436 3350 verum,

773 3397 883 3436 nec
919 3379 998 3435 ad
1034 3377 1239 3432 laevam
1273 3391 1376 3429 nec
1407 3375 1475 3428 ad
1511 3374 1809 3428 sinistram
1861 3373 2118 3437 devians,
2157 3387 2259 3443 per
2287 3371 2437 3426 viam

763 3473 1003 3524 rectam
1022 3463 1270 3537 justitia
1299 3463 1580 3535 graditur.
1606 3462 1788 3534 Igitur
1803 3461 1849 3516 si
1871 3478 2005 3533 pars
2027 3460 2224 3531 aliqua
2239 3461 2442 3531 proba-

765 3556 911 3612 bilis
978 3552 1535 3625 antiquissimorum
1595 3553 1831 3605 Patrum
1901 3549 2255 3620 comperitur
2304 3563 2438 3603 eum

762 3645 1005 3700 dixisse
1043 3641 1467 3714 apostolum,et
1483 3656 1691 3694 nomen
1714 3639 1841 3709 ejus
1865 3655 1997 3693 cum
2031 3637 2159 3693 aliis
2188 3653 2441 3709 pronun-
2470 3613 2512 3680 α

760 3735 958 3790 tiasse
985 3729 1523 3803 apostolis,bonum
1539 3726 1681 3782 mihi
1695 3726 1922 3782 videtur
1935 3743 2039 3780 nos
2053 3742 2252 3781 eorum
2271 3725 2439 3780 indu-

757 3821 1054 3878 bitanter
1073 3817 1370 3875 tramitem
1393 3823 1605 3879 tenere,
1621 3820 1684 3870 ut
1696 3815 1907 3887 posteri
1932 3815 2114 3869 nostri
2132 3813 2336 3869 callem
2360 3813 2440 3867 di-

757 3914 1010 3967 rectum
1039 3907 1318 3977 deinceps
1341 3921 1674 3960 assuescere
1698 3904 1889 3976 ipsum
1907 3920 2020 3958 non
2035 3906 2435 3958 cunctentur.»

829 4005 984 4056 Hac
1017 4002 1084 4053 et
1108 3995 1202 4051 his
1234 3994 1452 4050 similia
1481 4010 1545 4048 eo
1576 3993 1820 4057 dicente,
1854 3992 2002 4047 alius
2033 4007 2101 4046 ex
2132 3991 2438 4063 episcopis,

749 4090 1061 4146 videlicet
1114 4084 1468 4139 Isembertus
1522 4081 1872 4136 Pictavensis
1921 4080 2186 4136 Ecclesia:
2232 4086 2439 4144 rector,

747 4179 947 4252 coepit
982 4171 1330 4246 explanare,
1363 4169 1563 4225 dicens
1595 4187 1607 4224 :
1650 4191 1676 4218 «
1711 4169 1813 4235 Qui
1849 4169 1918 4224 de
1948 4167 2057 4224 hoc
2094 4169 2267 4224 verbo
2311 4185 2441 4223 con-

744 4264 1142 4325 troversiam
1172 4259 1342 4332 parit,
1377 4259 1594 4312 nodum
1628 4257 1684 4311 in
1719 4257 1906 4327 scirpo
1935 4257 2160 4328 quaerit.
2180 4257 2295 4312 Nos
2325 4274 2440 4312 non

743 4372 989 4413 sumus
1017 4347 1330 4415 Ebionit-az,
1347 4345 1447 4418 qui
1472 4363 1583 4400 non
1605 4345 1890 4417 recipiunt
1911 4341 2117 4417 praeter
2137 4345 2441 4401 duodecim

740 4438 1115 4517 apostolos,
1147 4439 1204 4492 et
1235 4433 1477 4490 Paulum
1532 4431 1698 4503 quasi
1746 4437 2236 4504 transgressorem
2298 4431 2442 4505 legis

741 4529 1131 4607 repudiant.
1155 4523 1384 4581 Sufﬁcit
1413 4521 1484 4577 ad
1506 4520 1918 4576 confodiendos
1947 4521 2305 4576 adversarios
2335 4521 2443 4577 hoc

735 4624 953 4680 telum
995 4611 1446 4676 acutissimum,
1481 4609 1589 4664 hoc
1618 4612 1708 4664 est
1751 4607 1874 4664 sola
1920 4609 2070 4664 beati
2113 4609 2443 4682 Hieronymi

735 4707 1110 4770 sententia.
1129 4701 1274 4756 Item
1301 4714 1578 4754 mucrone
1606 4696 1964 4753 validissimo
1982 4696 2141 4752 Pauli
2175 4698 2442 4769 apostoli,

733 4801 928 4859 nulla
966 4798 1121 4854 arte
1151 4794 1252 4845 aut
1279 4789 1334 4843 vi
1365 4803 1627 4859 unquam
1677 4786 2062 4856 retundendo,
2089 4786 2280 4842 omnis
2312 4803 2446 4858 pars

732 4883 1170 4948 contentiosa
1191 4876 1528 4950 perimenda
1547 4879 1654 4931 est.
1670 4874 1762 4929 Ait
1781 4874 1995 4930 Paulus
2016 4874 2154 4946 quia
2170 4876 2446 4945 apparuit

2540 977 2654 1033 lius
2672 982 2865 1033 tamen
2885 984 2974 1034 est
2994 996 3128 1034 eum
3152 981 3450 1052 praedicari
3475 986 3532 1038 et
3553 983 3982 1055 apostolum,ne
4001 981 4179 1039 latere

2539 1067 2804 1122 videatur
2833 1069 2941 1123 sub
2967 1069 3157 1124 modio
3183 1069 3416 1126 claritas
3448 1071 3720 1143 ejus,qua
3750 1071 3980 1127 Domini
4012 1071 4182 1127 disci-

2542 1155 2715 1227 pulus
2747 1161 2803 1211 et
2835 1158 3008 1212 sortis
3057 1158 3383 1230 apostolicae
3431 1176 3588 1214 unus
3635 1176 3764 1215 esse
3813 1161 4178 1232 praedicatur.

2541 1244 2644 1308 Qui
2679 1249 2871 1300 autem
2903 1247 3261 1302 contentiose
3293 1263 3426 1302 eum
3459 1248 3599 1302 dicit
3629 1249 4179 1315 confessorem,ideo

2543 1350 2657 1387 non
2691 1335 2910 1388 bonum
2940 1351 3068 1390 esse
3105 1335 3246 1389 mihi
3294 1336 3542 1406 videtur,
3570 1336 3708 1407 quia
3756 1337 3925 1408 quasi
3971 1354 4183 1410 negare

2540 1422 2768 1476 videtur
2797 1423 2923 1492 ejus
2972 1423 3292 1495 proprium,
3327 1428 3385 1479 et
3429 1424 3764 1478 inimicitias
3817 1425 3876 1479 in
3928 1425 4182 1481 Ecclesia

2542 1510 2714 1582 parit.
2747 1512 2827 1566 Ne
2856 1511 3034 1583 igitur
3063 1513 3318 1568 scissura
3348 1513 3406 1567 in
3456 1513 3710 1568 Ecclesia
3752 1513 3852 1569 Dei
3905 1513 4011 1570 hac
4054 1514 4181 1569 ﬁeri

2542 1600 2730 1670 possit
2775 1599 3094 1668 occasione,
3128 1618 3497 1673 summopere
3545 1605 3632 1657 est
3663 1602 4082 1673 providendum
4117 1605 4181 1656 ut

2543 1705 2745 1743 omnes
2777 1705 3032 1745 consono
3065 1691 3233 1744 corde
3265 1694 3320 1745 et
3349 1707 3446 1746 ore
3478 1707 3660 1745 unum
3693 1690 3748 1744 id
3782 1691 3937 1762 quod
3969 1690 4180 1747 melius

2541 1782 2631 1831 est
2664 1777 3054 1848 pronuntient.
3091 1778 3224 1833 Sola
3253 1796 3379 1850 quae
3419 1780 3621 1835 obesse
3667 1779 3894 1834 videtur
3939 1779 4180 1836 auribus

2543 1867 2921 1932 consuetudo,
2954 1866 3012 1920 in
3062 1866 3271 1923 melius
3319 1867 3655 1939 accipiatur,
3705 1872 3762 1923 et
3809 1867 4068 1923 schisma
4114 1884 4181 1924 ac

2544 1956 2928 2010 murmuratio
2960 1960 3134 2026 atque
3163 1956 3431 2012 dubietas
3461 1973 3701 2028 prorsus
3733 1973 3765 2011 a
3796 1959 3992 2012 nostro
4023 1973 4182 2012 com-

2545 2044 2708 2096 muni
2736 2048 2884 2098 cmtu
2917 2043 3234 2099 aboleatur.
3266 2045 3427 2108 Quod
3461 2044 3508 2100 si
3542 2044 3675 2115 quis
3701 2044 3989 2101 contraire
4031 2061 4179 2116 pra:-

2545 2131 2862 2202 sumpserit
2887 2132 3021 2187 huic
3051 2133 3288 2205 paciﬁce
3325 2133 3661 2201 concordiae,
3695 2133 3767 2188 de
3806 2132 4181 2190 contentiosis

2543 2223 2600 2274 et
2630 2220 3020 2277 schismaticis
3052 2239 3207 2276 unus
3229 2221 3541 2292 judicetur.
3579 2244 3606 2270 »

2613 2310 2698 2363 Ad
2729 2309 2850 2364 haec
2877 2311 3240 2366 venerandus
3272 2311 3354 2366 ait
3382 2311 3675 2366 Jordanus
3706 2328 3718 2366 :
3753 2309 3941 2376 Multa,
3973 2311 4183 2367 charis-

2543 2398 2692 2463 simi,
2723 2401 2851 2452 ante
2879 2404 2972 2453 hos
3003 2415 3173 2454 annos
3201 2400 3302 2453 hac
3342 2399 3406 2454 de
3454 2415 3512 2454 re
3555 2401 3700 2470 facta
3745 2406 3823 2454 est
3875 2400 4183 2471 inquisitio,

2545 2501 2818 2557 quousque
2847 2488 2964 2542 haec
3001 2488 3282 2542 altercatio
3319 2487 3389 2541 ad
3436 2503 3597 2542 aures
3637 2488 3944 2559 apostolica
3987 2492 4186 2543 sanctae

2549 2576 2796 2630 Romanae
2823 2576 2962 2630 sedis
2990 2578 3315 2648 perveniret.
3349 2576 3523 2646 Super
3568 2592 3670 2647 quo
3718 2577 3980 2631 Dominus
4025 2577 4185 2632 Joan-

2545 2680 2641 2720 nes
2669 2682 2811 2736 papa
2842 2667 3124 2736 exemplar
3149 2665 3384 2737 epistola
3414 2665 3566 2720 nobis
3598 2673 3674 2719 est
3715 2664 3974 2733 dignatus
4020 2664 4183 2720 desti-

2546 2772 2699 2821 nare,
2735 2771 3057 2826 magnopere
3101 2754 3394 2823 testiﬁcans
3436 2753 3760 2825 apostolatus
3787 2755 3901 2825 ejus
3924 2754 4185 2824 gloriam,

2543 2849 2596 2899 et
2626 2844 2955 2914 redarguens
2985 2860 3165 2899 omnes
3193 2845 3288 2914 qui
3312 2859 3436 2897 eum
3465 2842 3842 2898 contradicunt
3883 2859 3996 2898 esse
4035 2859 4186 2914 apos-

2546 2935 2736 2988 tolum.
2771 2934 2898 3000 Quae
2927 2933 3148 3003 epistola
3177 2948 3336 2987 sacra
3375 2935 3687 2987 conservata
3716 2933 3773 2985 in
3803 2934 4053 3003 promptu
4079 2931 4183 2985 ha—

2547 3021 2720 3082 betur,
2752 3023 2811 3075 in
2841 3038 2945 3092 qua
2977 3021 3144 3092 facile
3171 3021 3341 3075 claret
3372 3022 3741 3076 testimonium
3771 3036 3955 3075 verum
3999 3021 4187 3076 Roma-

2545 3125 2637 3166 na?
2663 3109 2823 3164 sedis.

2616 3198 2717 3254 Cui
2738 3197 3117 3252 Bituricensis
3133 3196 3607 3269 archiepiscopus
3624 3197 3791 3253 Aimo
3805 3198 4182 3270 respondens,

2547 3287 2691 3342 dixit
2726 3303 2738 3341 :
2773 3309 2799 3335 ‹‹
2833 3287 3076 3341 Textum
3110 3284 3367 3357 epistolae
3412 3301 3571 3357 papae
3621 3285 3866 3342 Joannis
3912 3285 4186 3341 omnibus

2547 3375 2865 3432 Galliarum
2897 3373 3205 3445 episcopis
3232 3373 3481 3440 directa},
3516 3377 3646 3428 ante
3693 3373 3801 3428 hos
3851 3373 4186 3445 quindecim

2547 3466 2673 3520 dies
2702 3463 2760 3518 in
2792 3461 3035 3518 concilio
3066 3461 3538 3525 Bituricensi,ubi
3564 3459 3762 3532 plures
3783 3459 4034 3532 episcopi
4057 3477 4190 3515 con-

2551 3552 2771 3626 gregati
2803 3567 3057 3616 eramus,
3091 3566 3285 3605 coram
3319 3547 3485 3604 nobis
3509 3549 3748 3603 recitare
3772 3547 4050 3616 fecimus;
4085 3547 4187 3603 ubi

2553 3641 2738 3696 multa
2766 3641 3066 3696 doctorum
3093 3639 3264 3693 turba
3295 3636 3574 3704 interfuit,
3601 3635 3877 3708 qui,hanc
3905 3636 4188 3708 discepta-

2547 3730 2762 3786 tionem
2794 3730 2904 3785 sub
2936 3743 3150 3800 magna
3180 3725 3526 3781 discretione
3574 3724 3990 3791 examinantes,
4023 3724 4188 3780 inve—

2548 3822 2761 3873 nerunt
2791 3833 3000 3873 sanum
3031 3833 3158 3872 esse
3187 3815 3338 3888 quod
3372 3814 3628 3870 Joannes
3661 3831 3812 3886 papa
3840 3813 3898 3868 in
3927 3814 4190 3869 Romana

2548 3908 2768 3973 sede,et
2796 3923 2894 3960 vos
2916 3905 2973 3960 in
2998 3905 3104 3960 hac
3136 3922 3262 3976 quas
3291 3904 3480 3977 prima
3504 3903 3765 3959 omnium
3799 3901 4189 3958 Ecclesiarum

2548 3995 2742 4052 Galliae
2774 3999 2881 4061 est,
2907 3997 3107 4049 sancto
3137 3992 3355 4064 Spiritu
3387 3992 3717 4058 afﬂante,de
3738 3991 3845 4047 hac
3857 3990 4192 4063 justissima

2551 4102 2611 4140 re
2637 4082 2994 4140 instituistis.
3027 4082 3207 4138 Nemo
3239 4082 3487 4154 denegat
3515 4097 3649 4135 eum
3677 4079 3858 4135 fuisse
3905 4096 4089 4134 unum
4119 4081 4190 4134 de

2550 4171 2920 4244 septuaginta
2967 4171 3214 4225 duobus.
3256 4168 3374 4225 Illis
3424 4172 3617 4224 autem
3666 4168 3949 4223 Dominus
3997 4167 4185 4222 dixit:

2550 4263 2642 4327 Ite,
2677 4276 2794 4315 ecce
2823 4275 2918 4327 ego
2945 4260 3098 4314 mitto
3141 4274 3230 4312 vos
3271 4261 3411 4312 sicut
3459 4273 3622 4327 agnos
3668 4257 3811 4311 inter
3857 4255 4005 4310 turos
4035 4255 4185 4327 (Luc.

2549 4353 2626 4419 χ).
2660 4350 2896 4404 Constat
2924 4363 3060 4418 ergo
3093 4362 3238 4417 quos
3260 4343 3543 4400 Dominus
3564 4343 3708 4398 dixit
3728 4341 4192 4415 apostolos,quia

2549 4455 2680 4494 vere
2732 4433 2978 4508 apostoli
3032 4438 3187 4489 sunt.
3235 4435 3304 4488 Et
3351 4433 3505 4488 hunc
3559 4432 3934 4504 protoducem
3993 4431 4188 4488 Gallias

2553 4542 2783 4598 semper
2813 4525 3006 4596 plures
3038 4522 3415 4594 antiquorum
3441 4538 3555 4576 non
3579 4537 3712 4576 cum
3735 4519 4188 4588 confessoribus,

2554 4616 2654 4671 sed
2687 4631 2820 4670 cum
2853 4610 3131 4685 apostolis
3159 4609 3568 4682 pronuntiasse
3615 4609 3724 4664 visi
3776 4611 3934 4664 sunt.
3967 4607 4189 4679 Itaque,

2555 4704 2806 4778 plurimo
2837 4703 3136 4757 doctorum
3169 4698 3343 4753 choro
3375 4697 3780 4770 persuadente,
3805 4712 4000 4752 coram
4032 4696 4192 4751 omni

2554 4790 2855 4866 populo,in
2887 4787 3095 4860 majori
3124 4785 3366 4842 ecclesia
3396 4783 3763 4851 Bituricensi,
3791 4783 4192 4839 testimonium

2556 4877 2962 4953 perhibuimus
2992 4876 3157 4932 beato
3181 4873 3429 4929 Martiali
3455 4872 3593 4944 quia
3613 4870 3910 4943 apostolus
3933 4871 4195 4927 veritatis

730 4980 1073 5037 Dominus
1100 4967 1396 5030 απάεείηιν
1427 4963 1628 5020 deinde
1657 4963 1927 5032 αροείοιίε
1954 4962 2212 5019 omnibus
2240 4967 2288 5033 (ι
2315 4964 2438 5020 Car.
2478 4976 2523 5040 Ι)
2557 4973 2662 5024 est.
2696 4965 3036 5023 Curavimus
3084 4964 3239 5020 enim
3285 4979 3354 5017 ne
3385 4962 3655 5017 Romanae
3689 4958 4014 5032 apostolica
4041 4959 4197 5016 sedis

726 5069 861 5140 xv),
894 5069 978 5121 ut
1015 5058 1300 5117 sciamus
1349 5052 1645 5126 apostolos
1699 5052 1879 5107 fuisse
1928 5069 2131 5107 omnes
2163 5069 2311 5124 quos
2343 5053 2447 5107 Do-
2556 5059 2784 5113 decreto
2815 5059 2872 5109 et
2900 5052 3144 5125 imperio
3173 5065 3656 5123 repugnarcmus.
3693 5053 3752 5104 In
3794 5046 4197 5104 testimonium

721 5137 962 5216 minus
991 5152 1069 5206 in
1088 5161 1272 5202 carne
1293 5143 1483 5199 adhuc
1505 5142 1721 5214 degens
1737 5140 2442 5213 misitadpraedicandum.
2557 5163 2689 5202 vero
2718 5143 3000 5207 veritatis,
3033 5141 3092 5196 in
3140 5140 3342 5201 eodem
3392 5138 3636 5194 concilio
3664 5142 3890 5193 tomum
3943 5137 4199 5193 scribere

720 5248 831 5303 Ait
867 5245 1334 5306 Hieronymus,
1371 5235 1434 5286 ut
1465 5232 1522 5285 in
1557 5229 1824 5302 praesenti
1883 5230 2188 5285 recitatum
2237 5235 2326 5285 est
2374 5229 2450 5285 Ie-
2561 5232 2913 5306 rogavimus,
2939 5247 3114 5302 quem
3139 5228 3414 5284 manibus
3434 5225 3936 5283 corroboravimus
3959 5225 4197 5291 nostris,

715 5337 950 5394 ctione
993 5348 1009 5386 :
1055 5325 1292 5381 Omnes
1323 5320 1420 5392 qui
1453 5319 1764 5384 Dominum
1815 5318 1873 5372 in
1933 5334 2104 5373 carne
2161 5318 2446 5384 viderunt,
2560 5325 2849 5394 quatenus
2879 5319 3154 5374 omnibus
3185 5317 3261 5372 sit
3285 5321 3493 5371 notum
3541 5332 3647 5370 nos
3692 5315 3761 5370 de
3809 5314 3918 5371 hac
3949 5329 4010 5369 re
4039 5313 4202 5370 aRo-

716 5435 1033 5494 eumque
1076 5415 1295 5486 postea
1327 5408 1799 5481 praedicaverunt,
1831 5406 2065 5461 fuerunt
2120 5406 2385 5478 apostoli,
2421 5428 2448 5456 »
2561 5425 2736 5465 mana
2766 5409 2902 5463 sede
2933 5405 3174 5461 minime
3199 5404 3343 5460 velle
3374 5403 3863 5475 desciscere,quia
3891 5419 4008 5459 non
4038 5419 4204 5474 open

709 5520 778 5573 ct
796 5490 1364 5570 cetera.Liquido
1394 5499 1622 5552 constat
1652 5494 1792 5567 quia
1822 5494 2104 5550 Martialis
2135 5495 2449 5550 Dominum
2558 5502 2658 5554 tet.
2701 5497 2874 5551 Porro
2923 5495 3160 5549 verbum
3209 5492 3360 5548 idem
3412 5493 3551 5547 dum
3605 5492 3662 5547 in
3708 5491 3974 5547 Ecclesia:
4021 5490 4200 5546 totius

710 5606 782 5659 in
821 5611 1042 5658 carne
1075 5587 1263 5654 vidit,
1297 5590 1354 5641 et
1396 5602 1530 5640 eum
1590 5588 1792 5656 postea
1838 5583 2188 5655 praedicavit.
2225 5584 2446 5638 Bonum
2559 5589 2867 5657 conspectu
2902 5581 3360 5648 concionaretur,
3389 5579 3544 5635 illico
3575 5580 3768 5635 omnis
3791 5579 4039 5651 populus
4063 5595 4202 5649 qua-

705 5698 814 5751 est
850 5702 1024 5748 eum
1055 5675 1197 5736 dici
1232 5673 1583 5748 apostolum,
1617 5671 1884 5743 quamvis
1939 5689 2053 5726 non
2102 5670 2320 5726 malum
2373 5673 2451 5726 sit
2559 5674 2605 5728 si
2639 5674 2725 5727 vir
2749 5688 2901 5727 unus
2934 5687 3052 5724 una
3087 5685 3222 5723 voce
3270 5667 3581 5722 Dominum
3627 5669 3939 5732 benedixit,
3975 5681 4076 5735 pro
4107 5662 4198 5717 sui

703 5783 846 5839 dici
875 5771 1360 5834 confessorem.
1395 5765 1546 5818 Nam
1572 5767 1626 5816 et
1656 5760 1954 5833 apostolus
1983 5761 2182 5815 Petrus
2215 5760 2262 5814 si
2290 5760 2447 5815 dica-
2557 5761 2742 5834 gloria
2771 5757 3189 5833 patroni.Sicut
3217 5757 3396 5827 igitur
3427 5757 3686 5811 Romana
3724 5755 4066 5839 testificatur
4096 5751 4195 5803 Ec-

699 5835 1485 5930 t—urconfessor,malum
1519 5868 1632 5905 non
1655 5855 1909 5917 est,cum
1936 5847 2218 5904 confessio
2249 5849 2449 5905 verita-
2557 5849 2753 5916 clesia,
2787 5848 2877 5904 cui
2919 5845 3314 5901 contradicere
3362 5845 3526 5899 nefas
3577 5849 3685 5912 est,
3712 5846 3769 5896 et
3814 5835 4191 5910 quemadmo-

695 5927 790 6017 ίίίεί
813 5963 1120 6024 semper
1143 5939 1570 5998 sitcommunis
1591 5955 1692 6011 per
1713 5955 1776 5995 os
1798 5938 2061 5994 omnium
2085 5942 2444 6004 sanctorum,
2557 5940 2698 5994 dum
2732 5939 2789 5993 in
2824 5935 3091 6009 praedicto
3118 5931 3462 5988 Bituricensi
3493 5927 4023 6024 testiﬁcatinsumus
4053 5935 4189 5972 con-

690 6009 1237 6110 gg-Ig'iwﬁ‘Vetet-i
1276 6047 1452 6101 quam
1484 6009 1640 6085 Novo
1677 6028 2090 6086 Instrumenta.
2119 6027 2262 6083 Cum
2289 6025 2448 6086 hunc
2557 6027 2707 6095 cilio,
2742 6027 2821 6082 ita
2851 6027 2907 6080 in
2941 6021 3206 6094 praesenti
3239 6019 3512 6074 concione
3557 6011 3808 6086 generali
3858 6009 4005 6063 hanc
4056 6019 4186 6059 sen-
