3884 6380
244 493 398 560 13τῦ

1191 491 1600 558 JORDANUS
1643 488 2216 582 LEMO‘YICENSIS
2259 491 2711 561 EPISCOPUS.

3505 489 3658 558 1.176

239 631 486 690 tentiam
503 627 728 704 justam
755 630 816 689 et
838 627 1230 688 necessarium
1256 631 1468 686 saneta:
1489 625 1758 686 Ecclesia
1779 630 1888 686 tes-
1915 628 1972 697 Α
1997 627 2358 702 episcopalem
2409 644 2534 687 cum
2582 629 2713 687 aliis
2771 627 3034 704 episcopis
3077 647 3118 688 a
3143 628 3379 688 Domino
3425 630 3655 703 accepit,

240 720 540 778 tiﬁcamur
562 737 712 777 esse.
743 741 773 772 ››

313 810 478 867 Tunc
503 809 619 868 Deo
643 809 916 866 amabilis
953 810 1244 867 Jordunus
1292 808 1594 882 respondit
1623 809 1702 881 (9)
1735 823 1748 864 :
1783 809 1892 865 Hoc

239 897 490 972 equidem
517 899 760 965 verbum,
791 899 1032 971 qualiter
1058 908 1186 956 ante
1211 901 1306 956 hos
1352 915 1544 966 annos,
1578 897 1678 954 hoc
1721 904 1801 953 est
1829 899 1889 952 in

235 989 418 1060 primo
447 1003 592 1044 anno
619 986 975 1046 dedicationis
1002 989 1167 1061 hujus
1205 989 1596 1044 Lemovicensis
1645 987 1891 1043 basilicae

241 1075 603 1148 Redemptoris
631 1077 824 1144 nostri,
856 1093 1021 1151 quam
1049 1077 1208 1132 hodie
1235 1076 1575 1133 exsultanter
1610 1075 1730 1132 hac
1752 1076 1888 1131 civi-

240 1172 320 1221 tas
348 1166 630 1221 nobiscum
657 1165 863 1232 recolit,
891 1165 1196 1221 viventibus
1243 1173 1372 1221 tunc
1414 1164 1722 1221 doctissimo
1768 1179 1890 1235 rege

239 1255 570 1310 Francorum
600 1253 843 1318 Roberto,
876 1261 929 1310 et
954 1255 1232 1311 Gauzleno
1278 1255 1696 1326 metropolitano
1740 1268 1888 1325 pra:-

236 1341 506 1398 decessore
531 1350 724 1412 vestro,
758 1343 880 1400 haec
901 1343 1050 1398 sedes
1082 1345 1360 1399 Lemovica
1402 1359 1514 1399 non
1557 1343 1676 1398 sine
1723 1357 1888 1398 enor-

236 1432 318 1486 mi
344 1433 668 1488 auctoritate
697 1429 888 1487 divina
926 1432 1336 1504 recepit,paucis
1383 1446 1688 1487 memorare
1736 1429 1885 1486 libet.

235 1519 361 1575 Post
395 1520 598 1574 multas
645 1521 794 1574 enim
841 1520 1006 1591 hujus
1049 1521 1280 1592 capituli
1325 1519 1725 1587 altercationes,
1759 1519 1888 1573 aliis

237 1607 674 1672 assentientibus,
707 1609 837 1662 aliis
887 1623 1012 1664 vero
1059 1607 1518 1680 repugnantibus,
1559 1623 1684 1663 cum
1727 1623 1890 1678 super

236 1695 422 1754 hacrc
447 1698 613 1768 factae
657 1695 852 1754 multae
896 1703 1071 1752 essent
1121 1697 1359 1761 litanias,
1392 1699 1455 1752 ut
1499 1697 1598 1752 hoc
1643 1695 1884 1763 verbum,

233 1785 353 1840 nisi
377 1784 476 1840 Dei
502 1791 638 1840 esset
665 1784 806 1840 bona
836 1784 1108 1851 voluntas,
1143 1787 1204 1840 in
1229 1782 1518 1842 concordia
1557 1783 1719 1855 hujus
1746 1781 1889 1838 sedis

231 1875 464 1931 minime
517 1873 794 1940 resideret,
822 1875 1042 1931 advenit
1095 1874 1378 1947 synodalis
1424 1873 1496 1929 ad
1541 1873 1683 1928 hanc
1721 1873 1886 1929 eccle-

231 1963 372 2019 siam
399 1966 710 2031 conventus,
743 1963 840 2018 ubi
866 1965 1033 2019 tertia
1056 1963 1146 2019 die
1179 1961 1376 2036 synodi
1415 1963 1594 2018 omnis
1639 1960 1887 2016 sacerdo-

233 2059 350 2110 tum
377 2051 732 2121 generalitas,
765 2067 829 2106 ac
855 2059 1186 2110 caeterorum
1209 2051 1538 2108 clericorum
1580 2051 1884 2106 numerosi-

235 2148 337 2208 tas,
369 2156 485 2196 una
510 2139 795 2195 nobiscum
830 2139 1101 2194 nobilium
1144 2140 1391 2196 virorum
1435 2142 1490 2196 et
1530 2140 1664 2211 legis
1708 2138 1884 2194 docto-

234 2245 363 2286 rum
417 2228 678 2300 adjuncta
730 2227 1103 2296 multitudine,
1161 2228 1317 2284 credo
1369 2229 1477 2284 Deo
1530 2228 1882 2300 gubernante,

235 2333 408 2374 unum
434 2333 528 2373 cor
553 2325 605 2374 et
633 2333 803 2372 unam
825 2307 1156 2374 voluntatem
1184 2317 1320 2372 hora
1346 2317 1458 2373 dici
1502 2317 1664 2373 tertia
1705 2331 1884 2372 susce-

231 2408 352 2480 pit;
379 2405 671 2478 taliterque
699 2407 952 2462 omnibus
982 2406 1319 2478 inspiratam
1351 2412 1446 2476 est,
1475 2409 1538 2460 ut
1559 2405 1804 2477 paciﬁce,
1833 2407 1888 2460 et

237 2495 487 2568 libenter,
519 2502 679 2568 atque
705 2495 1037 2560 voluntarie,
1069 2495 1210 2550 bona
1257 2494 1582 2558 obedientia,
1614 2493 1732 2550 haec
1762 2507 1886 2548 sus-

233 2562 508 2656 ciperetur
547 2562 616 2639 ab
662 2583 914 2640 omnibus
960 2583 1254 2648 sententia,
1285 2581 1639 2654 deincepsque
1682 2583 1884 2636 immu-

235 2671 481 2728 tabiliter
505 2687 606 2738 per
632 2677 878 2727 nostram
921 2671 1180 2726 dicecesin
1227 2669 1624 2726 observaretur.
1661 2672 1728 2726 Et
1755 2669 1886 2724 bene

230 2759 449 2833 placuit
469 2759 720 2816 omnibus
743 2759 986 2832 qualiter
1030 2760 1172 2816 hanc
1220 2760 1322 2816 Deo
1373 2758 1766 2830 beneplacitam
1794 2773 1884 2814 vo-

236 2847 504 2904 luntatem
557 2849 945 2920 acciperemus,
995 2855 1075 2914 ut,
1124 2846 1582 2920 quemadmodum
1628 2847 1882 2903 multitu-

234 2936 357 2992 dini
382 2937 598 2992 novitas
625 2936 930 3004 videbatur,
962 2937 1042 2992 ita
1070 2941 1262 2993 contra
1285 2937 1427 2992 hanc
1453 2936 1630 2994 altera
1667 2935 1886 3010 quidem

233 3041 317 3082 res
351 3041 513 3095 nova,
543 3025 635 3082 sed
678 3026 973 3096 magniﬁca
1017 3033 1069 3082 et
1107 3026 1363 3100 gloriosa,
1395 3025 1654 3082 adversus
1699 3039 1884 3080 omnes

234 3113 466 3172 anulos
527 3113 964 3184 conﬁrmaretur.
1021 3115 1324 3186 Aggregato
1389 3115 1576 3186 itaque
1640 3114 1886 3170 maximo

235 3201 560 3276 papulon
613 3205 900 3270 conventu,
947 3203 1384 3260 sacratissimum
1429 3218 1620 3274 corpus
1660 3201 1888 3274 patroni

234 3307 270 3346 a
295 3305 392 3346 suo
415 3291 720 3348 lecavimus
745 3291 978 3362 tumulo,
1007 3299 1059 3348 et
1082 3292 1336 3363 piissimo
1366 3291 1616 3364 obsequio
1642 3297 1885 3347 transtu-

1999 727 2200 792 quanto
2225 719 2444 775 elevatis
2466 721 2724 776 manibus
2752 720 3032 778 benedixit
3049 719 3340 793 discipulis
3363 721 3654 788 Dominus,

1997 815 2049 864 et
2068 808 2344 878 ferebatur
2371 809 2430 863 in
2458 809 2694 878 coelum),
2723 809 2815 865 sed
2868 810 3010 866 sicut
3063 818 3144 868 est
3197 809 3462 866 cathedra
3515 809 3660 866 beati

1997 898 2154 952 Petri
2179 895 2496 963 Antiochiae,
2528 899 2766 970 itemque
2819 899 3080 955 cathedra
3133 901 3344 966 Rom,
3375 915 3492 955 non
3519 898 3662 971 quod

1996 993 2127 1040 tunc
2150 989 2492 1041 consecratus
2518 987 2594 1042 sit
2621 987 2920 1060 episcopus,
2943 989 3042 1060 qui
3063 1005 3099 1044 a
3121 989 3355 1044 Domino
3375 989 3505 1060 jam
3525 988 3660 1043 olim

1995 1076 2454 1130 consecrationem
2481 1080 2792 1147 susceperat
2817 1077 3210 1148 pontiﬁcalem,
3239 1075 3332 1134 sed
3361 1078 3502 1149 quia
3531 1081 3661 1132 tunc

1992 1164 2240 1236 primum
2287 1165 2349 1218 in
2391 1163 2493 1218 illa
2544 1163 2634 1220 die
2689 1165 2836 1237 apud
2870 1165 3086 1222 easdem
3111 1165 3368 1222 ecclesias
3393 1165 3560 1233 sedit,
3592 1164 3662 1220 ad

1995 1251 2400 1323 suscipiendum
2426 1268 2596 1325 super
2619 1253 2884 1326 populum
2919 1255 3026 1309 Dei
3049 1255 3295 1325 regimen
3332 1254 3611 1327 pastorale
3643 1270 3659 1310 :

1996 1340 2071 1395 ita
2103 1341 2163 1396 in
2185 1340 2289 1396 hac
2316 1340 2426 1408 die,
2458 1355 2585 1412 quae
2629 1349 2713 1397 est
2761 1343 2928 1398 tertia
2980 1342 3187 1398 mensis
3240 1341 3480 1411 Augusti
3523 1341 3660 1410 dies,

1995 1429 2138 1485 hanc
2177 1428 2399 1484 domum
2425 1428 2491 1485 de
2518 1433 2653 1501 fano
2708 1429 3024 1487 daemonum
3076 1431 3210 1502 fecit
3265 1429 3480 1486 Christi
3535 1439 3668 1487 tem-

1991 1518 2168 1590 plum,
2221 1525 2276 1573 et
2321 1519 2381 1573 in
2429 1520 2550 1590 ipsa
2596 1519 2847 1575 Ecclesia
2885 1519 2988 1575 hac
3011 1520 3263 1591 primum
3290 1517 3455 1586 sedit,
3485 1520 3666 1575 susci-

1987 1607 2148 1678 piens
2177 1607 2236 1661 in
2271 1607 2470 1678 populo
2526 1622 2714 1662 curam
2765 1611 2820 1664 et
2868 1609 3117 1677 regimen
3156 1609 3398 1678 pastoris
3429 1624 3450 1662 :
3497 1623 3665 1680 quem

1995 1693 2100 1751 duo
2149 1695 2448 1752 sacerdotes
2499 1697 2618 1764 Dei,
2653 1697 3124 1752 Austriclinianus
3184 1699 3240 1752 et
3297 1695 3658 1768 Alpinianus,

1994 1783 2254 1855 discipuli
2281 1785 2418 1854 ejus,
2450 1783 2852 1842 inthronizasse
2875 1785 3178 1841 creduntur
3207 1785 3269 1840 in
3297 1785 3466 1858 hujus
3495 1785 3662 1842 eccle-

1994 1873 2098 1928 siae
2145 1871 2420 1942 cathedra,
2453 1874 2516 1928 in
2562 1881 2878 1930 testamento
2923 1874 3192 1940 veritatis,
3225 1879 3289 1928 ut
3314 1873 3416 1928 ubi
3435 1872 3547 1930 duo
3579 1874 3664 1930 vel

1995 1968 2104 2016 tres
2131 1962 2451 2032 congregati
2476 1970 2650 2018 essent
2680 1963 2741 2018 in
2770 1963 2996 2018 nomine
3021 1960 3352 2029 Salvatoris,
3387 1963 3454 2018 in
3479 1961 3662 2020 mdio

1993 2063 2184 2106 eorum
2227 2050 2313 2106 ibi
2367 2051 2636 2106 Dominus
2686 2057 2840 2106 esset.
2879 2051 3019 2106 Nam
3065 2057 3117 2106 et
3165 2049 3386 2106 beatum
3428 2045 3661 2108 Petrum

1994 2138 2165 2194 Linus
2191 2144 2244 2194 et
2270 2137 2449 2193 Cletus
2487 2136 2752 2210 discipuli
2789 2137 2906 2210 ejus
2927 2137 3248 2206 sacerdotes,
3281 2139 3396 2194 imo
3423 2154 3552 2194 cum
3581 2141 3659 2195 eis

1996 2225 2140 2282 idem
2174 2225 2366 2282 beatus
2413 2225 2697 2282 Martialis
2741 2225 3148 2298 condiscipulus
3202 2225 3454 2298 ejusdem
3512 2227 3662 2284 beati

1995 2314 2166 2383 Petri,
2206 2313 2353 2385 apud
2393 2315 2639 2386 primam
2679 2315 2982 2372 Romanam
3033 2313 3336 2371 Ecclesium
3379 2315 3654 2372 inthroni-

1993 2417 2143 2458 zasse
2168 2402 2469 2460 creduntur
2488 2419 2508 2457 :
2533 2416 2660 2475 qua:
2703 2403 2928 2458 ecclesia
2969 2404 3176 2474 prima,
3209 2411 3271 2460 ut
3295 2402 3534 2476 quidam
3568 2399 3650 2459 di-

1992 2499 2142 2555 cunt,
2173 2499 2254 2548 est
2301 2490 2449 2563 apud
2507 2492 2736 2547 titulum
2777 2493 2875 2564 qui
2919 2499 3145 2548 vocatur
3197 2491 3278 2548 Ad
3295 2493 3570 2565 primum,
3603 2501 3657 2549 et

1991 2586 2072 2635 est
2099 2581 2159 2634 in
2187 2579 2390 2636 honore
2418 2579 2600 2638 levita:
2627 2579 2896 2652 Stephani
2915 2579 3094 2652 primi
3117 2581 3387 2653 martyris
3405 2599 3432 2647 ;
3456 2589 3523 2637 ut
3544 2581 3653 2638 alii

1993 2675 2175 2724 autem
2199 2670 2407 2740 ferunt,
2436 2678 2515 2724 est
2556 2668 2705 2740 apud
2749 2670 3057 2738 Lateranis,
3083 2671 3218 2743 quia
3272 2671 3358 2725 ibi
3397 2672 3658 2742 patriar-

1991 2758 2180 2813 chium
2205 2765 2304 2814 est.
2334 2757 2520 2814 Altera
2545 2773 2673 2829 ergo
2710 2757 2821 2822 die,
2853 2773 2980 2830 quae
3007 2767 3085 2814 est
3108 2765 3235 2830 post
3257 2757 3658 2817 dedicationem

1992 2845 2155 2919 hujus
2181 2854 2544 2904 sacrosanctae
2573 2847 2843 2914 basilicae,
2859 2847 2976 2903 sive
2995 2847 3365 2903 inventionem
3391 2846 3659 2922 reliquia-

1991 2951 2118 2991 rum
2167 2935 2588 3008 protomartyris
2646 2934 2930 3007 Stephani,
2973 2935 3266 2992 translatio
3310 2936 3542 3008 patroni
3586 2934 3659 2993 ad

1991 3039 2149 3078 suam
2175 3023 2375 3089 sedem,
2404 3024 2518 3080 sive
2543 3023 2814 3094 festivitas
2849 3023 3125 3081 cathedrae
3150 3023 3289 3096 ejus,
3317 3038 3390 3079 ea:
3432 3039 3494 3081 eo
3525 3028 3659 3081 tem-

1987 3126 2122 3183 pore
2137 3111 2409 3168 celebrari
2433 3111 2597 3168 solita
2622 3118 2704 3168 est
2732 3111 2794 3166 in
2824 3112 2927 3168 hac
2947 3110 3136 3168 eadem
3163 3118 3356 3167 sancta
3400 3111 3652 3169 Lemovi-

1992 3201 2142 3256 censi
2166 3200 2412 3256 ecclesia.
2447 3198 2643 3256 Eodem
2669 3215 2794 3256 vero
2822 3201 2932 3268 die,
2957 3200 3348 3256 consummatis
3380 3215 3511 3256 cum
3551 3201 3653 3257 tri-

1987 3289 2158 3361 pudio
2184 3290 2485 3362 mysteriis,
2516 3295 2569 3344 et
2595 3288 2661 3344 de
2687 3289 2982 3362 apostolica
3016 3289 3530 3352 commemoratione
3561 3291 3654 3346 in-

233 3379 400 3436 timus
445 3396 612 3452 super
655 3379 752 3437 hoc
797 3383 1047 3436 sanctum
1083 3362 1294 3451 altare,
1327 3379 1466 3453 quod
1499 3362 1574 3435 vin
1623 3379 1881 3436 honorem
1909 3362 1956 3432 C
1989 3379 2179 3434 stituta
2204 3376 2469 3448 foederato
2495 3393 2622 3432 cum
2643 3393 2782 3449 pace
2811 3379 2958 3434 inter
2997 3393 3056 3434 se
3104 3379 3362 3434 universo
3413 3377 3560 3434 clero
3601 3382 3658 3434 et

227 3470 652 3542 protomartyris
699 3469 962 3540 Stephani
1006 3469 1123 3539 ipse
1161 3469 1514 3524 consecravit.
1551 3470 1710 3525 Facta
1753 3471 1882 3524 sunt
1984 3466 2208 3538 p0pulo,
2247 3466 2685 3544 sacratissimum
2727 3466 2951 3538 patroni
2994 3481 3190 3538 corpus
3243 3465 3316 3521 ad
3357 3467 3654 3538 proprium

229 3554 351 3612 hmo
377 3555 661 3610 Dominica
689 3557 1120 3612 Resurrectionis
1145 3555 1232 3612 dle
1263 3556 1397 3628 (10),
1430 3557 1490 3611 in
1509 3558 1642 3634 ipsa
1685 3557 1882 3613 solem-

229 3645 404 3699 nitate
431 3644 764 3699 inventionis
794 3646 1035 3715 corporis
1079 3646 1221 3700 beati
1264 3645 1546 3716 Stephani,
1577 3653 1737 3717 atque
1777 3645 1882 3700 hu-

220 3732 318 3804 jus
345 3733 524 3786 sancti
549 3731 740 3803 templi
779 3733 1217 3799 consecrationis,
1247 3731 1388 3804 quod
1433 3732 1578 3788 idem
1621 3737 1884 3805 patronus

226 3821 472 3894 primum
502 3821 564 3876 in
607 3821 760 3877 omni
807 3820 992 3876 Gallia
1042 3821 1149 3877 Deo
1194 3819 1482 3889 dedicavit,
1513 3821 1734 3889 dirutls,
1759 3835 1886 3894 quae

230 3910 294 3965 in
332 3909 430 3966 hoc
476 3909 589 3966 loco
632 3909 849 3983 pridem
901 3909 1186 3979 gentilitas
1239 3911 1500 3976 coluerat,
1549 3911 1881 3986 simulacris.

234 3999 363 4068 Quae
401 4015 487 4055 res
531 3999 615 4054 ita
659 4001 817 4056 nobis
863 3999 1152 4055 convenire
1193 3999 1312 4054 visa
1361 4007 1458 4066 est,
1491 4007 1572 4069 ut,
1602 4001 1744 4056 sicut
1790 3999 1888 4054 ille

229 4088 414 4143 vivens
436 4087 578 4144 hanc
605 4105 764 4145 suam
790 4087 968 4144 sedem
996 4089 1162 4144 totius
1201 4088 1535 4160 Aquitonicw
1562 4089 1739 4160 gentis
1765 4089 1882 4160 fon~

233 4179 342 4230 tem
371 4173 636 4247 baptismi
665 4183 715 4231 et
743 4175 1176 4232 itluminationis
1205 4174 1532 4246 evangelicae
1553 4177 1773 4246 fecerat,
1807 4175 1885 4230 ita

230 4279 453 4337 corpore
477 4279 578 4320 suo
609 4263 854 4320 eamdem
881 4262 1154 4319 visitando
1182 4264 1547 4334 perlustrans,
1583 4264 1746 4320 isthic
1784 4279 1882 4320 no-

236 4353 315 4409 bis
344 4352 512 4427 hujus
542 4351 695 4410 daret
723 4354 955 4410 initium
982 4352 1392 4418 observationis,
1428 4352 1630 4424 hocque
1657 4354 1884 4408 institu-

234 4449 352 4497 tum
378 4441 622 4498 membra
652 4443 712 4497 in
739 4442 1017 4516 reliquum
1051 4440 1482 4496 conservandum
1531 4456 1641 4498 non
1667 4445 1887 4497 cunctae

231 4537 442 4600 rentur,
470 4529 611 4605 quod
643 4530 932 4588 exordium
961 4531 1023 4586 in
1051 4531 1228 4602 capite
1271 4545 1372 4586 suo
1413 4530 1683 4587 sumebat.
1713 4529 1888 4602 Super

232 4619 329 4676 hoc
359 4621 540 4692 itaque
569 4619 745 4676 altare
773 4618 958 4676 eodem
984 4616 1076 4674 die
1100 4617 1364 4689 mysteria
1391 4617 1453 4672 in
1475 4617 1657 4685 gloria
1684 4624 1888 4688 aposto—

1991 3555 2283 3610 retulimus
2329 3563 2764 3610 monumentum.
2806 3556 3096 3610 Posuimus
3142 3562 3328 3611 autem
3371 3555 3472 3611 sub
3516 3572 3655 3612 ana-

1991 3644 2222 3700 themate
2249 3659 2336 3700 eos
2363 3643 2458 3715 qui
2488 3643 2548 3697 in
2575 3651 2757 3698 nostra
2805 3642 3024 3698 dioecesi
3079 3643 3316 3720 ulterius
3371 3644 3516 3699 hanc
3561 3645 3650 3700 ὑι-

1992 3733 2239 3805 quietare
2277 3735 2680 3804 praesumerent
2734 3733 3061 3787 sententiam
3089 3729 3228 3802 (11).
3257 3734 3384 3788 Post
3412 3731 3652 3788 multum

1993 3836 2116 3877 vero
2145 3821 2421 3893 temporis,
2452 3835 2579 3876 cum
2603 3821 2664 3876 in
2701 3819 2988 3876 nonnullis
3010 3836 3112 3892 per
3141 3818 3382 3876 Galliam
3409 3819 3653 3877 ecclesiis

1992 3909 2059 3969 de
2104 3909 2204 3965 hoc
2251 3909 2414 3965 verba
2470 3924 2728 3964 murmur
2781 3906 2963 3980 ﬁeret,
3005 3915 3056 3964 et
3111 3908 3338 3981 quidam
3388 3907 3654 3966 dicerent.

1996 4020 2025 4048 «
2069 3997 2338 4066 Quomodo
2356 4005 2528 4070 potest
2546 3997 2820 4069 apostolus
2841 4013 2954 4054 esse
2977 3998 3077 4070 qui
3104 3999 3166 4053 in
3198 3997 3518 4070 Evangeliis
3547 4013 3660 4053 non

1991 4085 2216 4155 dicitur,
2247 4086 2340 4142 sed
2365 4102 2466 4142 nec
2509 4087 2569 4142 in
2624 4086 2846 4143 Actibus
2899 4086 3276 4158 apostolorum
3329 4087 3658 4159 manifesta-

1993 4183 2086 4231 tur
2107 4175 2136 4231 ?
2168 4197 2197 4224 »
2225 4175 2332 4232 alii
2360 4191 2484 4231 vero
2516 4182 2780 4246 putarent
2807 4190 3095 4246 nunquam
3137 4174 3399 4231 hactenus
3445 4175 3658 4230 dictum

1994 4263 2052 4320 id
2077 4279 2209 4332 esse,
2238 4263 2331 4320 sed
2349 4265 2563 4320 naviter
2586 4281 2622 4320 a
2648 4265 2804 4320 nobis
2829 4264 3099 4336 primum,
3117 4262 3263 4336 quod
3285 4263 3432 4320 absit
3455 4270 3476 4321 Ι
3498 4279 3656 4320 usur-

1988 4357 2182 4426 patum
2211 4367 2345 4421 esse,
2379 4355 2685 4425 iterumque
2739 4353 2925 4423 gravis
2983 4352 3270 4409 altercatio
3321 4353 3656 4424 pullularet,

1997 4445 2105 4498 Deo
2133 4441 2494 4514 dispensante,
2507 4440 2714 4498 directa
2731 4448 2811 4496 est
2835 4441 2990 4497 nobis
3019 4457 3183 4512 super
3205 4441 3308 4497 hac
3334 4457 3398 4498 re
3425 4441 3661 4515 epistola

1994 4529 2062 4584 ab
2109 4529 2424 4602 apostolicae
2497 4530 2760 4586 Romanae
2830 4529 2970 4584 sedis
3021 4545 3170 4601 papa
3223 4531 3455 4586 Joanne.
3519 4531 3661 4586 Tunc

1995 4618 2257 4694 unanimi
2299 4617 2546 4673 consulto
2600 4615 2878 4673 decretum
2933 4617 3188 4688 fecimus,
3220 4625 3283 4673 ut
3307 4625 3534 4690 propter
3561 4617 3660 4675 hoc

235 4707 376 4764 latus
423 4708 541 4780 ejus
587 4709 901 4764 solemniter
944 4707 1357 4763 celebravimus.
1393 4705 1542 4772 Quod
1587 4721 1798 4778 semper
1827 4707 1886 4761 in
1915 4723 1966 4792 D
1994 4707 2221 4763 verbum
2248 4706 2453 4762 iterum
2481 4712 2578 4762 aut
2601 4705 3012 4778 suscipiendum
3057 4709 3158 4760 aut
3195 4721 3310 4762 non
3354 4707 3660 4778 suscipien-

233 4797 510 4870 retiquum
535 4796 808 4852 celebrare
833 4806 946 4852 tum
973 4797 1062 4851 hic
1098 4812 1264 4868 quam
1305 4811 1408 4866 per
1451 4811 1636 4851 omnes
1684 4801 1888 4854 nostra

233 4883 481 4942 dioecesi:
507 4883 762 4940 ecclesias
808 4891 861 4939 et
903 4885 1238 4940 monasteria
1285 4882 1692 4954 mandavimus,
1723 4887 1783 4939 ut
1811 4885 1892 4940 vi-

234 4972 429 5030 delicet
453 4971 688 5028 ulterius
715 4987 827 5026 non
855 4972 916 5026 in
945 4973 1290 5043 confessoris,
1317 4971 1411 5028 sed
1438 4987 1500 5027 tn
1549 4971 1777 5045 apostoli
1804 4988 1892 5029 re-

235 5059 548 5118 cordatione
571 5059 840 5114 memoria
871 5061 1095 5130 patroni
1142 5060 1210 5114 ab
1259 5061 1511 5116 omnibus
1557 5060 1894 5118 concorditer

237 5148 414 5220 ﬁeret.
448 5146 600 5201 Hanc
627 5145 797 5200 etiam
844 5146 990 5202 diem
1035 5149 1334 5204 statuimus
1379 5149 1685 5206 habendam
1715 5151 1774 5207 in
1803 5165 1894 5208 re-

239 5233 555 5293 cordatione
577 5233 827 5289 omnibus
855 5237 1042 5304 annis,
1073 5251 1182 5307 qua
1219 5236 1290 5290 ad
1333 5252 1492 5293 suam
1535 5239 1713 5294 sedem
1739 5254 1892 5308 egre-

244 5324 371 5393 gius
413 5325 602 5394 pastor
647 5323 948 5378 translatus
995 5330 1093 5391 est,
1125 5338 1234 5394 qua
1287 5325 1452 5380 etiam
1503 5325 1592 5382 die
1639 5327 1896 5384 cathedra

239 5413 376 5485 ejus,
407 5409 506 5465 hoc
527 5415 607 5464 est
633 5408 926 5476 ordinatio,
959 5411 1069 5466 sive
1116 5411 1344 5466 initium
1391 5414 1734 5486 episcOpatus
1779 5416 1895 5488 ejus

243 5508 342 5558 est.
372 5499 490 5554 Non
521 5495 661 5570 quod
703 5497 890 5554 eadem
931 5499 1019 5555 die
1062 5506 1402 5557 consecratus
1454 5502 1528 5557 sit
1583 5503 1645 5558 in
1699 5507 1896 5576 episco-

238 5601 375 5659 pum
429 5589 584 5656 (nam
639 5583 750 5640 die~
783 5589 1112 5644 ascensionis
1160 5589 1382 5644 Domini
1439 5594 1897 5649 consecrationem

316 5693 396 5764 (9)
424 5693 567 5749 Acta
597 5690 828 5764 concilii
862 5693 1147 5752 Lemovic.
1179 5711 1198 5750 1
1229 5711 1324 5752 an.
1360 5694 1520 5750 1029.

317 5763 430 5835 (10)
458 5766 628 5820 Anno
661 5763 818 5832 1029,
843 5782 960 5839 quo
981 5783 1134 5824 anno
1157 5765 1281 5823 dies
1305 5767 1341 5823 3
1357 5763 1607 5836 Augusti
1629 5769 1897 5842 eratZdies

1994 4794 2146 4863 dum,
2177 4796 2524 4866 congregatio
2552 4797 2928 4866 episcoporum
2972 4797 3138 4866 atque
3180 4795 3488 4868 peritorum
3519 4797 3661 4851 viro-

1997 4899 2125 4939 rum
2151 4883 2222 4938 ad
2265 4883 2408 4938 hanc
2465 4883 2656 4939 urbem
2715 4882 3086 4952 colligeretur.
3121 4883 3183 4939 Si
3211 4898 3340 4956 ergo
3369 4882 3664 4940 decernitis

1999 4973 2141 5028 hanc
2167 4985 2278 5026 non
2305 4959 2515 5044 suscipi
2557 4971 2748 5029 debere
2774 4973 3123 5038 sententiam,
3147 4988 3250 5031 nec
3297 4988 3333 5028 a
3377 4989 3466 5029 me
3515 4973 3665 5029 ultra

1998 5059 2345 5133 suscipienda
2371 5067 2468 5130 est,
2490 5060 2584 5116 sed
2605 5061 2785 5129 magis
2813 5059 3214 5132 impugnanda.
3247 5060 3311 5117 Si
3333 5069 3524 5118 autem
3546 5076 3665 5117 sus-

1999 5150 2204 5223 cipitis,
2240 5157 2294 5206 et
2319 5165 2416 5220 ego
2445 5150 2526 5206 ita
2551 5149 2812 5222 suscipio,
2843 5149 2986 5205 sicut
3033 5155 3162 5205 ante
3205 5165 3572 5222 susceperam,
3603 5155 3666 5206 ut

2003 5240 2314 5312 quicunque
2339 5243 2548 5296 nostra:
2575 5237 2820 5294 diaecesis
2847 5238 2910 5292 in
2933 5253 2996 5294 eo
3022 5237 3353 5294 scandalum
3401 5253 3667 5308 generare

2001 5328 2234 5384 ulterius
2258 5327 2690 5400 praesumpserit,
2717 5333 2832 5383 tam
2857 5329 3040 5382 vestra
3085 5341 3252 5398 quam
3297 5333 3485 5383 nostra
3519 5341 3668 5384 coer-

2001 5424 2191 5473 ceatur
2219 5415 2716 5472 animadversione.

2072 5505 2235 5561 Tunc
2284 5503 2764 5577 archiepiscopus
2811 5503 2939 5559 ait:
2977 5523 3008 5553 ‹‹
3037 5503 3203 5560 Sicut
3246 5503 3375 5574 jam
3433 5503 3578 5571 dixi,
3611 5506 3668 5560 et

2003 5595 2216 5650 iterum
2250 5609 2408 5650 nunc
2437 5591 2632 5666 palam
2665 5591 2942 5653 omnibus
2975 5591 3128 5660 dico,
3161 5593 3668 5666 quemadmodum

2009 5699 2326 5757 Dominica.

2077 5771 2188 5844 (11)
2215 5775 2508 5828 Hactenus
2535 5768 2743 5828 conci].
2779 5766 3066 5827 Lemovic.
3100 5785 3138 5824 ι.
