4986 6558
0 6346 932 6558 ‘—

1449 709 1602 772 £379

1445 934 1582 990 eius.
1617 931 2016 987 absolutionem
2043 932 2374 1002 conferimus
2396 939 2756 1002 peccatorum,
2786 935 2838 987 et
2870 931 3083 986 benedi-

2391 657 2794 774 JosDANUs
2838 703 3404 776 sensusensu
3452 706 3898 772 Episcopus.

1445 861 1481 898 a
1525 845 1757 900 Domino
1813 849 1993 897 nostro
2046 811 2188 898 Jesu'
2227 842 2450 909 Christo,
2479 850 2528 898 et
2572 845 2771 898 sanctis
2826 843 3080 915 apostolis
3107 840 3165 910 Α
3193 846 3644 913 sanctorumque
3675 840 3922 896 aliorum
3945 839 4588 915 apostolorum,quibus
4609 842 4811 916 proprie

1091 0 1118 3 __
1192 0 1428 32 __
1609 1 1618 3 _

438 107 771 158 "‘"
776 137 831 185 ἐ

755 181 788 194 ’⁸
845 191 1155 247 vi
1178 228 1187 237 _
1274 228 1317 241 η
2198 221 2202 224 ,
2302 205 2311 212 -

4679 706 4812 772 1380

3195 947 3228 985 a
3249 930 3492 984 Domino
3514 929 3722 985 collata
3742 934 3830 984 est
3851 934 4108 1001 potestas
4125 929 4346 1002 ligandi
4366 935 4544 1004 atque
4560 929 4808 988 solvendi.

1446 1023 1679 1076 ctionem
1702 1023 1990 1086 aeternam,
2023 1028 2086 1074 ut
2125 1021 2265 1075 sicut
2315 1020 2577 1075 Dominus
2635 1020 2783 1074 beato
2833 1020 3009 1084 Petro,
3037 1026 3090 1074 et
3195 1017 3488 1090 Quidquid
3519 1017 3612 1072 hic
3643 1023 3842 1090 pastor
3868 1017 4032 1073 vobis
4060 1035 4096 1074 a
4125 1018 4242 1074 Deo
4292 1019 4466 1076 datus
4512 1019 4810 1083 conﬁrmat,

1448 1108 1578 1164 huic
1603 1107 1756 1164 beato
1783 1108 2043 1174 Martiali,
2076 1107 2148 1162 ad
2193 1107 2348 1178 cujus
2398 1110 2835 1164 sacratissimum
2890 1123 3086 1178 corpus

1445 1197 1779 1261 assistimus,
1808 1197 2120 1266 ceterisque
2158 1197 2418 1266 apostolis
2447 1198 2702 1252 virtutem
2742 1204 2904 1268 atque
2937 1204 3084 1267 pote-

1443 1293 1638 1341 statem
1667 1283 1882 1356 ligandi
1905 1291 2066 1356 atque
2086 1283 2330 1339 solvendi
2352 1285 2594 1340 tribuere
2616 1284 2874 1354 dignatus
2903 1286 3086 1348 est,ita

1443 1391 1478 1430 a
1502 1381 1841 1448 peccatorum
1894 1373 2126 1428 nexibus
2180 1373 2456 1429 absolvere
2499 1373 2754 1444 dignetur
2780 1388 2867 1428 eos
2895 1374 2992 1445 qui
3017 1372 3085 1426 de

1443 1478 1576 1534 pace
1599 1466 1652 1518 et
1669 1462 1893 1534 justitia
1921 1461 2024 1517 Deo
2052 1468 2104 1516 et
2125 1462 2302 1526 nobis,
2331 1463 2428 1533 qui
2467 1462 2586 1534 ejus
2617 1463 2750 1525 vice,
2783 1461 2906 1515 licet
2935 1460 3080 1514 indi-

1441 1551 1558 1620 gni,
1574 1548 2112 1622 fungimur,obedire
2137 1550 2534 1621 festinaverint.
2549 1551 2669 1620 Qui
2693 1553 2880 1604 autem
2898 1564 3081 1620 pacem

1438 1647 1682 1696 nostram
1733 1654 1846 1694 non
1895 1639 2249 1709 susceperint,
2297 1646 2558 1710 tanquam
2609 1654 2720 1694 non
2774 1638 2960 1702 Deum,
2991 1637 3082 1692 sed

1438 1727 1718 1784 diabolum
1771 1729 2072 1799 sequentes,
2119 1725 2249 1781 huic
2297 1726 2662 1790 damnationi,
2706 1742 2871 1798 quam
2926 1725 3082 1780 modo

1437 1832 1623 1873 coram
1678 1816 1910 1872 recitare
1955 1814 2289 1886 jubebimus,
2319 1815 2692 1886 subjacebunt.
2726 1814 2846 1868 Pax
2901 1821 3082 1869 autem

1435 1911 1628 1960 nostra
1657 1903 1728 1957 ad
1754 1918 1850 1958 nos
1880 1911 2190 1965 revertemr,
2224 1903 2368 1955 sicut
2411 1902 2670 1956 Dominus
2700 1902 2759 1955 in
2788 1900 3082 1968 Evangelio

1439 1993 1558 2046 ait:
1595 2012 1624 2042 «
1653 1991 1716 2046 Si
1739 1991 1908 2062 fuerit
1935 1991 2088 2060 ﬁlius
2112 1991 2278 2060 pacis,
2293 1989 2586 2060 requiescet
2605 2004 2768 2060 super
2796 1989 2957 2043 illum
2969 2005 3083 2058 pax

1437 2083 1619 2137 vestra
1640 2097 1666 2145 ;
1690 2080 1780 2135 sin
1807 2083 2010 2145 autem,
2043 2077 2114 2133 ad
2136 2094 2223 2134 vos
2252 2081 2548 2134 revertetur
2577 2078 2728 2148 (Luc.
2761 2077 2840 2147 x).
2860 2100 2882 2126 ιι
2917 2077 3082 2132 Tunc

1428 2167 1779 2241 jubentibus
1807 2167 2289 2240 episcopis,idem
2313 2165 2412 2237 qui
2445 2164 2806 2236 evangelium
2833 2181 3083 2236 pronun-

1437 2257 1684 2314 tiaverat
1727 2255 2029 2321 diaconus,
2063 2253 2148 2310 sic
2176 2253 2237 2309 in
2263 2259 2422 2309 tomo
2452 2252 2663 2308 charta:
2693 2253 2916 2309 excelsa
2947 2270 3078 2308 voce

1439 2344 1908 2402 maledictionem
1925 2359 2120 2399 coram
2143 2341 2356 2414 populo
2375 2342 2431 2397 in
2453 2341 2730 2398 tribunali
2749 2347 2882 2398 ante
2899 2341 3078 2397 altare

1437 2433 1631 2508 legere
1655 2433 1848 2506 cmpit,
1879 2432 2078 2487 dicens
2111 2449 2124 2486 :

1511 2545 1538 2573 ‹‹
1567 2521 2072 2578 Excommunicatio
2103 2521 2163 2574 in
2185 2518 2484 2574 seditiosos.
2511 2519 2587 2574 Ex
2608 2519 2951 2574 auctoritate
2974 2518 3073 2574 Dei

1438 2611 1628 2668 Patris
1657 2609 2092 2682 omnipotentis,
2125 2613 2181 2664 et
2207 2607 2354 2672 Filii,
2389 2613 2447 2664 et
2477 2608 2730 2680 Spiritus
2777 2608 2986 2675 sancti,
3020 2611 3077 2662 et

1437 2705 1646 2758 sancta
1699 2698 1794 2756 Dei
1841 2697 2140 2771 genitricis
2181 2696 2395 2762 Mariae,
2427 2696 2732 2768 sanctique
2765 2697 2911 2752 Petri
2945 2713 3078 2768 apo-

1437 2789 1719 2846 stolorum
1763 2785 2066 2860 principis,
2099 2789 2155 2840 et
2203 2784 2354 2840 beati
2407 2783 2711 2848 Martialis,
2743 2789 2799 2839 et
2829 2783 3074 2839 aliorum

1437 2876 1857 2952 apostolorum,
1890 2879 2064 2946 atque
2111 2871 2376 2928 omnium
2423 2876 2757 2928 sanctorum
2811 2874 2928 2929 Dei.
2961 2873 3076 2929 Nos

1434 2965 1712 3040 episcopi,
1727 2964 1790 3020 in
1807 2963 2042 3019 nomine
2060 2961 2157 3018 Dei
2178 2959 2503 3033 specialiter
2531 2962 2881 3034 congregati,
2896 2965 3076 3034 Aymo

1437 3053 1910 3126 archiepiscopus
1939 3049 2334 3120 Bituricensis,
2381 3049 2672 3106 Jordanus
2703 3052 2944 3107 antistes
2975 3052 3074 3107 Le-

1437 3142 1806 3207 movicensis,
1835 3139 2164 3212 Stephanus
2187 3137 2531 3206 Aniciensis,
2553 3139 2740 3195 Renco
2765 3141 3078 3196 Arvernen-

1435 3235 1544 3302 sis,
1575 3231 1994 3305 Rogamundus
2040 3228 2426 3295 Mimatcnsis,
2451 3228 2720 3284 ZEmilius
2763 3229 3072 3298 Albiensis,

1435 3321 1752 3379 Deusdedit
1781 3317 2169 3385 Caturcensis,
2205 3318 2559 3374 lsembertus
2585 3317 3073 3385 Pictavensis,Ar—

1435 3411 1648 3468 naldus
1696 3405 2197 3470 Petraeoricensis,
2230 3406 2389 3462 Roho
2445 3405 2946 3478 Engolismensis:
2979 3423 3074 3462 ex-

3194 1105 3632 1172 conﬁrmamus,
3663 1110 3720 1160 et
3775 1105 4062 1178 quidquid
4115 1106 4382 1175 destruit,
4445 1107 4809 1174 destruimus;

3191 1193 3444 1267 ligamus
3475 1211 3622 1266 quos
3655 1193 3779 1266 ipse
3807 1193 3970 1267 ligat,
4005 1194 4406 1252 benedicimus
4437 1195 4652 1268 quibus
4670 1196 4814 1251 bene-

3192 1281 3352 1337 dicit.
3388 1305 3415 1331 »
3856 1289 3862 1300 '

3262 1371 3363 1427 His
3396 1375 3452 1426 et
3481 1371 3821 1442 bujusmodi
3852 1372 4312 1444 peroratis,facto
4333 1372 4724 1440 silentio,cum
4750 1371 4812 1428 ad

3191 1458 3392 1515 horam
3408 1459 3820 1515 confractionis
3836 1460 4117 1516 liominici
4135 1461 4394 1533 corporis
4406 1465 4642 1518 ventum
4660 1465 4811 1525 esset,

3190 1552 3362 1620 atque
3384 1566 3451 1604 ex
3468 1565 3627 1604 more
3649 1549 4120 1622 archiepiscopus
4141 1549 4605 1607 benedictionem
4623 1548 4814 1624 populo

3190 1637 3475 1704 funderet,
3501 1654 3677 1708 super
3705 1637 3858 1692 beati
3891 1637 4172 1694 Martialis
4205 1639 4441 1695 nomine
4480 1638 4813 1695 mentionem

3188 1725 3544 1791 interseruit,
3572 1727 3652 1781 ita
3682 1725 3916 1782 dicens:
3945 1749 3971 1775 «
4003 1724 4315 1783 Benedicat
4339 1731 4396 1783 et
4423 1727 4712 1784 custodiat
4727 1743 4816 1781 vos

3188 1815 3556 1887 omnipotens
3582 1814 4118 1888 Deus,domumque
4140 1815 4289 1872 hanc
4305 1816 4398 1872 sui
4421 1816 4681 1872 muneris
4707 1815 4818 1888 [nu-

3189 1903 3388 1974 minis]
3413 1903 3719 1974 praesentia
3745 1902 4239 1976 illustrare,atque
4262 1922 4383 1961 sua:
4395 1903 4818 1977 pietatisoculos

3189 2008 3366 2062 super
3417 2008 3543 2046 eam
3596 1991 3688 2046 die
3730 2009 3796 2046 ac
3846 1997 4012 2046 nocte
4042 1993 4319 2065 dignetur
4346 1994 4593 2066 aperire.
4632 1995 4814 2049 Amen.

3189 2079 3592 2151 Concedatque
3624 2079 3910 2151 propitius
3936 2084 4000 2135 ut
4027 2097 4232 2136 omnes
4263 2081 4363 2153 qui
4393 2081 4467 2138 ad
4498 2082 4817 2138 solemnita-

3189 2172 3306 2223 tem
3333 2167 3786 2224 anniversariam
3819 2168 4204 2224 dedicationis
4231 2168 4411 2240 bujus
4440 2169 4692 2227 basilica:
4728 2169 4817 2226 bo-

3191 2257 3392 2312 dierua
3419 2255 3511 2311 die
3541 2256 3914 2320 convenistis,
3948 2257 4341 2313 intercedente
4372 2258 4542 2316 beato
4575 2257 4818 2316 Martiale

3187 2345 3467 2417 aposlolo,
3500 2350 3557 2400 et
3587 2344 3808 2400 caeteris
3833 2345 4053 2402 sanctis
4103 2344 4244 2412 suis,
4275 2363 4529 2418 quorum
4580 2347 4818 2420 reliquie

3187 2434 3281 2488 hic
3313 2435 3404 2506 pio
3435 2438 3783 2488 venerantur
3825 2450 4042 2502 amore,
4073 2433 4378 2490 vobiscum
4427 2435 4570 2493 hinc
4613 2435 4820 2493 veniam

3185 2528 3551 2595 peccatorum
3611 2527 3934 2577 vestrorum
3979 2527 4272 2594 reportare
4327 2523 4594 2582 valeatis.
4634 2528 4820 2581 Amen.

3183 2611 3472 2675 Quatinus
3497 2627 3699 2666 eorum
3724 2610 4052 2666 interventu
4075 2611 4186 2683 ipsi
4212 2612 4494 2685 templum
4517 2614 4702 2670 sancti
4715 2612 4822 2685 Spi-

3185 2700 3354 2765 ritus,
3387 2701 3446 2755 in
3477 2717 3592 2771 quo
3620 2705 3820 2754 sancta
3847 2699 4000 2754 Deus
4029 2700 4286 2757 Trinitas
4309 2701 4536 2774 jugitcr
4578 2702 4820 2758 habitare

3183 2787 3715 2861 diguetur,el'lici,et
3737 2793 3865 2860 post
3887 2787 4066 2859 hujus
4087 2787 4214 2842 vita:
4238 2787 4492 2846 labentis
4525 2805 4819 2847 excursum

3183 2877 3254 2932 ad
3286 2876 3499 2950 gaudia
3528 2880 3742 2932 aeterna
3791 2875 4034 2932 feliciter
4077 2877 4376 2949 pervenire
4405 2879 4766 2945 mereamini,
4794 2899 4818 2926 ι»

3183 2971 3233 3022 et
3261 2971 3452 3020 caetera
3481 2983 3599 3037 quae
3629 2968 3687 3020 in
3717 2966 4008 3036 episcopali
4030 2966 4398 3022 benedictione
4419 2969 4670 3039 proferri
4703 2966 4820 3022 soli-

3182 3059 3300 3110 tum
3327 3054 3743 3110 est.Secundus
3763 3059 3956 3109 tamen
3979 3053 4403 3111 benedictionis
4426 3055 4526 3112 ille
4549 3072 4748 3112 versus
4769 3053 4819 3108 in

3183 3159 3250 3198 eo
3280 3142 3495 3209 codice,
3527 3142 3680 3198 sicut
3707 3147 3764 3198 et
3793 3143 3851 3196 in
3883 3141 4184 3198 nonnullis
4213 3142 4366 3211 aliis,
4422 3160 4643 3202 nomen
4682 3139 4820 3198 beati

3180 3231 3422 3289 Joannis
3447 3230 3814 3302 evangelista:
3845 3230 4192 3302 inscriptum
4215 3231 4586 3302 continebat;
4609 3245 4818 3296 verum,

3184 3327 3250 3376 ut
3271 3321 3410 3386 dixi,
3441 3320 3514 3376 ob
3544 3319 3654 3375 loci
3707 3319 4032 3375 festivitatis
4063 3321 4587 3392 Opportunitatem,
4631 3335 4820 3378 conve-

3184 3410 3409 3466 nienter
3436 3414 3489 3463 et
3521 3407 3786 3463 consulto
3816 3407 3936 3462 haec
3966 3407 4476 3464 circumstantium
4511 3409 4822 3482 peritorum

1435 3497 1937 3557 communicamus
1968 3495 2100 3550 illos
2129 3493 2345 3551 milites
2375 3495 2446 3550 de
2478 3494 2589 3550 isto
2613 3494 2945 3567 episcopatu
2981 3495 3077 3550 Le-
3114 3566 3145 3572 _
3183 3517 3426 3556 assensu
3461 3499 3531 3552 ab
3554 3496 3987 3568 archiepiscOpo
4011 3495 4068 3550 in
4093 3497 4245 3553 beati
4267 3497 4556 3556 Martialis
4577 3497 4821 3572 proprio-

1434 3587 1768 3654 movicensi,
1801 3586 1904 3658 qui
1945 3599 2144 3658 pacem
2190 3588 2246 3639 et
2293 3583 2588 3654 justitiam
2643 3566 2914 3656 episcopo
2965 3602 3072 3641 suo
3105 3566 3148 3634 (ἶ
3183 3593 3300 3644 tate
3330 3591 3387 3644 et
3415 3586 3601 3660 gloria
3629 3566 3785 3640 dicta
3811 3566 3970 3641 sunt.
4002 3585 4165 3652 Quod
4206 3584 4372 3643 valde
4421 3566 4650 3660 placuit
4677 3566 4824 3644 omni

1435 3677 1687 3743 ﬁrmare,
1715 3675 1869 3731 sicut
1899 3673 2024 3746 ipse
2071 3672 2267 3745 exigit,
2319 3671 2526 3728 nolunt
2579 3679 2683 3728 aut
2737 3673 3070 3730 noluerunt.

1437 3763 1725 3822 Maledicti
1757 3763 1870 3836 ipsi
1901 3768 1958 3818 et
1981 3761 2278 3832 adjutores
2297 3777 2499 3817 eorum
2525 3761 2583 3816 in
2615 3760 2836 3818 malum
2861 3779 2875 3816 :
2903 3762 3076 3818 male-

1433 3853 1590 3910 dicta
1633 3868 1799 3908 arma
1844 3866 2068 3918 eorum,
2102 3854 2160 3904 et
2183 3849 2391 3904 caballi
2421 3849 2654 3906 illorum
2689 3868 2703 3906 :
2735 3855 2907 3906 erunt
2938 3868 3073 3908 cum

1433 3941 1574 3998 Cain
1601 3938 1920 4009 fratricida,
1945 3941 2004 3994 et
2031 3954 2164 3993 cum
2193 3937 2346 3992 Juda
2390 3938 2687 4006 traditore,
2715 3942 2772 3994 et
2799 3955 2933 3995 cum
2969 3945 3074 3996 Da-

1435 4030 1581 4086 than
1611 4033 1670 4086 et
1698 4029 1936 4095 Abiron,
1965 4026 2064 4099 qui
2084 4027 2196 4082 vivi
2219 4026 2567 4084 introierunt
2585 4027 2644 4082 in
2667 4027 2983 4085 infernum.
3005 4029 3076 4086 Et

1437 4120 1588 4176 sicut
1616 4118 1705 4174 hae
1736 4116 1984 4173 lucernae
2009 4115 2464 4188 exstinguuntur
2480 4115 2539 4171 in
2557 4116 2742 4174 oculis
2761 4118 3077 4188 vestris,ita

1435 4191 1719 4282 gaudium
1748 4221 1948 4262 eorum
1980 4204 2382 4277 exstinguetur
2410 4204 2469 4259 in
2501 4211 2814 4278 conspectu
2845 4215 3074 4266 sancto-

1435 4313 1567 4352 rum
1585 4293 1946 4368 angelorum,
1960 4293 2072 4350 uisi
2094 4297 2229 4349 ante
2250 4296 2496 4348 mortem
2516 4294 2587 4349 ad
2617 4294 3073 4354 satisfactionem

1434 4387 1610 4456 atque
1639 4381 2104 4440 emendationem
2134 4381 2256 4437 sive
2283 4381 2684 4454 pmnitentiam
2713 4383 2952 4457 dignam
2977 4403 3073 4444 ve-

1435 4471 1632 4528 nerint
1657 4471 1717 4526 in
1738 4470 2028 4543 judicium
2061 4469 2317 4542 episcopi
2349 4468 2460 4526 sui.
2498 4491 2525 4518 »

1505 4561 1722 4618 Omnes
1739 4559 1996 4634 episcopi
2013 4565 2070 4616 et
2086 4559 2402 4634 presbyteri
2430 4560 2702 4618 candelas
2727 4564 2998 4622 ardentes
3014 4566 3074 4633 in

1435 4650 1712 4707 manibus
1739 4653 2024 4716 tenentes,
2057 4665 2192 4704 mox
2238 4665 2337 4704 eas
2367 4648 2426 4704 in
2458 4654 2674 4706 terram
2704 4653 3076 4724 projicientes

1433 4737 1856 4796 exstinxerunt.
1884 4739 1967 4794 Ad
2000 4737 2155 4810 quod
2185 4737 2426 4792 verbum
2457 4753 2557 4794 cor
2576 4739 2773 4811 populi
2794 4740 2960 4798 valde
2979 4759 3074 4798 ex-

1434 4827 1609 4901 pavit,
1625 4831 1680 4884 et
1709 4843 1913 4884 omnes
1941 4825 2357 4894 clamaverunt,
2373 4825 2629 4882 dicentes
2655 4845 2668 4883 :
2705 4829 2845 4885 «Sic
2865 4831 3078 4887 exstin.

3182 3676 3446 3734 Ecclesia:
3477 3691 3713 3732 summo
3760 3691 3955 3730 amore
4001 3679 4059 3730 et
4100 3674 4380 3747 tripudio.
4423 3675 4822 3733 Certissimum

3181 3767 3397 3839 quippe
3443 3769 3710 3820 tenemus
3759 3779 3827 3818 ea
3873 3761 4100 3836 placere
4151 3763 4394 3836 Spiritui
4443 3770 4678 3833 sancto,
4709 3779 4824 3837 quae

3182 3853 3568 3928 plurimorum
3589 3851 3850 3907 ﬁdelium
3875 3866 4163 3906 consensu
4187 3852 4244 3906 in
4262 3867 4443 3908 unam
4464 3852 4823 3909 voluntatem

3180 3927 3552 4012 conveniunt,
3605 3941 3774 4012 juxta
3821 3939 3978 4011 quod
4037 3939 4322 4012 scriptum
4355 3945 4446 3996 est
4478 3957 4493 3996 :
4527 3927 4825 3997 Multitudi-

3179 4035 3267 4088 nis
3295 4035 3476 4088 autem
3505 4030 3840 4086 credentium
3882 4032 3999 4084 erat
4027 4044 4120 4084 cor
4165 4045 4340 4084 unum
4387 4033 4440 4084 et
4489 4033 4687 4086 anima
4727 4042 4826 4083 una

3183 4123 3315 4194 (Act.
3349 4123 3445 4188 1v).

3252 4209 3569 4266 Claudentc
3601 4207 3727 4262 luce
3747 4205 4113 4272 diem,ﬁnitis
4134 4206 4483 4279 vespertinis
4509 4205 4827 4270 solemniis,

3179 4297 3447 4354 Emilius
3479 4295 3755 4368 pontifex.
3786 4295 4114 4350 veneranda
4159 4295 4372 4351 canitie
4419 4297 4748 4369 angelicas,
4778 4293 4830 4348 in

3180 4388 3384 4444 eadem
3428 4384 3690 4452 basilica,
3721 4383 3893 4451 hanc,
3944 4387 4180 4456 propter
4233 4384 4638 4456 patrocinium
4691 4379 4832 4440 beati

3181 4472 3481 4540 Martialis,
3543 4471 4011 4528 benedictionem
4073 4471 4238 4528 dedit
4291 4471 4535 4545 populo,
4593 4473 4830 4530 dicens:

3182 4561 3449 4619 «Omnis
3479 4559 3579 4632 qui
3628 4577 3730 4615 vos
3780 4559 3839 4614 in
3890 4557 4227 4631 apostolicis
4275 4559 4489 4616 tribuit
4518 4562 4833 4618 consistam

3181 4649 3600 4716 fundamentis,
3624 4646 3965 4703 benedicere
3985 4664 4088 4703 vos
4108 4647 4402 4720 dignetur,
4417 4648 4581 4706 beati
4606 4647 4837 4706 Martia-

3183 4739 3257 4796 lis
3287 4735 3532 4811 apostoli
3565 4737 3656 4792 sui
3687 4733 4209 4791 intervenientibus
4241 4735 4491 4804 meritis,
4528 4761 4559 4787 ››
4592 4742 4696 4794 etc.

3179 4829 3499 4899 sequuntur.
3515 4822 3766 4880 Consilio
3785 4827 3980 4879 autem
4012 4823 4176 4891 inito,
4210 4823 4468 4897 episcopi
4489 4825 4833 4897 semetipsos

1434 4920 1576 4989 guat
1601 4917 1756 4974 Deus
1786 4916 2044 4972 laetitiam
2075 4933 2277 4972 eorum
2310 4915 2410 4988 qui
2440 4932 2646 4988 pacem
2695 4921 2752 4974 et
2783 4919 3076 4990 justitiam
3105 4934 3154 5000 Ι)
3185 4914 3532 4970 altrinsecus
3552 4915 3906 5000 monuerunt
3928 4916 4012 5000 ut,
4033 4911 4306 5000 tarditate
4329 4912 4835 4985 remota,crastino

1435 5005 1732 5078 uscipere
1761 5005 1986 5062 nolunt.
2017 5027 2046 5055 η

1507 5093 1610 5150 His
1653 5093 1844 5159 dictis,
1875 5093 2150 5148 dominus
2195 5093 2487 5152 Jordanus
2517 5093 2600 5150 ait
2629 5094 2701 5152 ad
2735 5096 3014 5169 populum
3059 5116 3073 5155 :

1434 5181 1562 5238 Haec
1590 5181 1755 5237 verba
1780 5181 2176 5237 maledictionis
2205 5182 2386 5238 eodem
2413 5183 2562 5238 dicta
2605 5192 2732 5239 sunt
2759 5192 2941 5242 tenore
2967 5203 3078 5241 nu-

1429 5271 1673 5342 perrime
1702 5270 1765 5325 in
1785 5277 1966 5324 sancto
2011 5271 2238 5328 concilio
2256 5273 2626 5340 _Bituricensi
2651 5274 2709 5328 in
2741 5273 3078 5332 adversarios

1429 5357 1605 5430 pacis.
1635 5356 2099 5428 Quemadmodum
2143 5368 2326 5416 autem
2373 5361 2517 5416 inter
2563 5361 2942 5432 Bituricenses,
2973 5365 3078 5420 Deo

1433 5445 1691 5511 danaiue,
1719 5461 1833 5516 pax
1857 5447 2076 5518 ﬁrmata
2102 5457 2200 5514 est,
2233 5450 2313 5503 ita
2362 5449 2508 5502 inter
2553 5448 2952 5508 Lemovicenses
2977 5469 3076 5524 pa-

1431 5549 1550 5590 cem
1574 5535 1700 5606 ﬁeri
1719 5543 1980 5607 optamus.
2007 5536 2147 5592 Post
2175 5535 2296 5590 haec
2317 5533 2534 5607 singuli
2563 5535 2991 5611 episcoporum,
3023 5546 3082 5597 et

1434 5619 1681 5679 ultimus
1711 5623 2292 5698 archiepiscopus,de
2308 5637 2450 5693 pace
2476 5623 2758 5694 populum
2781 5643 3078 5698 monuere,

1433 5710 1730 5768 dicentes:
1765 5735 1794 5765 «
1817 5713 1979 5770 Sicut
2008 5714 2209 5784 pastor
2233 5714 2426 5766 vester
2467 5726 2599 5766 ecce
2625 5713 2891 5784 praedixit
2917 5717 3082 5773 vobis

1434 5799 1506 5856 de
1536 5815 1696 5873 pace,
1727 5799 1810 5857 ita
1838 5815 1948 5858 nos
1977 5801 2106 5870 ejus
2135 5796 2293 5853 dicta
2323 5796 2629 5856 ﬁrmamus
2657 5817 2774 5858 uno
2799 5804 2994 5872 corde,
3027 5809 3087 5862 et

1434 5903 1553 5942 uno
1579 5903 1891 5954 consensu,
1908 5904 1978 5944 ex
1998 5885 2339 5943 auctoritate
2370 5885 2684 5946 Salvatoris
2705 5889 2738 5946 J
2742 5906 2849 5946 esu
2869 5891 3084 5948 Christi

1435 5972 1672 6040 Domini
1703 5974 1912 6049 nostri,
1933 5977 1990 6032 et
2016 5973 2170 6035 beati
2201 5973 2376 6046 Petri,
2391 5979 2566 6052 atque
2590 5976 2744 6036 beati
2776 5977 3086 6061 Martialis,

3181 5003 3347 5059 valde
3377 5017 3568 5068 mane,
3601 4999 3758 5072 quod
3789 4998 3980 5056 illuxit
4009 5003 4170 5056 sexta
4203 4999 4366 5069 feria,
4397 5001 4473 5058 ad
4525 5001 4834 5060 concilium

3184 5092 3390 5148 iterato
3407 5094 3750 5162 cogerentur
3770 5089 3829 5143 in
3854 5089 4227 5153 unnm.0uod
4253 5087 4506 5162 qualiter
4527 5096 4735 5148 actum
4747 5089 4838 5151 sit,

3185 5179 3452 5252 sequenti
3481 5177 3725 5233 lectione
3774 5177 3974 5248 paucis
4023 5177 4472 5250 perstringenda
4521 5176 4836 5236 reservabi-

3187 5265 3722 5341 mus,postulantes
3741 5265 4058 5322 Dominum
4087 5270 4153 5321 ut
4181 5265 4351 5322 utilia
4375 5281 4504 5339 qua
4530 5261 4842 5338 oculisipsi

3183 5359 3459 5423 vidimus,
3485 5360 3542 5412 et
3569 5355 3814 5411 auribus
3845 5359 4156 5427 prmsentes
4178 5355 4837 5424 audivimus,memoris

3187 5452 3397 5504 nostris
3431 5459 3740 5518 suggerere
3771 5443 3843 5499 ad
3873 5442 4085 5500 litteris
4117 5444 4525 5501 mandandum
4573 5446 4843 5519 dignetur

3187 5535 3340 5592 Deus
3370 5539 3428 5591 et
3469 5533 3750 5590 Dominus
3781 5536 3979 5588 noster
4019 5532 4196 5589 Jesus
4224 5532 4518 5599 Christus,
4554 5549 4697 5591 cum
4736 5545 4840 5604 quo

3188 5628 3277 5680 est
3301 5621 3488 5696 gloria
3515 5620 3671 5676 Patri
3721 5637 3839 5676 una
3866 5637 4002 5676 cum
4058 5620 4281 5692 Spiritu
4329 5627 4562 5691 sancto,
4599 5639 4708 5696 per
4743 5621 4840 5678 im-

3189 5711 3460 5768 mortalia
3487 5708 3703 5769 saecula
3731 5708 4105 5781 sempiterna.
4134 5711 4340 5766 Amen.

3978 5915 4048 5930 II.-
