4986 6442
696 423 713 477 ⁷
801 466 939 531 ηει

1437 600 1679 658 SESSIO
1721 602 1790 659 Il.

800 691 1070 747 Cclebrata
1098 705 1198 746 xm
1230 690 1497 745 Kalendas
1518 692 1839 747 Decembris.
1857 723 1924 732 ——
1940 694 2151 747 Inserta
2173 700 2248 748 est
2273 709 2431 749 enar-

865 764 999 818 ratio
1031 778 1218 817 rerum
1254 764 1315 816 in
1367 762 1597 818 concilio
1652 763 2021 819 Lemovicensi
2048 781 2067 818 1
2096 780 2239 819 anno
2277 765 2427 820 lOl9.

863 841 1147 905 gestarum.

862 956 1120 1014 Secundo
1150 955 1372 1012 interea
1409 956 1640 1013 concilii
1672 958 1785 1025 die,
1810 963 1943 1031 post
1972 958 2430 1014 anniversariam

792 1045 1099 1102 Dominicaa
1123 1045 1375 1101 basilica;
1399 1045 1829 1103 solemnitatem
1845 1063 2429 1120 excursam,surgen-

793 1143 877 1191 tes
906 1133 1159 1206 episcopi
1179 1134 1251 1191 ad
1286 1133 1651 1205 psallendum
1685 1140 1818 1192 ante
1846 1135 2058 1203 lucem,
2090 1142 2262 1208 atque
2294 1152 2429 1191 cum

792 1240 996 1281 aurora
1033 1221 1183 1277 lucis
1212 1222 1377 1279 daret
1407 1223 1663 1294 primum
1691 1224 1926 1279 initium
1957 1223 2068 1295 ipsi
2088 1224 2430 1291 diei,altaris

792 1304 1129 1384 mysterium
1149 1311 1396 1367 Domino
1428 1310 1845 1383 persolventes,
1875 1312 2041 1367 valde
2065 1329 2254 1380 mane,
2275 1317 2428 1368 ante.

789 1416 964 1473 quam
980 1398 1196 1456 clarius
1212 1398 1596 1466 illucesceret,
1620 1401 1689 1456 ad
1711 1400 2014 1457 basilicam
2036 1405 2247 1456 sanctae
2272 1401 2429 1457 sedis

790 1488 1108 1562 aggregati,
1136 1488 1824 1562 congruentietdisposto
1846 1490 2049 1545 ordine
2068 1489 2430 1545 intraverunt

786 1576 861 1633 ad
892 1572 1226 1633 concilium.
1263 1576 1551 1632 Litaniam
1576 1577 1853 1649 imposuit
1868 1577 1983 1632 illis
2014 1579 2200 1632 tribus
2221 1577 2429 1633 diebus

776 1666 906 1737 jam
934 1664 1129 1721 dictus
1162 1665 1418 1721 domnus
1464 1666 1800 1735 Azenerius,
1857 1665 2209 1721 venerabilis
2266 1670 2430 1737 pater

784 1753 1274 1810 monasteriorum
1292 1753 1480 1808 sancti
1507 1754 1741 1809 Martini
1769 1752 2429 1821 Masciacensis,Sancti-

786 1857 900 1915 que
927 1841 1222 1898 Benedicti
1255 1841 1658 1909 Floriacensis,
1693 1841 1791 1914 qui
1822 1859 1940 1897 una
1978 1859 2113 1898 cum
2163 1841 2426 1897 antistite

784 1929 1129 1987 Bituricensi
1157 1930 1230 1986 ad
1255 1930 1564 1987 concilium
1589 1931 1995 1987 Lemovicense
2024 1930 2424 1986 advenerat.In

793 2017 1243 2091 quibuslitaniis
1264 2019 1498 2074 beatum
1520 2018 1841 2074 Martialem
1857 2018 2010 2073 inter
2028 2018 2274 2074 aliorum
2297 2036 2429 2091 apo-

792 2106 1077 2164 stolorum
1107 2106 1346 2163 nomina
1373 2107 1695 2163 enuntiavit
1724 2124 1827 2179 per
1846 2106 2112 2180 singulos
2132 2107 2427 2162 dies.Nam

780 2196 905 2253 haec
934 2194 1019 2251 illi
1052 2200 1111 2252 et
1140 2195 1264 2251 suis
1319 2196 1561 2268 antiqua
1608 2196 1797 2252 inerat
1837 2196 2217 2265 consnetudo,
2278 2195 2429 2251 sicut

779 2286 910 2359 ipse
956 2284 1180 2340 cunctis
1214 2284 1272 2339 in
1329 2284 1574 2340 concilio
1606 2283 1842 2357 publice
1892 2284 2260 2357 praedicabat.
2296 2284 2429 2338 Erat

776 2378 977 2429 autem
994 2371 1641 2446 appprimeliberalium
1664 2372 1878 2428 artium
1893 2372 2137 2444 peritus,
2158 2371 2257 2443 qui
2281 2372 2311 2425 d
2324 2372 2428 2427 ice-

774 2463 888 2518 hat
914 2460 1084 2517 valde
1114 2460 1236 2517 tieri
1295 2461 1733 2527 inconveniens,
1767 2477 1901 2517 eum
1952 2460 2050 2532 qui
2082 2464 2426 2533 potestatem

771 2550 1002 2623 ligandi
1024 2552 1081 2605 et
1099 2548 1362 2606 solvendi
1388 2566 1420 2604 a
1435 2550 1819 2622 Redemptore
1841 2567 1973 2605 cum
1997 2548 2125 2604 aliis
2148 2548 2427 2620 apostolis

775 2642 1104 2711 acceperat,
1136 2636 1288 2694 inter
1313 2654 1413 2694 eos
1461 2642 1695 2694 sanctos
1753 2638 1855 2710 qui
1912 2654 2027 2693 non
2086 2641 2429 2710 acceperant

777 2726 1106 2802 pradicari.
1140 2726 1301 2783 Licet
1326 2727 1481 2782 enim
1541 2743 1713 2782 omne
1767 2724 2024 2798 episcopi
2080 2730 2425 2796 potestatem

775 2816 1042 2873 habeant
1069 2814 1291 2888 ligandi
1321 2819 1378 2871 et
1397 2814 1684 2883 solvendi,
1715 2830 1831 2869 non
1856 2817 2050 2869 tamen
2071 2830 2199 2869 eam
2221 2830 2256 2868 a
2271 2813 2429 2868 Chri-

770 2909 873 2962 sto
899 2901 1169 2975 privatim
1202 2901 1298 2959 alii
1333 2906 1702 2974 acceperunt,
1734 2900 1847 2958 nisi
1904 2902 2308 2957 tantummodo
2340 2900 2423 2956 illi

774 2991 888 3066 qui
918 3007 1055 3046 eum
1087 2990 1147 3045 in
1177 3007 1350 3046 carne
1379 2991 1568 3046 beatis
1599 2990 1784 3045 oculis
1815 2988 2086 3045 viderunt
2140 2992 2197 3042 et
2239 2989 2423 3044 secuti

777 3083 948 3147 sunt,
973 3082 1030 3136 et
1058 3080 1131 3135 ab
1183 3096 1249 3135 eo
1281 3079 1717 3152 praedicandum
1770 3078 1936 3133 missi
1983 3083 2158 3146 sunt;
2201 3077 2426 3133 dicente

772 3167 1037 3226 Domino
1067 3183 1083 3226 :
1114 3166 1264 3223 Sicut
1291 3169 1443 3222 misit
1470 3184 1556 3223 me
1582 3169 1766 3234 Pater,
1798 3175 1848 3223 et
1877 3182 1972 3236 ego
2001 3168 2153 3222 mitto
2184 3182 2290 3222 vos.
2321 3168 2428 3221 Hoc

772 3274 913 3316 cum
940 3255 1182 3324 dixisset,
1214 3257 1541 3327 insufﬂauit,
1573 3265 1625 3312 et
1652 3256 1795 3311 dixit
1823 3257 1902 3312 eis
1931 3273 1951 3311 :
1980 3256 2214 3326 Accipite
2249 3254 2425 3327 Spiri-

1828 471 2029 533 ACTA
2073 471 2403 535 CONCILII
2454 472 3026 537 LEMOVICENSIS
3071 473 3148 536 ll.

2455 606 2511 671 Α
2542 605 2806 659 membra
2827 604 2934 661 hoc
2957 605 3111 661 idem
3134 605 3416 661 debemus
3432 604 3746 678 suscipere,
3762 610 3817 662 et
3837 608 3994 662 omni
4015 624 4184 665 vene-

4028 476 4180 537 1382

2538 693 2761 747 ratione
2792 691 3062 765 amplecti
3094 710 3107 761 ;
3140 697 3198 748 et
3242 693 3381 766 quia
3427 695 3528 767 qui
3579 698 3921 766 potestatem
3959 695 4180 768 ligandi

2539 784 2713 853 atque
2744 780 3002 837 solvendi
3032 781 3263 854 proprie
3293 798 3327 837 a
3352 781 3599 850 Christo,
3630 782 3691 838 in
3722 783 3891 839 terris
3920 783 3979 839 in
4009 800 4181 841 carne

2539 865 2729 923 adhuc
2760 869 3024 942 degente,
3055 875 3424 942 acceperunt,
3459 872 3679 943 absque
3728 871 3907 927 dubio
3936 872 4184 944 apostoli

2540 962 2716 1024 sunt;
2746 962 2802 1012 et
2832 958 2971 1029 quia
3009 974 3179 1013 nemo
3223 959 3616 1015 contradicere
3645 976 3778 1015 vero
3807 963 4015 1032 potest,
4047 961 4182 1017 bea-

2537 1048 2663 1099 tum
2696 1045 3018 1103 Martialem
3050 1063 3084 1100 a
3111 1045 3338 1103 Christo
3369 1045 3429 1102 in
3459 1047 3632 1103 terris
3678 1046 3739 1103 in
3790 1064 3962 1105 carne
3992 1048 4185 1106 adhuc

2538 1132 2781 1204 degente
2828 1138 3172 1205 potestatem
3204 1133 3423 1207 ligandi
3473 1139 3529 1190 et
3578 1134 3839 1192 solvendi
3878 1154 4012 1193 cum
4044 1137 4185 1194 reli-

2539 1221 2671 1293 quis
2710 1222 2991 1293 apostolis
3034 1223 3346 1295 accepisse.
3380 1224 3576 1279 Sancti
3626 1225 3801 1280 etiam
3833 1225 4098 1282 doctores
4128 1230 4187 1283 et

2537 1314 2733 1382 patres
2765 1310 2946 1366 nostri
2975 1311 3218 1383 antiqui,
3251 1311 3532 1367 columnae
3572 1312 3839 1368 Ecclesia:
3890 1314 4181 1384 fortiores,

2534 1399 2900 1470 proclamant
2929 1417 3133 1456 omnes
3158 1400 3257 1472 qui
3280 1401 3594 1456 Dominum
3617 1401 3675 1456 in
3697 1418 3868 1458 carne
3890 1401 4181 1471 viderunt,

2534 1503 2787 1559 eumque
2816 1492 3017 1560 postea
3046 1488 3527 1561 praedicaverunt,
3554 1488 3735 1546 fuisse
3765 1489 4058 1562 apostolos
4085 1508 4185 1564 ap.

2535 1574 2798 1646 pellatos.
2826 1576 2892 1631 Et
2924 1576 3055 1648 quis
3086 1576 3381 1648 negaverit
3400 1577 3636 1632 beatum
3667 1581 3977 1649 patronum
4000 1578 4182 1635 istum

2535 1664 2749 1721 vidisse
2761 1664 3074 1720 Dominum
3093 1665 3152 1721 in
3165 1668 3428 1733 earne,et
3439 1681 3572 1720 eum
3585 1670 3787 1738 postea
3797 1666 4183 1739 pradicasse?

2535 1751 2749 1808 Paulus
2781 1769 3012 1825 quoque
3033 1754 3236 1809 doctor
3256 1752 3520 1827 gentium
3544 1753 3709 1823 alios,
3729 1756 3984 1828 exceptis
4006 1756 4185 1813 unde-

2535 1842 2670 1910 cim,
2703 1841 2907 1897 scribit
2935 1857 3062 1898 esse
3093 1845 3408 1914 apostolos,
3439 1842 3640 1899 dicens
3666 1861 3679 1899 :
3713 1845 3980 1916 Apparuit
4004 1845 4189 1902 Demi-

2536 1947 2640 1986 nus
2685 1929 2981 1995 undecim;
3012 1930 3205 1986 deinde
3251 1932 3508 2003 apostolis
3558 1933 3810 1988 omnibus
3839 1933 3887 2005 (ι
3910 1932 4030 1990 Cor.
4061 1934 4180 2006 xv),

2537 2020 2644 2076 hoc
2673 2024 2760 2075 est
2781 2018 3153 2092 septuaginta
3177 2019 3428 2086 duobus,
3453 2020 3524 2075 de
3543 2020 3761 2092 quibus
3786 2020 4185 2079 indubitanter

2536 2125 2718 2163 unum
2738 2124 2865 2164 esse
2882 2108 3174 2163 credimus
3192 2108 3426 2164 beatum
3446 2108 3789 2165 Martialem.
3804 2109 3952 2166 Nam
3972 2114 4181 2167 etcum

2535 2196 2822 2252 Dominus
2853 2196 3069 2251 diceret
3101 2212 3114 2250 :
3148 2198 3335 2252 Nonne
3363 2212 3453 2253 vos
3481 2197 3765 2269 duodecim
3791 2199 3977 2272 elegi?
4003 2199 4180 2272 (Joan.

2534 2288 2637 2353 v1.)
2668 2284 2937 2355 nunquid
2967 2283 3112 2338 dixit
3145 2301 3157 2337 :
3191 2283 3394 2340 Nonne
3423 2302 3522 2340 vos
3549 2285 3858 2344 duodecim
3887 2288 4182 2359 apostolos

2534 2373 2723 2447 elegi?
2754 2372 2950 2429 Potius
2999 2372 3372 2441 subauditur,
3415 2373 3728 2445 discipulos,
3762 2378 3911 2431 teste
3956 2374 4183 2433 Joanne

2535 2460 2906 2534 evangelista,
2926 2461 3027 2532 qui
3055 2461 3135 2516 ait
3157 2479 3170 2518 :
3194 2462 3352 2517 Multi
3373 2462 3765 2534 discipulorum
3782 2464 3898 2535 ejus
3927 2465 4184 2521 abierunt

2535 2558 2696 2619 retro,
2729 2554 2781 2606 et
2801 2551 2923 2621 jam
2953 2566 3058 2606 non
3090 2567 3213 2605 cum
3257 2551 3355 2605 illo
3405 2552 3757 2607 ambulabant
3788 2551 3994 2624 (lbid.).
4026 2551 4182 2608 Dixit

2535 2655 2670 2711 ergo
2727 2639 2899 2719 Jesus
2956 2638 3027 2693 ad
3084 2638 3414 2704 duodecim,
3442 2638 3813 2706 subauditur,
3861 2639 4178 2711 discipulos.

2535 2728 2721 2783 Nonne
2743 2743 2831 2782 vos
2850 2726 3151 2793 duodecim,
3171 2726 3650 2799 subintelligitur,
3669 2727 3986 2800 discipulos,
4001 2730 4144 2799 elegi
4156 2733 4183 2784 ἵ

2534 2815 2603 2870 Et
2634 2815 2885 2887 profecto
2917 2820 3143 2870 constat
3184 2814 3619 2870 multitudinem
3652 2816 3830 2871 fuisse
3865 2816 4180 2889 discipulo-

2535 2921 2664 2957 rum
2699 2903 2949 2969 Domini,
2982 2902 3230 2974 illosque
3278 2903 3608 2974 specialiter
3638 2904 3818 2960 fuisse
3861 2905 4176 2977 apostolos,

2535 3009 2683 3064 quos
2705 2991 2826 3063 ipse
2849 2992 3134 3046 Dominus
3152 2990 3343 3062 elegit,
3363 2995 3419 3045 et
3440 2990 3602 3045 misit
3622 2992 3692 3046 ad
3717 2993 4175 3063 praedicandum.

2535 3080 2736 3135 Nonne
2774 3078 2937 3134 electi
2981 3081 3055 3134 ad
3107 3079 3539 3151 praedicandum
3573 3081 3809 3136 fuerunt
3839 3080 3922 3137 illi
3948 3083 4021 3138 de
4049 3083 4179 3156 qui-

2535 3169 2645 3223 bus
2690 3169 2875 3247 Lucas
2923 3168 3004 3223 ait
3051 3157 3449 3240 evangelista:
3480 3168 3793 3237 Designavit
3832 3171 4094 3227 Dominus
4129 3179 4185 3229 et

2534 3251 2671 3313 alios
2698 3258 3047 3328 septuaginta
3075 3256 3227 3323 duos,
3257 3259 3311 3312 et
3337 3258 3486 3312 misit
3516 3257 3659 3325 illos,
3690 3256 3876 3313 dicens
3905 3275 3925 3314 :
3952 3260 4180 3325 Ite,ecce

767 3356 906 3406 tum
931 3349 1179 3401 sanctum
1214 3356 1494 3417 :‘quorum
1519 3346 1842 3401 remiseritis
1864 3353 2104 3416 peccata,
2137 3345 2425 3399 remittun-
2455 3333 2499 3402 C
2534 3361 2629 3414 ego
2657 3346 2813 3401 mitto
2861 3361 2951 3400 vos
2997 3346 3138 3400 sicut
3181 3362 3350 3414 agnos
3400 3346 3546 3401 inter
3591 3346 3744 3417 lupos
3773 3346 3921 3419 (Luc.
3952 3348 4031 3419 χ).
4064 3348 4177 3405 Sed

766 3446 871 3495 tus
901 3436 1022 3501 eis;
1054 3442 1106 3491 et
1131 3451 1365 3507 quorum
1415 3436 1776 3501 retinueritis,
1826 3439 2040 3490 retenta
2093 3441 2221 3489 sunt
2245 3435 2422 3504 (Joan.

760 3522 917 3595 xx.)
947 3522 1124 3579 Porro
1154 3540 1289 3579 cum
1322 3527 1588 3580 orassent
1632 3539 1836 3579 omnes
1883 3522 1944 3577 in
1988 3538 2194 3587 unum,
2243 3525 2300 3576 et
2322 3522 2425 3578 ab-

760 3611 1191 3673 archidiacono
1221 3612 1359 3668 data
1386 3615 1543 3668 esset
1572 3628 1833 3684 congrua
1862 3609 2053 3677 lectio,
2112 3613 2170 3665 et
2216 3609 2426 3667 deinde

756 3700 1163 3772 consequenti
1192 3699 1396 3757 ordine
1426 3699 1497 3755 ab
1528 3716 1595 3755 eo
1626 3699 1724 3772 qui
1754 3699 1994 3754 verbum
2017 3697 2425 3754 declamatorie

744 3789 1125 3867 jubentihus
1154 3788 1445 3862 episcopis
1502 3788 1655 3856 fecit,
1684 3787 1949 3843 doctrina
1986 3804 2053 3842 ex
2109 3785 2426 3860 Scripturis

757 3876 1001 3937 divinis
1030 3881 1088 3933 et
1116 3878 1186 3934 de
1215 3878 1328 3933 ﬁde
1359 3876 1643 3933 catholica
1674 3875 2041 3950 promulgata
2083 3881 2239 3932 esset
2271 3892 2288 3932 :
2318 3875 2425 3932 ite-

760 3983 922 4025 rum
953 3966 1107 4022 inter
1134 3967 1439 4039 episcopos
1475 3982 1665 4022 sermo
1694 3965 1928 4021 habitus
1960 3970 2050 4021 est
2073 3965 2145 4021 de
2184 3966 2424 4021 veritate

745 4053 1153 4128 requirenda,
1185 4058 1245 4111 et
1283 4071 1470 4126 usque
1499 4055 1573 4111 ad
1628 4058 1876 4110 mortem
1938 4054 2318 4122 observanda,
2351 4054 2423 4109 de

742 4142 1012 4204 fallacia
1035 4142 1294 4198 notanda
1321 4146 1379 4199 et
1391 4143 1461 4198 ad
1477 4141 1729 4198 nihilum
1743 4142 2077 4215 redigenda,
2091 4142 2418 4214 dejustitia,

739 4236 839 4293 de
873 4246 1042 4305 pace,
1073 4232 1144 4287 de
1167 4231 1408 4288 Patrum
1442 4231 1676 4288 statutis
1701 4230 2114 4287 inviolabiliter
2131 4231 2418 4288 tenendis.

736 4324 831 4383 In
890 4318 1106 4393 primis
1159 4319 1383 4392 itaque,
1442 4323 1758 4392 antequam
1811 4320 1884 4376 de
1924 4319 2221 4392 aliquibus
2272 4319 2423 4376 inter

730 4408 1084 4485 episcopos
1113 4408 1505 4465 confabulatio
1536 4408 1717 4476 ﬁeret,
1767 4407 1942 4465 exstit
1977 4425 2046 4464 ex
2095 4408 2419 4480 majoribus

728 4498 1019 4575 quidam
1049 4496 1152 4569 qui
1183 4497 1618 4570 archiepiscopo
1647 4496 1890 4552 diceret:
1912 4519 1940 4547 ‹‹
1964 4496 2420 4568 Quosdam,cha-

726 4585 1010 4648 rissime
1040 4585 1229 4657 Pater,
1268 4603 1337 4641 ex
1369 4585 1713 4643 clericorum
1745 4585 1948 4641 ordine
1969 4585 2027 4640 in
2061 4584 2169 4641 hac
2198 4586 2334 4641 sede
2361 4589 2419 4642 et

719 4681 816 4738 in
853 4675 975 4731 hac
1006 4674 1150 4732 urbe
1171 4675 1344 4731 modo
1365 4691 1494 4731 esse
1515 4674 2029 4748 deprehendimus,
2063 4673 2164 4747 qui
2190 4691 2304 4730 non
2331 4689 2418 4730 ra-
2446 4698 2492 4763 Β

720 4768 950 4831 tione,
976 4764 1078 4820 sed
1095 4762 1327 4820 levitate
1348 4763 1555 4820 vestris
1576 4781 1691 4820 non
1705 4762 1950 4836 obsequi
1968 4767 2178 4836 parant
2196 4764 2411 4833 verbis,

721 4854 990 4931 quibus
1040 4852 1328 4909 haesterno
1381 4852 1627 4909 concilio
1684 4852 1969 4925 agitatum
2027 4859 2113 4908 est
2147 4853 2216 4909 de
2248 4853 2416 4910 beato

724 4941 1043 5004 Martiale
1069 4940 1399 5013 Aquitaniae
1427 4943 1764 5009 doctore,ut
1786 4940 1980 5015 potius
2009 4941 2164 4997 inter
2192 4947 2419 5014 aposto-

718 5036 847 5093 los
883 5047 1073 5103 quam
1105 5030 1260 5086 inter
1286 5031 1648 5088 confessores
1658 5028 2026 5102 pronuntiari
2048 5030 2118 5085 ab
2141 5030 2416 5087 omnibus

714 5124 927 5183 recte
967 5118 1267 5175 debeatur.
1302 5118 1491 5192 Super
1518 5135 1635 5191 qua
1663 5135 1726 5175 re
1756 5116 1993 5190 quidam
2024 5117 2237 5185 adhuc,
2256 5117 2416 5175 velut

712 5207 1046 5272 novitatis
1068 5207 1223 5263 nacti
1243 5207 1633 5275 occasionem,
1648 5208 2021 5263 murmurant
2041 5205 2100 5285 in
2124 5205 2413 5279 angulis.»

816 5295 943 5353 Cui
957 5295 1432 5369 archiepiscopus
1448 5296 1530 5353 ita
1540 5295 1862 5368 respondit:
1879 5317 1906 5345 ‹‹
1924 5292 2130 5351 Nullus
2143 5298 2411 5351 nostrum

706 5388 1020 5463 ignorat,
1044 5383 1318 5440 hesterno
1331 5382 1468 5457 [die]
1483 5400 1675 5439 coram
1695 5381 1970 5440 omnibus
1992 5381 2414 5440 rationabiliter

705 5491 889 5537 esse
918 5471 1258 5540 deﬁnitum,
1290 5472 1447 5544 quod
1479 5472 1633 5527 beati
1659 5469 1942 5528 Martialis
1982 5468 2289 5543 legationis
2320 5474 2411 5528 te-

702 5560 1116 5626 stimonium
1166 5560 1240 5616 ab
1283 5558 1543 5633 antiquis
1598 5560 2064 5632 praeoccupatum
2094 5562 2152 5614 et
2204 5559 2409 5616 testiﬁ-

703 5657 964 5715 catum
998 5649 1116 5717 sit;
1156 5650 1215 5703 et
1244 5646 1401 5720 quia,
1430 5647 1581 5705 sicut
1610 5651 1784 5721 caput
1840 5649 2104 5702 nostrum
2146 5646 2413 5706 Romana

698 5743 972 5812 puncta
1000 5733 1325 5817 apostolica
1352 5737 1520 5798 sedes
1568 5734 1926 5816 comprobat,
1982 5734 2064 5795 ita
2119 5750 2225 5793 nos
2279 5737 2411 5814 ejus

2535 3433 2671 3506 quia
2696 3432 3050 3489 centendunt
3077 3433 3148 3489 de
3175 3433 3343 3488 beato
3364 3432 3638 3505 Dionysio
3670 3438 3725 3490 et
3746 3433 3876 3490 aliis
3908 3435 4178 3493 Patribus

2534 3522 2791 3594 antiquis
2820 3520 3160 3589 Galliarum,
3194 3521 3459 3593 nunquid
3491 3522 3801 3595 Dionysius
3831 3527 3887 3579 et
3917 3524 4178 3581 Saturni-

2534 3628 2666 3677 nus,
2698 3627 2906 3684 gsnere
2957 3609 3224 3682 gentiles,
3271 3611 3343 3667 ab
3392 3610 3519 3683 ipso
3564 3611 3726 3680 Jesu,
3759 3616 4070 3686 antequam
4115 3615 4174 3670 in

2532 3699 2707 3756 ccnlos
2736 3699 3093 3767 ascenderet,
3119 3703 3467 3771 acceperunt
3496 3704 3842 3772 potestatem
3872 3701 4090 3775 ligandi
4120 3707 4179 3759 et

2533 3788 2792 3844 solvendi
2823 3804 2956 3843 cum
2987 3787 3080 3843 his
3123 3787 3225 3859 qui
3269 3787 3586 3844 Dominum
3615 3789 3676 3844 in
3707 3806 3881 3847 carne
3907 3790 4179 3847 viderunt

2531 3881 2588 3933 et
2616 3877 2799 3933 secuti
2824 3875 3012 3949 sunt?
3040 3875 3313 3948 Nunquid
3348 3893 3534 3948 usque
3572 3877 3744 3934 hodie
3775 3879 4171 3949 inveniuntur,

2532 3964 2670 4038 quia
2729 3966 2799 4021 de
2859 3965 3109 4020 novitate
3155 3969 3489 4032 causentur,
3525 3964 3765 4021 nomina
3810 3966 4067 4039 Dionysii
4117 3973 4175 4024 et

2532 4054 2832 4110 Saturnini
2863 4053 3082 4127 scripta
3111 4053 3339 4125 uspiam
3373 4069 3476 4124 per
3503 4051 3741 4109 litanias
3769 4052 3922 4111 inter
3945 4061 4174 4128 aposto-

2529 4140 2718 4198 lorum
2751 4142 3032 4199 nomina?
3062 4140 3305 4214 Liquido
3338 4145 3568 4197 constat
3613 4158 3745 4198 vero
3774 4142 3912 4215 quia
3935 4160 4039 4216 per
4067 4161 4171 4201 an-

2527 4230 2896 4303 tiquissimos
2926 4230 3172 4299 codices,
3196 4246 3372 4303 penes
3402 4230 3741 4287 innumeros
3772 4230 3930 4289 locos
3959 4236 4016 4288 et
4036 4249 4174 4306 gen-

2526 4323 2613 4375 tes
2643 4319 3240 4393 longinquas,beatus
3260 4317 3543 4375 Martialis
3564 4336 3682 4374 una
3711 4336 3846 4377 cum
3878 4319 4009 4377 aliis
4039 4320 4173 4394 apo-

2526 4406 2696 4464 stolis
2724 4408 2981 4481 scriptus
3008 4412 3118 4464 est.
3147 4407 3462 4481 Apostolus
3507 4424 3643 4481 ergo
3692 4408 3770 4464 sit
3809 4408 3998 4479 nobis,
4031 4410 4172 4482 quia

2527 4499 2582 4551 et
2600 4500 2723 4551 erat
2751 4496 3030 4569 antiquis.
3056 4496 3218 4561 Quod
3243 4496 3495 4569 denique
3523 4496 3594 4552 de
3615 4495 3798 4552 beatis
3820 4497 4090 4571 Dionysio
4111 4500 4170 4553 et

2523 4585 2837 4640 Saturnino
2859 4584 2997 4651 dixi,
3015 4585 3217 4640 eodem
3243 4585 3415 4641 modo
3437 4585 3659 4641 dictum
3682 4589 3822 4658 puta
3843 4586 3914 4641 de
3936 4584 4165 4652 Ursino,

2524 4673 2595 4729 de
2622 4673 3054 4738 Austremonio,
3087 4672 3159 4728 de
3201 4673 3411 4730 Fronto
3449 4689 3659 4746 genere
3687 4672 4064 4741 Petracorico,
4096 4674 4169 4731 de

2523 4760 2755 4817 Juliano
2785 4760 3230 4832 Cenomanensi,
3263 4778 3473 4835 genere
3522 4763 3803 4832 Romano,
3834 4766 3892 4819 et
3929 4763 3998 4820 de
4036 4760 4170 4819 aliis

2525 4848 2626 4921 qui
2644 4849 2937 4921 apostolos
2953 4849 3224 4905 viderunt
3246 4850 3303 4905 in
3328 4867 3501 4906 carne
3520 4850 3608 4906 vel
3625 4851 3816 4908 videre
3832 4855 4166 4925 potuerunt,

2524 4938 2624 5011 qui
2656 4943 2776 4994 tam
2809 4956 2843 4993 a
2872 4940 3038 4994 beato
3068 4937 3232 4994 Petro
3265 4955 3443 5009 quam
3464 4955 3499 4992 a
3519 4939 3686 4996 beato
3710 4939 4022 5009 Clemente,
4048 4940 4169 4996 sive

2522 5028 2959 5083 successoribus
3004 5025 3153 5097 ejus,
3185 5026 3245 5082 in
3295 5025 3540 5082 Galliam
3583 5031 3715 5099 post
3745 5029 3980 5085 beatum
4011 5028 4169 5085 Mar-

2522 5115 2720 5172 tialem
2751 5114 3062 5189 pradicare
3093 5114 3258 5170 missi
3311 5118 3468 5170 sunt.
3512 5113 3599 5169 Illi
3631 5133 3746 5172 non
3780 5116 4108 5189 specialiter
4135 5135 4170 5175 a

2522 5204 2774 5272 Christo,
2806 5204 2906 5260 sed
2940 5204 3011 5259 ab
3042 5202 3126 5259 eis
3157 5203 3258 5276 qui
3305 5202 3435 5260 illos
3465 5201 3523 5256 in
3567 5203 3938 5277 episcopatus
3966 5205 4169 5261 ordine

2519 5296 2950 5360 consecrarunt,
2975 5297 3319 5366 potestatem
3350 5290 3571 5364 ligandi
3602 5291 3980 5364 solvendique
4008 5309 4170 5349 acce-

2519 5387 2750 5455 perunt,
2767 5381 3264 5455 quemadmodum
3280 5384 3337 5437 et
3351 5397 3456 5453 ego
3473 5380 3662 5451 ipsam
3681 5384 4024 5454 potestatem
4044 5396 4166 5438 non

2520 5487 2649 5526 meo
2680 5470 2906 5536 merito,
2939 5469 3040 5524 sed
3069 5469 3257 5542 gratia
3288 5468 3409 5537 Dei,
3431 5467 3503 5524 ab
3524 5484 3592 5524 eo
3615 5469 3715 5540 qui
3747 5466 3889 5523 mihi
3910 5464 4167 5537 gratiam

2517 5559 2726 5615 tribuit
2753 5558 3143 5631 episcOpatus,
3177 5560 3576 5613 consecratore
3602 5571 3753 5623 meo,
3769 5552 4049 5627 praesente
4077 5548 4172 5603 vi-

2519 5646 2724 5702 delicet
2745 5646 2959 5702 domno
2985 5643 3260 5712 Jordano,
3280 5642 3458 5715 hujus
3479 5646 3691 5715 sanctae
3719 5637 3870 5695 sedis
3899 5633 4169 5715 Lemovi-

2518 5733 2709 5797 ceusis
2718 5737 2971 5813 pastore,
2986 5730 3200 5809 accepi.
3216 5730 3327 5788 Sed
3340 5713 3479 5808 quid
3493 5726 3606 5785 adh
3614 5714 3684 5784 uc'
3691 5723 3859 5800 plura
3868 5713 4167 5789 recapitu-
