4986 6576
1491 595 1640 653 I383

1483 820 1536 869 et
1567 831 1600 868 a
1631 819 1835 870 sancta
1867 814 2128 869 Romana
2151 816 2206 868 et
2236 814 2546 885 apostolica
2576 815 2730 880 sede,
2781 821 2836 870 et
2880 833 3062 886 nuper
3091 833 3124 870 a

1485 901 1727 957 concilio
1740 901 2110 967 Bituricensi,
2124 907 2180 957 et
2195 901 2229 956 h
2244 901 2290 956 ic
2309 901 2578 958 hesterna
2590 903 2905 975 peritorum
2929 903 3125 976 dispu-

1482 991 1699 1046 tatione
1720 989 1949 1062 plenius
1966 989 2036 1044 ad
2060 989 2319 1046 ordinem
2337 991 2655 1063 perfectum
2674 992 2980 1046 definitum
2999 991 3124 1046 est?

1481 1078 1640 1135 Nihil
1667 1078 1861 1150 itaque
1882 1079 2007 1150 jam
2040 1077 2196 1134 aliud
2223 1084 2401 1134 restat
2418 1097 2594 1152 quam
2619 1085 2737 1135 uta
2755 1081 2923 1134 nobis
2949 1079 3042 1134 hic
3062 1081 3120 1134 in

1483 1172 1796 1240 conspectu
1829 1166 2054 1222 concilii
2086 1166 2320 1238 publica
2348 1168 2703 1224 damnentur
2733 1168 3124 1224 excommuni-

1482 1255 1726 1324 catione,
1757 1255 2112 1328 quicumque
2143 1253 2332 1311 clerici
2352 1256 2421 1312 de
2447 1257 2722 1312 omnibus
2754 1257 3118 1329 comprovin-

1481 1343 1724 1400 cialibus
1759 1344 1974 1400 nostris
2005 1343 2248 1400 ulterius
2280 1349 2411 1417 post
2449 1345 2558 1400 hoc
2605 1345 2916 1401 concilium
2950 1363 3117 1417 repu-

1479 1433 1680 1507 gnanti
1703 1433 1902 1490 animo
1928 1433 2160 1489 beatum
2178 1433 2526 1502 Martialem,
2551 1435 2840 1490 doctorem
2862 1434 3117 1506 primum

1473 1521 1817 1596 Aquitaniae,
1849 1521 1910 1576 in
1940 1520 2052 1576 alio
2083 1538 2261 1592 quam
2294 1521 2352 1576 in
2384 1521 2781 1594 apostolorum
2832 1522 3031 1578 ordine
3062 1527 3118 1577 et

1475 1610 1759 1667 memorie.
1777 1608 2224 1665 enuntiaverint.
2259 1632 2286 1659 ››

1541 1701 1613 1756 Et
1633 1716 1766 1754 cum
1785 1701 2018 1754 austero
2036 1697 2195 1752 vultu
2221 1698 2623 1770 metropolitan
2635 1718 2701 1755 ns
2733 1698 3112 1771 ligamentum

1476 1787 1876 1846 damnationis
1897 1785 2064 1841 vellet
2085 1787 2156 1840 ab
2183 1804 2279 1842 ore
2303 1788 2578 1860 proferre,
2603 1787 2684 1843 sic
2715 1787 2968 1844 domnus
2991 1788 3114 1843 Jor-

1476 1879 1666 1932 danus
1695 1875 1923 1931 locutus
1953 1879 2041 1928 est
2069 1875 2140 1942 ei,
2177 1877 2375 1932 dicens
2409 1893 2422 1932 :
2455 1878 2698 1932 Petimus
2736 1880 3114 1932 auctoritatem

1476 1973 1726 2032 vestram,
1759 1965 2084 2020 venerabilis
2136 1973 2310 2034 pater,
2370 1969 2426 2019 ut
2485 1964 2643 2019 hodie
2699 1965 2796 2020 hoc
2839 1966 3114 2036 judicium

1472 2053 1812 2126 suspendatis
1841 2071 1873 2108 a
1903 2053 2115 2107 clericis
2144 2052 2306 2123 hujus
2325 2058 2524 2108 sancta:
2546 2054 2705 2108 sedis.
2740 2055 2924 2110 Adhuc
2943 2057 3111 2124 enim,

1472 2143 1766 2200 secundum
1827 2143 2162 2196 Dominicam
2222 2158 2418 2206 vocem,
2477 2144 2770 2212 corripiam
2815 2159 2901 2197 eos
2958 2143 3114 2198 hodie

1474 2235 1620 2288 inter
1648 2247 1734 2285 me
1781 2235 1830 2285 et
1881 2231 2023 2299 ipsos
2080 2229 2239 2283 solos.
2273 2229 2334 2284 Si
2390 2246 2475 2283 me
2523 2230 2820 2297 audierint,
2873 2233 3112 2286 lucratus

1475 2337 1566 2376 ero
1593 2321 1796 2391 fratres
1819 2335 1960 2373 meos
1981 2337 2002 2384 ,°
2023 2319 2074 2372 si
2093 2321 2274 2372 autem
2300 2334 2405 2372 non
2428 2335 2512 2373 me
2530 2319 2824 2385 audierint,
2853 2320 3110 2375 adhibebo

1472 2426 1683 2465 mecum
1712 2407 1888 2462 adhuc
1919 2424 2088 2461 unum
2113 2407 2193 2462 vel
2222 2406 2351 2462 duos
2372 2423 2443 2462 ex
2459 2409 2814 2478 praesentibus
2841 2413 3110 2480 coepisco-

1465 2501 1554 2570 pis
1579 2497 1847 2570 fratribus
1877 2498 2091 2564 nostris,
2126 2500 2186 2551 ut
2217 2498 2275 2550 in
2315 2513 2408 2551 ore
2435 2497 2664 2552 duorum
2709 2499 2791 2552 vel
2817 2501 2988 2553 trium
3031 2503 3107 2554 te-

1468 2589 1634 2643 stium
1661 2591 1762 2642 stet
1789 2603 1948 2641 omne
1979 2586 2217 2640 verbum.
2261 2585 2411 2653 Quod
2460 2588 2508 2640 si
2551 2603 2637 2641 eos
2669 2604 2775 2640 non
2809 2588 3106 2655 audierint,

1469 2676 1648 2731 dicam
1677 2677 1927 2740 ecclesiae,
1975 2675 2191 2744 publico
2246 2677 2501 2744 przesenli
2555 2677 2804 2741 concilio,
2837 2681 2894 2730 ut
2926 2693 3110 2731 omnes

1469 2764 1698 2819 audiunt
1728 2765 1787 2816 in
1817 2764 2206 2816 testimonium.
2241 2763 2300 2815 Si
2329 2767 2510 2815 autem
2543 2764 2852 2827 Ecclesium,
2879 2765 2976 2818 hoc
3031 2770 3108 2820 est

1469 2857 1719 2908 sanctum
1733 2868 1972 2922 praesens
1991 2850 2305 2915 concilium,
2338 2866 2447 2904 non
2467 2851 2768 2916 audierint,
2792 2858 2949 2907 erunt
2974 2855 3110 2908 mihi

1471 2943 1610 2996 sicut
1639 2940 1883 2996 ethnicus
1913 2943 1962 2992 et
1999 2939 2348 3010 publicanus,
2378 2948 2426 2994 et
2457 2943 2586 2994 tunc
2617 2941 2772 2994 verbo
2802 2951 2986 2997 vestra'
3015 2961 3110 2998 au-

1469 3030 1733 3086 ctoritatis
1774 3029 1939 3098 ligate
1995 3044 2101 3092 eos,
2155 3035 2416 3099 tanquam
2476 3044 2580 3082 non
2639 3028 2966 3095 hominilms,
3019 3031 3110 3086 sed

1469 3119 1706 3190 Spiritui
1731 3125 1914 3172 sancto
1971 3115 2356 3171 inobedientes.
2390 3117 2648 3188 Namque,
2705 3122 2762 3172 ut
2792 3121 2869 3174 ait
2923 3121 3107 3189 Augu-

1465 3209 1662 3273 stinus,
1710 3206 1946 3278 Spiritus
1973 3214 2211 3271 sanctus,
2271 3207 2367 3276 qui
2395 3206 2667 3277 quondam
2719 3224 2820 3278 per
2847 3211 3109 3280 apostolos

1467 3295 1805 3368 loquebatur,
1842 3311 1988 3349 nunc
2017 3295 2183 3350 etiam
2208 3309 2310 3364 per
2338 3310 2435 3348 nos
2465 3295 2612 3366 loqui
2667 3295 2943 3366 dignatur,
2979 3315 3108 3370 quo-

2428 588 2834 656 JORDANUS
2883 593 3451 656 LEMOVICENSIS
3497 589 3942 655 EPISCOPUS.

1481 725 1588 780 lari
1621 742 1768 795 opus
1798 725 1972 786 sit.de
1995 725 2349 796 quibusjam
2380 731 2432 779 ct
2454 727 2526 780 al)
2543 727 2806 798 antiquis
2829 728 3116 792 Palribus,
3152 727 3196 794 Α
3229 743 3328 796 per
3357 728 3490 792 loca,
3524 727 3636 780 nisi
3659 727 3806 794 fidei,
3852 728 3988 798 spei,
4035 731 4086 781 et
4133 727 4399 782 charitati
4442 727 4696 783 contraria
4718 740 4780 777 sm

3233 816 3375 868 nihil
3407 817 3618 884 ofﬁcere
3647 815 3981 870 Christiana:
4029 814 4298 883 dignitati
4326 816 4608 880 videntur;
4629 815 4724 868 imo
4750 813 4780 866 il

3229 902 3556 956 consuetudo
3589 918 3804 972 semper
3847 902 3918 956 ad
3959 902 4282 973 religionem
4323 902 4570 974 prodesse
4610 899 4782 956 credita

3229 1005 3354 1060 quae
3383 995 3500 1044 tum
3526 1007 3625 1061 pro
3657 991 3787 1057 loco,
3823 994 3941 1044 tum
3981 1007 4081 1062 pro
4128 995 4384 1063 tempore,
4412 1008 4514 1063 pro
4539 989 4788 1046 necessitat

3222 1094 3327 1148 pro
3378 1078 3660 1150 dignitate,
3689 1094 3788 1149 pro
3837 1080 4069 1146 ratione,
4100 1095 4202 1151 pro
4248 1082 4585 1146 auctoritate,
4615 1078 4790 1133 unanin

3227 1167 3506 1222 voluntate
3529 1167 3796 1236 fratribus
3843 1168 3902 1222 in
3931 1183 4104 1222 unum
4132 1167 4510 1224 habitantibus
4555 1169 4677 1223 bene
4711 1181 4792 1220 con

3221 1256 3437 1326 placere
3465 1255 3693 1310 videtur.
3729 1255 3870 1323 Quid
3899 1257 4048 1311 enim
4069 1260 4095 1310 .9
4119 1256 4381 1329 Nunquid
4409 1257 4652 1314 canonici
4675 1267 4795 1308 mem

3224 1345 3346 1397 chos
3371 1359 3470 1415 pro
3499 1343 3779 1398 duodecim
3819 1345 4157 1412 lectionibus,
4192 1346 4275 1400 vel
4307 1345 4563 1402 monachi
4587 1344 4798 1399 canonici

3220 1449 3320 1503 pro
3377 1449 3566 1487 novem
3620 1448 3847 1488 numero
3899 1433 4286 1504 reprehendere
4339 1431 4605 1506 possunt?
4642 1433 4800 1500 Utraq:

3223 1523 3370 1576 enim
3421 1523 3634 1576 ratione
3679 1530 3729 1577 et
3772 1523 4096 1577 auctoritate
4139 1523 4304 1591 ﬁrma
4331 1531 4504 1588 sunt;
4534 1526 4804 1594 terquatui

3219 1626 3318 1681 pro
3347 1618 3579 1681 quatuor
3606 1610 3803 1665 mundi
3816 1611 4071 1680 partibus
4088 1618 4300 1669 sanctae
4321 1611 4583 1670 Trinitati
4595 1606 4806 1682 subjecti

3224 1707 3305 1754 ter
3356 1707 3537 1753 autem
3594 1700 3764 1752 ternis
3820 1715 3919 1770 pro
3975 1715 4167 1753 novem
4223 1700 4546 1771 angelorum
4593 1695 4808 1756 ordinibt

3221 1793 3426 1843 sanctae
3457 1790 3713 1842 'I'rinilati
3735 1789 3970 1858 gloriam
3999 1788 4275 1844 dantibus.
4311 1788 4604 1846 Duodecim
4627 1799 4812 1858 consprt

3223 1875 3368 1930 barit
3400 1877 3492 1931 ille
3523 1879 3607 1930 vir
3634 1878 3832 1947 spiritu
3864 1877 4110 1931 omnium
4123 1877 4406 1949 justorum
4417 1877 4814 1950 plenum
4847 1900 4852 1910 -

3221 1982 3322 2034 que
3348 1982 3492 2036 papa
3543 1967 3850 2035 Gregorius,
3883 1966 4040 2036 prius
4086 1966 4404 2034 monachus,
4433 1969 4621 2039 postea
4659 1967 4816 2037 apostt
4847 1989 4851 1998 υ

3223 2054 3379 2107 licus.
3431 2055 3620 2108 Novem
3680 2053 3894 2108 traditae
3946 2061 4073 2107 sunt
4117 2071 4150 2108 a
4198 2053 4469 2128 discipulo
4526 2053 4670 2109 beati
4725 2047 4853 2105 Petzi

3222 2142 3428 2210 Ignatio
3459 2151 3718 2213 martyre,
3743 2145 3841 2212 qui
3855 2159 3954 2212 per
3980 2143 4339 2197 novenarium
4368 2158 4664 2198 numerum
4693 2139 4822 2194 lectu
4847 2165 4856 2175 -

3222 2247 3313 2284 nes
3343 2239 3393 2284 et
3413 2232 3644 2301 psalmos
3675 2232 3741 2284 ah
3773 2231 4094 2297 angelorum
4121 2232 4300 2285 choris
4327 2232 4548 2302 prolata
4577 2228 4782 2285 audivit
4807 2226 4858 2280 is

3219 2320 3369 2382 ca'lo,
3401 2319 3594 2374 deinde
3623 2337 3654 2372 (ι
3685 2320 3902 2373 Νίθαηιο
3932 2319 4182 2384 concilio,
4213 2319 4410 2374 deinde
4438 2322 4510 2375 ab
4544 2322 4660 2392 ipso
4697 2327 4860 2372 sane”

3222 2409 3474 2475 Gregorio
3506 2409 3595 2462 hic
3624 2424 3881 2462 numerus
3913 2409 3970 2461 in
3995 2408 4227 2478 psalmis
4257 2411 4308 2463 et
4358 2409 4692 2465 lectionibus
4719 2412 4860 2476 atque

3222 2499 3570 2566 responsoriis
3605 2498 3914 2550 obseruatus
3961 2504 4056 2551 est.
4093 2496 4233 2563 Quid
4283 2499 4454 2552 etiam
4503 2493 4865 2554 Orientalibus

3221 2585 3301 2638 vel
3345 2584 3773 2640 Occidentalibus
3823 2586 4034 2639 clericis
4083 2601 4215 2640 usus
4261 2586 4488 2642 barbam
4539 2582 4770 2641 radendi
4792 2579 4863 2636 vil

3220 2691 3325 2727 non
3359 2674 3588 2728 raden'li
3625 2675 3839 2744 ofﬁcere
3869 2673 3937 2728 ad
3968 2675 4288 2745 religionem
4318 2675 4584 2731 videtur!
4613 2675 4714 2730 Isti
4735 2671 4866 2728 enim

3219 2763 3437 2816 Petrum
3470 2764 3770 2833 apostolum
3806 2771 4080 2817 auctorem
4127 2762 4289 2834 hujus
4334 2763 4754 2820 consuetudinis
4781 2759 4867 2812 ha-

4895 293 4904 463 ἓ

4701 475 4908 652 al

4906 624 4914 801 ι

4910 809 4918 981 κ

4942 1921 4952 2105 η

4966 2704 4971 2826 κ

3220 2851 3338 2905 bent
3363 2871 3380 2914 ,-
3412 2859 3462 2906 et
3488 2868 3610 2905 cum
3641 2852 3962 2906 auctoritate
4003 2850 4143 2906 hanc
4170 2855 4350 2907 tenent
4381 2855 4686 2916 rationem,
4719 2850 4874 2905 rativ-
4972 2852 4973 2896 ὲ

3221 2941 3404 2994 nubite
3433 2957 3541 2995 esse
3569 2940 3801 2994 dicentes
3831 2941 4052 2995 clericos
4082 2957 4116 2995 a
4147 2941 4330 3009 laieis,
4360 2942 4508 2998 sicut
4547 2944 4610 2997 in
4641 2943 4775 3006 vita,
4807 2938 4874 2990 ita
4972 2910 4977 3006 l

3219 3030 3277 3082 in
3307 3031 3547 3101 corporis
3578 3028 3766 3083 habitu
3797 3027 4038 3100 differre.
4074 3029 4335 3097 Quocirca
4366 3030 4458 3084 hic
4485 3047 4612 3087 mos
4659 3028 4730 3083 ad
4759 3025 4879 3080 reli-
4978 3050 4979 3092 ξ

4977 3110 4981 3162 Ι

3219 3119 3433 3188 gionem
3468 3117 3621 3172 nobis
3647 3119 3825 3189 potius
3848 3117 4096 3189 prodesse
4122 3134 4285 3190 quam
4316 3117 4497 3174 obesse
4522 3117 4876 3192 perspicitur.

3219 3205 3312 3260 Illi
3341 3214 3524 3261 autem
3576 3205 3800 3260 barbam
3829 3222 3935 3260 non
3969 3205 4200 3262 radendi
4228 3223 4433 3264 morem
4463 3209 4714 3278 eligunt,
4745 3207 4884 3261 Pau-

3219 3296 3336 3349 lum
3359 3297 3471 3350 sive
3497 3295 3753 3349 Iacobum
3790 3297 4022 3366 fratrem
4053 3296 4276 3351 Domini
4297 3297 4576 3368 apostolos
4609 3299 4678 3353 in
4708 3300 4884 3350 aucto-

1463 3385 1568 3441 ties
1597 3384 1662 3438 de
1692 3383 1896 3439 divinis
1926 3382 2250 3438 disserentes
2277 3383 2560 3438 veritatem
2591 3384 2884 3456 loquimur.
3146 3448 3179 3456 _
3218 3385 3438 3438 ritatem
3465 3383 3574 3437 sibi
3603 3391 3950 3439 assumentes.
3977 3385 4084 3452 Qui
4109 3401 4234 3440 cum
4258 3387 4585 3443 auctoribus
4617 3386 4887 3441 rationem

1531 3473 1632 3530 His
1686 3473 1878 3530 verbis
1937 3469 2205 3544 primatis
2261 3470 2505 3527 credens
2581 3448 3056 3546 archiepiscopus
3089 3492 3101 3530 :
3137 3448 3180 3515 Ο
3216 3472 3516 3544 adjungunt
3562 3473 3706 3543 (ﬁeri
3731 3473 3930 3546 quippe
3965 3448 4169 3544 oportet
4198 3473 4532 3546 rationabile
4565 3474 4887 3546 obsequium

1459 3585 1486 3614 «
1516 3563 1689 3634 Ergo,
1719 3560 1930 3632 inquit,
1964 3564 2169 3615 caetera
2197 3575 2326 3630 quae
2356 3559 2426 3613 ad
2459 3560 2766 3616 concilium
2793 3568 3104 3634 pertinent,
3213 3560 3501 3630 nostrum),
3537 3561 3865 3615 rationabile
3911 3560 4148 3616 dicentes
4195 3562 4418 3618 clericos
4446 3565 4606 3618 sicut
4650 3569 4706 3619 et
4732 3561 4892 3616 laicus

1460 3649 1707 3706 Domino
1737 3665 1906 3721 opem
1941 3649 2178 3715 ferente,
2212 3647 2678 3703 discutiantur.»
3213 3650 3455 3706 decorem
3507 3650 3567 3703 in
3613 3651 3756 3719 facie
3799 3666 4016 3706 servare
4062 3650 4303 3716 virilem,
4327 3651 4498 3720 juxta
4548 3652 4892 3722 dignitatem

3213 3738 3474 3794 humanee
3536 3738 3861 3793 conditionis
3916 3756 3952 3794 a
4011 3740 4112 3794 Deo
4164 3747 4420 3805 creatam,
4498 3755 4643 3813 quae
4723 3739 4904 3796 solum

3211 3828 3390 3880 virum
3449 3826 3670 3881 barbam
3724 3831 3948 3899 propter
4011 3827 4254 3883 decorem
4312 3827 4514 3884 habere
4577 3831 4793 3894 voluit,
4848 3832 4895 3879 et

3212 3917 3270 3970 in
3303 3917 3498 3970 vertice
3541 3917 3876 3973 solummodo
3929 3919 4125 3988 capitis
4154 3917 4443 3972 clericatus
4472 3919 4724 3990 sign-um
4753 3928 4898 3990 prae-

3210 4013 3554 4068 monstrare;
3611 4005 3784 4059 aliam
3840 4005 4146 4076 adjungunt
4201 4005 4310 4060 sibi
4377 4008 4702 4076 rationem,
4771 4005 4900 4078 quia

3209 4094 3471 4148 Dominus
3524 4103 3706 4148 noster
3760 4094 4058 4150 Nazarzeus
4115 4103 4166 4150 et
4224 4095 4474 4150 intonsus
4528 4111 4665 4152 esse
4702 4094 4903 4158 voluit,

3207 4183 3418 4253 ferrum
3449 4199 3611 4254 super
3657 4190 3818 4254 caput
3863 4184 3977 4254 ejus
4027 4199 4134 4237 non
4174 4183 4442 4248 ascendit,
4471 4198 4764 4240 coronam
4793 4183 4906 4255 spi-

3208 4287 3369 4326 neam
3397 4270 3674 4325 duntaxat
3704 4273 3760 4325 in
3793 4272 3990 4326 vertice
4032 4271 4294 4340 dignatus
4323 4278 4404 4326 est
4426 4274 4582 4343 pati.
4621 4273 4714 4328 Ad
4745 4271 4906 4345 cujus

3210 4360 3384 4414 instar
3424 4360 3747 4414 clericorum
3789 4375 3989 4415 corona
4039 4361 4095 4414 in
4145 4361 4366 4428 vertice,
4395 4363 4550 4430 ferro
4611 4362 4913 4418 incidente

3207 4448 3495 4518 ﬁguratur,
3532 4457 3590 4502 ut
3621 4464 3850 4518 regnum
3885 4456 3936 4502 et
3964 4447 4326 4504 sacerdotium
4370 4447 4589 4505 Christi
4621 4453 4819 4506 etiam
4851 4451 4911 4505 in

3207 4537 3529 4592 clericorum
3575 4537 3844 4608 capitibus
3893 4553 4090 4592 rasura
4131 4539 4250 4608 ipsa
4271 4547 4796 4608 praemonstretur.
4833 4541 4916 4594 Ita

1458 4625 1678 4678 cuntur.
1710 4623 1860 4678 Nihil
1891 4623 2088 4694 quippe
2116 4620 2260 4676 obest
2315 4619 2532 4676 diversa
2581 4621 2821 4676 locorum
2873 4639 3100 4679 consue-
3204 4626 3346 4680 sicut
3392 4640 3554 4696 super
3601 4623 3701 4678 hac
3745 4641 3803 4679 re
3851 4632 4036 4679 nostra
4083 4623 4416 4680 consuetudo
4454 4629 4912 4692 auctoritatem,

1453 4709 1603 4777 tudo,
1632 4712 1685 4766 si
1711 4715 1888 4766 tamen
1923 4712 2136 4766 ratione
2163 4711 2275 4766 sive
2298 4711 2621 4765 auctoritate
2649 4709 2935 4781 fulciatur.
2969 4713 3100 4767 Plus
3204 4713 3476 4784 simulque
3526 4713 3792 4768 rationem
3823 4717 3873 4767 et
3913 4713 4194 4784 religionis
4244 4712 4406 4769 habet
4457 4723 4866 4784 augmentum
4903 4732 4918 4770 :

1452 4804 1637 4856 tamen
1664 4801 1805 4856 ratio
1844 4817 2009 4872 quam
2065 4801 2363 4855 auctoritas
2414 4799 2716 4869 praevalere
2770 4800 2938 4867 debet,
2971 4817 3100 4856 nam
3132 4813 3177 4878 ι)
3205 4803 3286 4856 sic
3311 4802 3476 4856 etiam
3517 4815 3680 4872 penes
3731 4799 3962 4866 Greecos,
3995 4801 4220 4856 illorum
4269 4802 4397 4857 talis
4423 4817 4460 4857 a
4487 4813 4712 4861 nostra
4747 4806 4922 4861 dissi-

1452 4889 1682 4959 gentiles
1701 4906 1805 4960 pro
1835 4890 2111 4962 majorum
2159 4904 2385 4943 suorum
2444 4890 2790 4954 auctoritate,
2821 4890 2979 4945 nulla
3019 4898 3098 4946 ιαμ
3204 4889 3334 4944 dens
3364 4890 3750 4945 consuetudine
3789 4889 4140 4955 consuetudo,
4169 4891 4558 4946 auctoritatem
4593 4909 4738 4951 una
4790 4911 4928 4950 cum

1453 4993 1579 5032 men
1605 4977 1830 5033 subnixi
1861 4976 2246 5046 ratione,idola
2275 4976 2480 5032 colunt.
2517 4977 2657 5044 Quia
2686 4977 2937 5048 quaedam
2969 4995 3099 5035 auc-
3206 4978 3418 5032 ratione
3444 4985 3495 5032 et
3533 4976 3813 5048 religionis
3859 4978 4098 5033 continet
4141 4981 4404 5051 fructum.
4435 4977 4502 5034 Et
4554 4980 4687 5038 hac
4739 4985 4809 5038 in
4862 4997 4928 5039 re

3205 5082 3378 5138 neque
3429 5066 3518 5120 illi
3570 5081 3686 5132 nos,
3746 5081 3916 5138 neque
3967 5083 4063 5122 nos
4125 5083 4416 5137 possumus
4469 5071 4931 5139 reprehendere

3207 5155 3331 5209 illos
3365 5171 3377 5208 :
3409 5155 3546 5208 sicut
3573 5153 3636 5208 de
3664 5153 3917 5223 ﬁdelibus
3947 5157 4046 5226 qui
4071 5155 4334 5211 carnibus
4375 5156 4801 5227 vescebantur,
4842 5165 4929 5218 ait

3205 5242 3476 5314 apostolus
3504 5259 3523 5298 :
3560 5263 3589 5292 ‹‹
3632 5243 3738 5312 Qui
3779 5259 3889 5298 non
3932 5243 4248 5312 manducat,
4279 5241 4753 5308 manducantem
4809 5269 4932 5310 non

3203 5339 3464 5403 spernat;
3515 5337 3566 5386 et
3619 5333 3717 5402 qui
3765 5329 4059 5388 manducet
4109 5349 4216 5388 non
4272 5333 4738 5396 manducantem
4807 5359 4932 5398 non

3195 5419 3422 5492 judicet.
3469 5421 3576 5488 Qui
3621 5422 3769 5475 enim
3813 5421 4124 5488 manducat,
4171 5422 4401 5478 Domino
4440 5425 4844 5496 manducat;
4881 5437 4938 5487 et

3204 5510 3302 5580 qui
3355 5525 3465 5564 non
3520 5507 3832 5578 manducat,
3888 5509 4116 5566 Domino
4171 5526 4283 5566 non
4327 5509 4656 5570 manducat
4721 5521 4930 5591 (Rom.

3204 5597 3340 5669 xxv).
3376 5618 3403 5646 ι)
3435 5597 3542 5665 Qui
3589 5612 3752 5668 porro
3810 5599 4188 5654 auctoritatem
4240 5598 4527 5655 observant
4588 5617 4755 5664 cum
4825 5627 4933 5669 ra-

3205 5686 3369 5754 tione,
3400 5692 3542 5740 recte
3587 5692 3808 5756 possunt
3851 5685 4244 5758 reprehendere
4289 5687 4413 5742 illos
4459 5688 4560 5758 qui
4609 5694 4774 5752 sim
4829 5718 4938 5756 να-

3205 5776 3352 5832 tione
3396 5763 3704 5830 custodiunt
3747 5776 4131 5831 auctoritatem
4159 5793 4180 5831 :
4209 5776 4271 5832 hi
4313 5783 4498 5832 autem
4542 5777 4718 5840 istos
4755 5789 4940 5848 nullo

3205 5861 3378 5922 modo.
3431 5862 3550 5938 Qua
3597 5861 3662 5922 de
3719 5879 3778 5922 re
3824 5864 3921 5942 qui
3969 5863 4182 5926 beatum
4229 5863 4497 5928 doctorem
4548 5866 4943 5948 Aquitania

1482 3751 1488 3754 '
1532 3741 1793 3809 Cumque
1814 3737 1885 3792 de
1909 3734 2126 3807 regulis
2155 3733 2562 3790 ecclesiasticis
2583 3735 2804 3792 diutius
2831 3737 3106 3810 explicas-

1465 3827 1620 3892 sent,
1651 3825 1733 3880 ait
1761 3823 2015 3878 domnus
2045 3823 2334 3876 Jordanus
2367 3837 2380 3874 :
2415 3824 2556 3878 Bene
2579 3825 2757 3894 placet
2785 3829 2844 3880 ut
2895 3827 3102 3882 Bituri-

1460 3913 1638 3969 censis
1667 3911 1887 3966 concilii
1915 3910 2157 3981 capitula
2187 3911 2246 3964 in
2269 3914 2526 3981 promptu
2556 3911 2878 3982 offerantur,
2902 3916 2950 3969 si
2965 3918 3106 3986 forte

1461 3999 1926 4056 Lemovicensibus
1955 4000 2068 4053 haec
2099 4000 2216 4069 ipsa
2247 3999 2616 4055 tantummodo
2665 4005 2996 4072 conplentur,
3031 4022 3104 4060 an

1459 4091 1626 4146 aliter
1650 4089 1794 4145 clero
1823 4097 2004 4144 nostro
2031 4087 2430 4159 placeanl,sive
2449 4088 2564 4142 alia
2593 4093 2890 4160 opportune
2919 4109 3104 4164 super-

1457 4179 1815 4252 adjiciantur.
1842 4179 1960 4233 Non
2011 4178 2163 4232 enim
2194 4192 2307 4230 una
2364 4175 2655 4250 eademque
2706 4179 2796 4233 lea:
2849 4183 3102 4238 omnibus

1457 4269 1710 4324 Ecclesiis
1735 4269 1849 4323 sive
1871 4266 2110 4338 populis,
2140 4266 2256 4319 sive
2303 4265 2633 4333 civitatibus,
2691 4269 2806 4322 sive
2830 4271 3100 4339 gentibus,

1457 4373 1668 4428 semper
1687 4361 1860 4428 potest
1891 4370 2212 4425 congruere,
2263 4353 2355 4408 sed
2410 4355 2658 4427 quaedam
2706 4373 2808 4428 pro
2837 4360 3103 4431 qualitate

1458 4446 1720 4514 locorum,
1766 4452 1818 4500 et
1870 4446 2068 4514 gentis,
2111 4451 2163 4500 et
2209 4444 2541 4512 ani-morum,
2597 4462 2843 4516 quamvis
2889 4447 3101 4504 diverso

1443 4538 1641 4602 tamen
1693 4535 2018 4603 congruenti
2071 4532 2281 4599 ordine,
2315 4532 2378 4586 in
2431 4533 2879 4589 consuetudinem
2932 4535 3098 4592 dedu-

1453 5067 1644 5121 toritas
1673 5067 1794 5122 sine
1821 5068 2036 5122 ratione
2062 5063 2278 5120 videtur
2307 5081 2440 5130 esse,
2472 5066 2614 5120 ratio
2645 5081 2770 5121 vero
2793 5083 2896 5138 per
2909 5073 3102 5124 semet-

1451 5155 1631 5227 ipsum
1655 5147 2001 5211 auctoritatis
2029 5151 2353 5224 dignitatem
2393 5154 2954 5228 accommodat/itque
2981 5158 3099 5213 ideo

1450 5244 1754 5302 multorum
1780 5242 2053 5314 majorum
2099 5242 2397 5297 auctoritas
2423 5257 2563 5312 saepe
2615 5243 2676 5298 in
2725 5245 2923 5301 melius
2951 5262 3098 5302 com-

1449 5335 1682 5399 mutata,
1712 5329 1830 5386 sive
1845 5328 2070 5400 penitus
2097 5327 2342 5396 neglecta
2367 5331 2467 5394 est,
2502 5331 2631 5399 quia
2659 5333 2844 5388 minus
2883 5337 3100 5391 ratione

1447 5418 1718 5498 fulcitur...
1739 5405 1934 5470 Gravis
1958 5421 2144 5470 autem
2170 5413 2332 5485 culpa
2361 5422 2457 5480 est,
2487 5417 2539 5470 si
2561 5419 2682 5488 quis
2733 5435 2834 5490 pro
2865 5422 3098 5479 arbitrio

1449 5505 1862 5582 auctoritatem,
1892 5515 2011 5572 qua
2037 5502 2268 5557 rationis
2291 5501 2460 5573 plena
2488 5511 2582 5570 est,
2615 5515 2950 5564 contemnere
2959 5527 3099 5582 prx-

1673 5587 2040 5664 Rationabilis
2067 5589 2252 5660 itaque
2281 5592 2598 5658 auctoritas,
2630 5595 2744 5650 sive
2780 5599 2922 5652 ratio
2973 5615 3098 5654 cum

1451 5679 1804 5740 auctoritate,
1840 5679 1894 5728 et
1918 5676 2210 5732 auctoritas
2237 5694 2360 5732 cum
2387 5680 2615 5748 ratione,
2647 5699 2858 5755 semper
2900 5689 2960 5740 ut
2985 5703 3099 5743 sese

1451 5769 1681 5842 dignam
1705 5758 1953 5838 praebeat
1981 5770 2032 5818 et
2079 5765 2307 5821 excellat
2332 5781 2548 5823 necesse
2601 5779 2697 5826 est.
2747 5773 3100 5833 Diversarum

1450 5861 1623 5940 igitur
1653 5845 2116 5940 consuetudinum
2141 5867 2268 5910 usus
2293 5862 2342 5914 et
2371 5853 2706 5915 observantia
2723 5875 2826 5935 per
2847 5863 3096 5940 populos,
