4986 6410
774 402 902 466 1385

1775 408 1979 471 ACTA
2020 408 2353 472 CONCILII
2396 405 2971 475 LEMOVICENSIS
3013 412 3091 474 II.

3969 402 4124 472 1386

770 540 889 594 inter
926 540 1251 610 confessores
1299 545 1627 613 proponunt,
1688 546 2073 597 auctoritatem
2125 543 2379 597 habentes
2406 544 2463 610 Α
2490 544 2600 599 diri
2627 545 2777 612 solet,
2810 544 2908 600 hoc
2935 548 3033 614 est,
3066 547 3125 599 in
3150 552 3374 616 pascha,
3404 547 3464 599 in
3487 547 3804 617 pentecoste,
3827 546 3886 599 in
3913 544 4122 600 Nativi-

764 628 1004 698 majorum
1026 630 1148 683 sine
1176 630 1410 697 ratione,
1451 622 1687 685 dicentes
1716 633 1796 685 sic
1820 635 2240 702 proposuerunt.
2277 632 2379 699 Qui

765 720 871 771 ante
893 732 981 772 nos
1011 719 1239 788 fuerunt
1270 719 1358 772 illi
1386 722 1435 773 et
1466 719 1575 785 illi,
1600 722 1791 774 merito
1822 720 2294 791 reprehendunt-ur
2313 721 2381 775 ab

761 804 834 859 his
857 807 941 876 qui
967 822 1095 860 cum
1149 808 1475 862 auctoritate
1527 810 1800 863 rationem
1829 809 2157 875 ostendunt;
2184 825 2377 881 propo-

760 897 919 948 nentes
945 909 1067 949 eum
1098 911 1212 949 una
1239 911 1365 949 cum
1393 896 1525 950 aliis
1554 897 1832 966 apostolis,
1866 901 1914 951 et
1946 897 2180 951 dicentes
2198 915 2216 952 :
2239 920 2266 945 «
2288 897 2379 951 Illi

757 986 801 1036 et
845 982 926 1037 illi
977 984 1197 1055 antiqui
1246 988 1432 1054 patres
1480 985 1625 1056 apud
1656 986 1757 1039 illa
1815 985 2128 1040 authentica
2160 987 2295 1055 loca,
2328 990 2378 1041 et

758 1071 971 1126 Romana
999 1073 1295 1143 apostolica
1316 1072 1487 1138 sedes,
1522 1074 1717 1145 illique
1741 1075 2067 1144 peritissimi
2096 1076 2223 1140 viri,
2252 1090 2377 1129 eum

747 1164 1121 1231 proposuerunt
1165 1162 1226 1216 in
1276 1162 1641 1232 apostolorum
1692 1162 1901 1217 ordine.
1951 1185 1978 1211 ››
2036 1163 2376 1218 Rationabile

751 1251 914 1303 autem
940 1253 1016 1304 est
1045 1252 1105 1304 ut
1136 1250 1235 1304 ille
1261 1252 1358 1321 qui
1387 1251 1535 1304 inter
1554 1251 1692 1305 alios
1715 1268 1747 1305 a
1768 1252 1993 1305 Domino
2017 1253 2220 1321 accepit
2260 1253 2372 1305 vir-

746 1339 899 1393 tutem
918 1338 1256 1410 praedicandi
1296 1340 1672 1409 Evangelium,
1715 1344 2036 1410 potestatem
2086 1340 2295 1410 ligandi
2323 1345 2375 1396 et

744 1426 984 1495 solvendi,
1034 1428 1323 1482 scientiam
1367 1430 1615 1482 omnium
1647 1429 1987 1499 linguarum,
2028 1433 2077 1483 et
2118 1431 2371 1498 signacu-

745 1513 851 1569 lum
901 1516 1231 1587 apostolatus
1305 1516 1463 1571 habet
1538 1516 1794 1584 Galliam,
1870 1518 2093 1589 ideoque
2162 1522 2369 1589 aposto-

741 1602 816 1658 lus
842 1608 936 1671 est,
993 1606 1191 1660 merito
1246 1621 1371 1659 cum
1416 1606 1548 1676 ipsls
1605 1607 1861 1676 apostolis
1914 1610 2268 1686 proponatur,
2321 1612 2371 1661 et

736 1695 985 1749 memoria
1019 1694 1139 1764 ejus
1167 1693 1233 1748 de
1268 1694 1445 1764 gloria
1469 1696 1803 1765 apostolatus
1847 1711 2059 1765 semper
2085 1696 2367 1763 conﬁrme-

654 1848 661 1852 .
731 1784 833 1836 tur.
856 1783 951 1838 Isti
978 1797 1106 1853 ergo
1125 1783 1273 1849 illos,
1294 1799 1407 1837 non
1426 1784 1515 1837 illi
1549 1785 1699 1849 istos,
1720 1800 1885 1855 super
1917 1784 2019 1838 hac
2054 1800 2112 1839 re
2139 1800 2370 1855 arguere

2487 638 2598 688 tate
2651 635 2827 688 sancti
2881 636 3128 702 Joannis,
3183 633 3253 689 ad
3316 633 3542 690 Vincula
3614 633 3790 687 sancti
3836 633 4004 699 Petri,
4062 634 4125 686 in

2488 723 2864 792 Assumptione
2890 726 3090 777 sanch
3129 723 3316 790 Μειδία,
3377 724 3437 777 in
3481 722 3779 793 festivitate
3830 722 4004 775 sancti
4028 719 4125 774 {die

2485 810 2708 875 chaelis,
2743 812 2803 865 in
2831 811 3078 865 omnium
3107 814 3440 879 sanctorum,
3471 811 3532 865 in
3559 810 3739 864 sancti
3764 808 4007 876 Androm,
4063 808 4128 863 in

2485 900 2671 954 Natali
2700 900 2934 965 Domini,
2967 901 3027 953 in
3065 901 3404 971 Hypapante,
3443 900 3506 953 in
3561 898 4007 969 Quadragesima,
4065 898 4127 952 in

2484 988 2663 1043 media
2694 988 3140 1059 Quadragesima.
3172 989 3265 1042 His
3313 989 3461 1042 enim
3502 986 3942 1042 distinctionibus
3988 986 4127 1041 anni

2484 1094 2664 1133 omnes
2691 1078 2997 1149 presbyteri
3026 1077 3095 1131 ad
3118 1077 3372 1148 proprias
3397 1079 3622 1147 possunt
3650 1088 3933 1131 recurrere
3955 1074 4123 1130 eccle-

2457 1168 2616 1235 .sias,
2648 1170 2698 1221 et
2727 1168 2908 1237 ipsum
2935 1182 3128 1237 corpus
3156 1166 3392 1233 Domini,
3425 1165 3566 1237 quod
3594 1166 3975 1233 mutatur,non
4008 1162 4126 1218 nisi

2483 1274 2516 1310 a
2542 1256 2761 1310 mundis
2791 1256 3045 1311 Ecclesiae
3070 1256 3341 1310 ministris
3368 1252 3970 1310 sumaturJllonasteria
3997 1261 4124 1307 vero

2479 1343 2867 1398 monachorum
2895 1343 3196 1412 regularia,
3250 1343 3382 1414 quia
3428 1342 3746 1414 diligentius
3804 1345 3856 1397 et
3889 1338 4123 1396 nitidius

2479 1451 2666 1490 omnia
2696 1433 2764 1488 ad
2792 1433 3003 1488 cultum
3027 1432 3224 1486 altaris
3246 1434 3565 1502 procurant,
3596 1433 3657 1486 in
3685 1431 3936 1487 abbatum
3992 1445 4119 1486 suo-

2479 1540 2601 1576 rum
2632 1522 2858 1576 arbllrio
2888 1521 2954 1575 de
2983 1519 3233 1587 his,sicut
3260 1521 3327 1575 de
3354 1518 4115 1593 aliisregulis,permittimus:

2480 1611 2568 1666 Illi
2606 1612 2754 1664 enim
2782 1610 2981 1664 nostris
3012 1609 3216 1677 legibus
3265 1609 3566 1680 constringi
3613 1623 3724 1664 non
3763 1609 3972 1675 debent,
4023 1609 4120 1680 qui

2478 1701 2628 1754 ultra
2656 1714 2751 1753 nos
2772 1714 2873 1769 per
2900 1700 3077 1752 actam
3105 1702 3155 1751 et
3185 1702 3474 1767 angustam
3497 1700 3718 1769 portam
3732 1698 3860 1753 vitae
3904 1697 4121 1769 ingredi

2477 1790 2756 1858 appetunt,
2807 1787 2903 1857 qui
2956 1785 3287 1840 voluntatem
3339 1786 3623 1857 propriam
3675 1787 3964 1857 frangunt,
4022 1780 4123 1857 qni

721 1868 860 1939 juste
899 1874 1179 1942 poterunt.
1230 1872 1352 1926 Haec
1396 1871 1594 1927 idcirco
1641 1873 1762 1927 dixi
1802 1889 1873 1926 ne
1902 1872 2241 1928 diversorum
2282 1873 2364 1927 di-
2396 1910 2445 1975 B
2466 1878 2666 1946 jugum
2696 1875 2761 1929 ab
2793 1874 3151 1928 adolescentia
3176 1875 3517 1945 portant,qui
3541 1875 3911 1945 episcoporum
3945 1872 4119 1944 jussis

724 1974 881 2015 versae
937 1958 1356 2016 consuetudines
1404 1964 1456 2015 et
1511 1961 1670 2031 leges,
1710 1966 1757 2016 si
1818 1962 2087 2016 rationem
2145 1962 2363 2030 habent,

722 2046 973 2103 scandala
1047 2052 1325 2118 generant.
1403 2049 1805 2105 Observandum
1882 2050 2131 2121 equidem
2213 2051 2367 2105 nobis

719 2151 1043 2208 magnopere
1074 2140 1153 2192 est
1194 2142 1322 2193 ante
1358 2140 1545 2193 omnia
1571 2143 1623 2194 et
1650 2155 1813 2209 super
1858 2141 2064 2203 omnia,
2098 2140 2182 2194 uti
2208 2156 2364 2193 man-

716 2222 903 2280 datum
943 2226 1069 2292 Dei,
1104 2229 1155 2280 et
1203 2242 1316 2281 non
1342 2231 1558 2281 nostras
1588 2227 1931 2289 traditiones.
1958 2229 2158 2298 populo
2188 2228 2366 2283 obser-

707 2313 912 2370 vandas
938 2313 1230 2370 tradamus
1254 2332 1273 2369 :
1305 2318 1357 2369 et
1384 2315 1530 2370 nihil
1559 2316 1673 2369 nisi
1714 2315 2123 2386 Scripturarum
2152 2316 2366 2371 diuina-

716 2417 838 2457 rum
861 2403 1197 2459 auctoritate
1214 2403 1419 2474 fultum
1447 2404 1719 2472 agendum
1748 2408 2090 2470 statuamus;
2121 2405 2369 2477 nihilque

711 2489 775 2546 de
800 2491 1085 2558 cordibus,
1130 2491 1276 2547 nihil
1323 2496 1481 2548 extra
1523 2500 1853 2564 preceptum
1894 2494 2130 2561 Domini,
2163 2498 2213 2548 et
2241 2510 2367 2550 san—

711 2584 919 2641 ctorum
968 2583 1231 2646 Patrum,
1264 2581 1404 2652 quod
1434 2581 1593 2648 absit,
1641 2583 1986 2647 constituere,
2036 2583 2240 2647 docere,
2287 2583 2369 2638 vel

696 2666 895 2738 jubere
930 2683 1366 2740 praesumamus.
1399 2670 1534 2736 Quae
1564 2685 1684 2723 vero
1715 2669 1843 2723 aliis
1873 2670 2169 2735 trademus,
2196 2671 2371 2740 primi

705 2773 802 2815 nos
847 2773 918 2814 ea
966 2757 1088 2829 ipsi
1132 2757 1425 2827 faciamus,
1456 2774 1526 2812 ne
1553 2760 1726 2812 simus
1754 2757 1819 2811 de
1848 2758 1961 2811 illis
1990 2774 2153 2828 super
2188 2758 2366 2814 cathe-

698 2843 861 2902 dram
912 2844 1103 2919 Moysi
1156 2845 1487 2912 sedentibus,
1544 2862 1707 2916 super
1758 2847 1952 2917 quibus
2010 2846 2257 2902 Salvator
2300 2846 2369 2901 ad

700 2935 894 2992 turbas
941 2939 1000 2992 et
1029 2933 1107 2990 ad
1137 2933 1428 3006 discipulos
1457 2950 1603 3001 suos,
1635 2937 1751 2990 ait:
1811 2958 1837 2985 ‹‹
1867 2937 2062 2991 Dicunt
2109 2937 2276 3002 enim,
2319 2940 2369 2990 et

694 3038 807 3080 non
834 3025 1075 3098 faciunt
1108 3021 1317 3091 (Matth.
1351 3022 1539 3094 xxm);
1565 3045 1592 3073 »
1643 3028 1693 3078 et
1724 3025 1923 3079 iterum
1950 3042 1970 3079 :
2005 3047 2032 3073 ‹‹
2066 3025 2240 3095 Digito
2268 3040 2368 3079 au-

688 3116 800 3169 tem
827 3128 935 3170 suo
966 3113 1178 3169 nolunt
1206 3126 1271 3167 ea
1300 3127 1512 3168 movere
1542 3112 1745 3184 (ibid).
1784 3137 1805 3164 ι

710 3230 711 3233 η
754 3201 868 3259 His
900 3201 1121 3268 dictis,
1151 3215 1468 3256 conversus
1501 3200 1974 3273 archiepiscopus
2005 3202 2076 3257 ad
2102 3218 2235 3257 eum
2268 3201 2368 3273 qui

685 3290 761 3354 ad
788 3291 1126 3349 dexteram
1147 3304 1316 3344 suam
1340 3304 1518 3360 super
1537 3272 1715 3345 aliam
1738 3272 2072 3344 cathedram
2098 3272 2356 3359 sedebat,
2386 3272 2436 3341 α

679 3379 879 3441 sacris
904 3378 1195 3437 vestibus
1226 3380 1498 3432 ornatum
1518 3376 1861 3433 Azenerium
1895 3378 2190 3444 abbatem,
2222 3378 2367 3434 dixit

676 3469 755 3525 ad
778 3482 942 3529 eum
969 3484 987 3526 :
1025 3489 1059 3519 ‹‹
1089 3466 1409 3538 Rogamus,
1433 3465 1799 3533 charissima,
1832 3471 1915 3533 ut,
1941 3466 2093 3521 sicut
2112 3467 2367 3523 domnus

670 3555 1001 3619 Jordanus
1035 3553 1308 3629 pontifex
1327 3553 1517 3626 jubet,
1542 3554 1799 3627 capitula
1828 3553 2207 3610 Bituricensis
2236 3570 2367 3609 con-

664 3646 823 3717 (xiiii,
852 3645 1043 3704 velut
1075 3658 1184 3700 vos
1211 3641 1347 3715 ipsi,
1381 3642 1479 3714 qui
1514 3640 1882 3709 interfuistis,
1915 3642 2184 3711 audistis,
2229 3642 2367 3699 huic

665 3739 893 3795 sancto
924 3729 1202 3792 concilio
1232 3747 1425 3788 coram
1459 3731 1783 3804 exponatis.
1815 3753 1845 3782 ν

735 3825 927 3885 Tunc
962 3823 1116 3897 ipse
1147 3818 1452 3877 enuntiare
1479 3820 1674 3893 coepit,
1706 3819 1941 3876 dicens:

732 3912 887 3973 Hae
916 3914 1089 3970 sunt
1115 3907 1393 3981 capitula,
1425 3925 1604 3981 super
1623 3907 1838 3981 quibus
1859 3908 1966 3965 hoc
1991 3912 2250 3981 tempore
2267 3909 2367 3964 de-

644 4006 927 4076 prauata
969 4001 1127 4058 erat
1155 3996 1214 4054 S.
1247 3995 1628 4054 Bituricensis
1660 4002 1842 4052 mater
1871 3996 2133 4053 ecclesia.
2170 3998 2369 4069 Itaque

644 4090 1303 4161 Patrumsequentes
1329 4084 1592 4159 vestigia,
1625 4088 1976 4154 statuerunt,
2000 4085 2102 4158 qui
2122 4103 2370 4159 praesen-

630 4185 733 4243 tes
765 4179 875 4241 ibi
888 4178 1183 4241 fuerunt
1201 4174 1482 4249 episcopi,
1505 4174 1687 4248 Aymo
1709 4174 2108 4241 Bituricensis,
2130 4175 2370 4247 Stepha-

634 4285 767 4326 nus
808 4262 1233 4330 Anieiensis,
1283 4263 1476 4319 Renco
1526 4261 1896 4330 Avernensis,
1948 4262 2368 4335 Ragamundus

622 4353 1109 4423 Mimajenaia,
1143 4349 1415 4409 tEmilius
1450 4349 1765 4418 Albiensis,
1809 4350 2128 4406 Deusdedit
2155 4351 2369 4407 Cadur-

622 4446 885 4515 ceneie,‘
941 4445 1119 4503 hoc.
1157 4440 1445 4498 servanda
1477 4439 1550 4495 ab
1579 4438 1837 4496 ecclesiis
1868 4438 1977 4495 sibi
2012 4439 2362 4511 commissis.

652 4534 849 4601 μαλε)
880 4528 1183 4611 ριείωίε,
1231 4531 1297 4585 ut
1333 4544 1438 4602 per
1465 4545 1688 4596 omnes,
1720 4549 1748 4578 ››
1799 4531 1909 4584 etc.
1968 4527 2121 4597 (Vide
2168 4529 2361 4586 concil.

1108 4617 1277 4675 1031.

682 4712 889 4777 Talin
900 4707 1309 4773 ﬂanimeum
1324 4705 1763 4780 perorasset,ait
1777 4703 2359 4761 domnusJordanus:

900 4798 1121 4862 nobis
1157 4793 1271 4852 hac
1317 4795 1449 4852 bene
1470 4795 1725 4867 placent,-
1782 4798 1997 4849 tantum
2024 4794 2091 4849 de
2144 4810 2362 4866 corpore

594 4882 1251 4957 gustandi),
1268 4887 1494 4956 propter
1514 4883 1853 4956 presbyteros
1873 4884 1970 4953 qui
1988 4883 2236 4938 omnibus
2258 4884 2360 4938 Do-

595 4976 1161 5045 diebus
1185 4972 1257 5030 ad
1283 4973 1535 5029 ecclesias
1562 4989 1690 5028 suas
1717 4975 1993 5043 nequeunt
2015 4971 2216 5038 adesse,
2245 4973 2365 5041 pla-

589 5074 680 5130 ca
707 5072 853 5139 ετα-
870 5052 1334 5143 miniter
1388 5062 1624 5131 institui,
1672 5064 1734 5115 ut
1768 5059 1837 5115 ab
1889 5060 2137 5114 omnibus
2186 5061 2365 5114 valeat

589 5154 1179 5227 W
1201 5149 1494 5208 observari.
1517 5150 1649 5219 Quae
1676 5148 1826 5204 enim
1850 5148 1911 5202 in
1932 5148 2172 5203 Ecclesia
2200 5149 2365 5203 insti-

930 5245 1055 5305 δία
1092 5236 1308 5297 debent
1328 5237 1461 5310 ﬁeri
1476 5237 1774 5303 moderata,
1806 5239 1867 5291 ut
1886 5236 2085 5308 absque
2105 5237 2364 5307 importa-

589 5341 689 5403 ’ἐκ
1126 5327 1395 5415 omnibus
1443 5329 1766 5415 portentum
1801 5327 1853 5379 et
1903 5324 2141 5396 qualiter
2167 5325 2369 5415 anima:

968 5404 1409 5492 siquod/acii
1425 5414 1688 5484 Ecclesia,
1709 5411 1911 5484 absque
1929 5413 2370 5467 murmuratione

1496 5504 1675 5561 locum
1989 5502 2176 5572 Itaque
2189 5501 2368 5571 placet

587 5612 624 5673 ι
1541 5586 1949 5685 ηεξάαἳεέθέίη
1973 5588 2233 5685 έθννηίηοε
2278 5602 2366 5685 τῖε·

583 5677 845 5764 aceti}?
862 5697 953 5754 in
979 5680 1303 5751 omitus
1319 5682 1441 5743 illis
1456 5680 1697 5741 ecclesiis
1716 5677 1815 5741 ubi
1828 5677 2168 5739 incessanter
2190 5679 2365 5738 custo-

968 5817 1308 5887 PATBOL.
1357 5806 1586 5885 CXLII.

2473 1979 2811 2034 summopere
2835 1964 2893 2017 in
2922 1963 3171 2017 omnibus
3200 1962 3471 2017 obediunt.
3505 1963 3673 2030 Tales,
3713 1964 3941 2035 inquam
3982 1960 4115 2033 legi-

2476 2055 2572 2109 bus
2602 2069 2711 2108 non
2731 2055 2933 2123 oportet
2959 2051 3161 2122 subjici
3180 2052 3559 2116 conciliorum,
3600 2050 3716 2105 nisi
3761 2051 3901 2123 forte
3933 2065 4121 2123 reprea

2475 2141 2726 2196 hensioni
2751 2140 2836 2195 vel
2863 2141 3195 2210 contemptui
3217 2141 3517 2211 patuerint.
3544 2138 3633 2195 Sic
3680 2139 3961 2210 Apostolus
3991 2141 4071 2197 ait
4101 2156 4116 2197 :

2477 2254 2504 2281 «
2537 2232 2686 2286 Iusto
2718 2229 2808 2283 lea:
2837 2245 2944 2282 non
2969 2232 3047 2282 est
3071 2229 3271 2297 posita,
3303 2227 3396 2282 sed
3424 2226 3843 2298 injustis,etncn
3868 2228 4116 2300 subditis,

2476 2319 2661 2389 impiis
2691 2320 2740 2371 et
2765 2317 3156 2387 peccatoribus,
3187 2316 3465 2370 sceleratis
3494 2316 3547 2370 et
3580 2316 3987 2385 contaminatis,
4011 2330 4117 2388 pa-

2475 2407 2687 2463 tricidis
2738 2410 2787 2461 et
2869 2405 3195 2470 matricidis,
3280 2403 3585 2473 homicidis,
3669 2402 4112 2476 fornicatoribus,

2474 2496 2846 2551 masculorum
2873 2494 3324 2562 concubitoribus,
3373 2494 3690 2564 plagiariis,
3746 2490 4113 2565 mendacibus,

2473 2586 2734 2657 perjuris,
2768 2588 2819 2639 et
2846 2585 2897 2637 si
2923 2583 3054 2655 quid
3092 2582 3246 2637 aliud
3292 2599 3440 2638 sanae
3481 2581 3738 2638 doctrinm
3774 2581 4109 2641 adversatur.

2476 2688 2602 2746 quae
2630 2676 2708 2728 est
2730 2672 3024 2728 secundum
3046 2672 3403 2743 Evangelium
3433 2671 3612 2742 gloria
3670 2670 3813 2727 beati
3852 2671 3951 2729 Dei
3975 2671 4116 2745 quod

2476 2761 2741 2816 creditum
2769 2764 2846 2815 est
2869 2759 3010 2814 mihi
3040 2760 3089 2832 (Ι
3116 2761 3269 2814 Tim..
3304 2760 3345 2831 ι)
3379 2782 3400 2809 ι
3422 2759 3575 2815 Nam
3616 2760 3667 2816 et
3713 2756 3930 2818 abbates
3955 2778 4116 2834 regu-

2478 2849 2620 2904 lares
2648 2864 2759 2903 non
2788 2848 2906 2902 ideo
2937 2847 3006 2902 ad
3034 2847 3301 2919 synodum
3347 2849 3534 2903 venire
3587 2863 3713 2920 cogo
3762 2848 3926 2922 hujus
3952 2850 4115 2921 sedis,

2476 2942 2537 2993 ut
2565 2940 2891 3008 arguantur,
2921 2935 3014 2990 sed
3042 2940 3100 2990 ut
3129 2936 3271 2990 mihi
3297 2934 3362 2992 de
3388 2935 3548 2991 rebus
3593 2936 3969 2994 ecclesiasticis
4001 2950 4117 2994 mo-

2476 3026 2730 3081 derandis
2756 3024 3059 3081 consultum
3085 3024 3383 3094 praebeant,
3417 3028 3684 3096 quatenus
3708 3026 3817 3099 ipsi
3851 3028 4118 3100 spiritua-

2478 3116 2553 3169 les
2579 3112 2841 3183 viri,dum
2864 3111 3006 3166 mihi
3029 3111 3860 3182 perdiversasmultorumcuras
3878 3112 4117 3187 disperso

2477 3217 2628 3273 opem
2655 3202 2843 3271 ferunt
2871 3198 2941 3253 ad
2979 3198 3373 3253 sublevandum
3426 3214 3584 3266 onus,
3642 3200 3706 3255 in
3754 3194 4118 3260 retributione

2469 3306 2675 3347 coronae
2700 3303 2913 3343 mecum
2935 3288 3355 3358 participentur.
3388 3287 3465 3342 De
3490 3287 3643 3343 cultu
3672 3290 3823 3344 enim
3859 3289 4115 3348 ecclesia-

2469 3381 2601 3434 stico
2629 3381 2680 3432 et
2709 3377 3013 3431 reverentia
3041 3376 3279 3447 corporis
3310 3376 3781 3453 Domini,probavi
3795 3378 3912 3450 ipse
3938 3376 4115 3436 oculis

2469 3467 2605 3520 meis
2631 3464 2909 3535 regulares
2933 3477 3035 3532 per
3062 3462 3463 3517 Lemovicinum
3488 3459 3778 3520 monachos
3805 3466 4011 3522 altaria
4059 3462 4118 3524 οι

2470 3555 2692 3619 codices,
2750 3552 3089 3617 vestimenta,
3130 3551 3348 3617 calices,
3407 3551 3752 3621 linteamina,
3811 3558 3863 3610 et
3917 3558 4113 3612 cuncta

2471 3660 2590 3716 quae
2619 3642 2689 3698 ad
2717 3642 2894 3697 altare
2914 3641 3210 3712 pertinent,
3240 3639 3608 3699 mundissima
3646 3644 3887 3716 quotidie
3912 3648 3963 3701 et
3989 3659 4115 3702 cum

2470 3733 2779 3788 reverentia
2805 3745 3039 3786 servare.

2544 3821 2808 3891 Cumque
2837 3819 2908 3874 de
2936 3818 3029 3874 his
3059 3821 3118 3874 et
3147 3817 3277 3875 aliis
3306 3818 3739 3893 hujuscemodi,
3770 3820 3943 3894 plura
3970 3821 4120 3879 dico-

2475 3913 2696 3977 rentur,
2730 3912 2787 3964 et
2815 3907 3253 3980 archiepiscopo
3282 3908 3677 3981 omnibusque
3705 3907 4119 3981 placerent,ac~‘

2474 4001 2772 4053 cusatores
2795 3995 2945 4067 justi
2958 3986 3305 4051 exstiterunt
3314 4011 3383 4051 ex
3392 3994 3852 4069 senioribus,qni
3863 3998 4121 4055 dicerent

2475 4086 2534 4141 in
2567 4083 2871 4141 conciliom
2902 4082 2965 4139 In
2994 4081 3121 4139 loco
3150 4082 3347 4139 Sancti
3377 4082 3531 4140 Petri
3560 4080 3911 4143 Bellocensis
3952 4084 4115 4159 [c‘arr.

2474 4172 2891 4244 Bellilocensis]
2924 4171 3285 4238 monasterii,
3315 4174 3520 4229 sancta
3546 4170 3804 4230 Ecclesia
3850 4174 4119 4231 Lemovi—‘

2474 4262 2662 4320 censis
2689 4260 2804 4316 vim
2838 4259 3186 4332 patitur.Hic
3216 4259 3508 4331 siquidem
3537 4259 3775 4318 locusin
3801 4260 4003 4319 ordine
4030 4275 4117 4320 re-

2475 4350 2662 4426 gulari
2691 4350 2987 4423 quondam
3020 4347 3575 4419 fuitillustris,nunc
3588 4354 3783 4408 autem
3795 4350 4113 4410 itaasaecu-

2473 4441 2696 4497 laribus
2726 4437 3095 4495 conculcatus
3125 4440 3231 4505 est,
3262 4440 3328 4493 ut
3372 4453 3552 4512 super
3578 4438 3895 4499 monachos
3925 4440 4114 4514 ipsius

2472 4527 2808 4587 monasterii
2839 4526 3170 4583 dominetur
3223 4525 3409 4584 ahbas
3447 4527 3743 4585 saecularis
3795 4533 3852 4585 et
3893 4530 4115 4603 absque

2376 4672 2377 4675 η
2391 4638 2443 4707 D
2471 4617 2739 4676 monachi
2768 4615 2993 4673 habitu.

2542 4708 2945 4764 Clamaverunt
2977 4721 3179 4762 omnes
3211 4704 3310 4778 qui
3339 4708 3508 4761 erant
3537 4704 3597 4761 in
3640 4704 3884 4763 concilio
3908 4723 3967 4764 :«
3998 4706 4119 4764 Hoc

2469 4814 2688 4869 magna
2717 4794 3035 4852 destructio
3066 4798 3243 4862 esl,ut
3272 4810 3456 4851 caecus
3483 4793 3744 4852 videntes
3771 4795 4118 4865 ducat,stu1-

2472 4890 2569 4941 tus
2601 4884 2895 4956 sapientes
2926 4883 3147 4939 doceat.
3180 4882 3298 4939 Hac
3327 4881 3482 4940 enim
3510 4881 3570 4938 in
3594 4898 3656 4939 re
3680 4876 4125 4959 disciplinamog

2471 4975 2640 5040 ritur,
2674 4972 2838 5028 locus
2860 4970 3191 5051 hypocrisis
3222 4971 3523 5028 monachis
3547 4970 3972 5041 datur,occasio
4001 4989 4123 5047 p.0-

2473 5062 2601 5135 pria
2632 5059 2968 5134 possidendi
3005 5060 3310 5117 monachis
3344 5061 3536 5133 datur,
3584 5078 3687 5134 per
3732 5078 3859 5135 qua
3895 5060 4121 5135 decepti

2472 5148 2660 5221 perire
2692 5144 3167 5218 possunt.Capite
3188 5148 3456 5203 morbido
3480 5153 3666 5206 totum
3697 5165 3905 5222 corpus
3917 5146 4122 5207 inutile

2476 5241 2584 5303 est,
2612 5240 2670 5292 et
2700 5251 2803 5308 pro
2833 5232 2935 5288 tali
2969 5232 3362 5290 destructione
3392 5235 3653 5294 locorum
3684 5239 3804 5306 Dei,
3831 5238 3917 5296 ira
3945 5249 4123 5311 super

2475 5323 2723 5398 populos
2753 5339 2788 5379 θ.
2817 5321 2961 5377 facie
2990 5320 3092 5377 Dei
3120 5322 3434 5394 egreditur.

2547 5414 2711 5468 Tunc
2759 5407 3026 5482 requisiti
3084 5408 3352 5464 monachi
3389 5412 3713 5484 supradicti
3756 5408 4116 5479 monasterii,

2478 5504 2732 5557 astantes
2763 5499 2822 5554 in
2852 5502 3164 5569 conSpeclu
3195 5496 3622 5572 episcoporum.
3646 5498 3951 5559 dixerunt:
3976 5496 4119 5553 «On-

2477 5590 2716 5647 dinetur
2739 5586 2911 5644 nobis
2942 5586 3123 5642 abbas
3138 5586 3381 5643 idoneus
3394 5587 3756 5647 secunduum
3774 5576 4125 5659 regulam,et'

2477 5679 2537 5743 in
2566 5689 2707 5755 paco
2738 5674 2961 5738 erimus
2993 5690 3008 5735 :
3040 5673 3378 5753 lugentibus
3408 5678 3566 5740 enim
3596 5672 3764 5737 nobis
3799 5675 3908 5730 ista
3936 5668 4121 5741 super

3711 5795 3792 5877 4‘.
4046 5850 4106 5877 η.

4119 6007 4170 6055 τι,
