4986 6436
768 498 888 566 I397

1813 500 2017 565 ACTA
2061 494 2395 565 CONCILII
2436 488 3029 568 LEMOVICENSIS.

3950 476 4117 569 3398

764 632 813 692 in
848 632 1021 693 laieali
1068 631 1271 693 ordine
1317 628 1702 693 homicidium
1756 631 2031 701 fecerant,
2064 637 2120 691 et
2168 639 2369 709 postea
2394 630 2451 703 Α
2482 659 2510 687 ‹‹
2542 634 2699 692 aliud
2730 653 2907 709 quam
2940 635 3165 694 luctum
3197 639 3349 711 agat,
3380 634 3429 693 si
3460 635 3603 693 forte
3641 633 3758 693 illic
3789 635 4113 694 misericor-

763 725 996 782 monachi
1029 725 1439 799 facti,gradum
1458 724 1706 782 diaconii
1721 730 2117 798 susceperant.
2132 725 2363 780 Dictum

760 814 817 870 de
841 814 919 871 his
946 814 1003 869 in
1032 813 1278 871 concilio
1309 818 1451 869 est:«
1478 814 1754 872 Nullahis
1768 813 2165 871 misericordia
2178 817 2366 886 potest

758 903 1071 976 tribui,quin
1103 920 1309 959 omnes
1339 904 1790 975 deponantur.Si
1815 904 1969 959 enim
2003 919 2149 974 quos
2181 901 2363 957 sancti

756 992 922 1048 Patres
950 992 1255 1059 damnant,
1276 991 1654 1061 absolvimus,
1679 992 1887 1049 falsam
1921 993 2006 1047 eis
2038 991 2363 1046 misericor-

756 1080 887 1136 diam
908 1084 962 1136 et
992 1085 1267 1136 aeternam
1298 1085 1548 1136 mortem
1578 1080 1990 1154 impendimus.
2028 1102 2055 1129 »

813 1170 955 1225 Tunc
982 1170 1244 1225 Canones
1274 1169 1667 1241 apostolorum
1692 1169 1896 1242 prolati
1915 1168 2182 1234 sunt,’ubi
2205 1166 2364 1239 capi-

754 1256 857 1314 tulo
880 1259 944 1313 3O
972 1256 1188 1331 legitur
1221 1274 1233 1311 :
1273 1279 1300 1307 «
1332 1258 1390 1313 Si
1422 1258 1555 1330 quis
1585 1259 1912 1330 episc0pus,
1947 1257 2245 1330 presbyter
2265 1260 2367 1311 aut

754 1346 1136 1418 diaconus,per
1166 1346 1445 1418 pecunias
1474 1346 1622 1401 hanc
1653 1346 1968 1401 obtinuerit
1997 1344 2361 1417 dignitatem,

751 1434 1033 1505 dejiciatur
1062 1437 1117 1489 et
1146 1433 1271 1506 ipse
1301 1436 1357 1489 et
1385 1434 1700 1501 ordinator,
1737 1436 1884 1504 ejus,
1916 1438 1974 1489 et
2017 1450 2051 1489 a
2101 1449 2365 1488 commu-

750 1524 899 1580 nione
928 1523 1117 1579 modis
1148 1522 1423 1578 omnibus
1453 1522 2007 1589 abscindatur,sicut
2027 1537 2130 1593 ego
2163 1521 2364 1576 Petrus

747 1612 1022 1668 Simonem
1054 1611 1288 1684 Magum
1321 1612 1521 1682 dejeci.
1556 1633 1584 1662 »
1620 1612 1761 1667 Item
1808 1610 2060 1682 capitulo
2091 1612 2155 1665 31
2194 1626 2207 1663 :
2244 1631 2273 1660 υ
2304 1609 2362 1665 Si

746 1700 861 1772 quis
890 1699 1219 1773 episcopus,
1243 1698 1615 1755 saecularibus
1648 1699 2032 1771 potestatibus
2062 1714 2227 1766 usus,
2250 1697 2368 1769 epi-

742 1795 1024 1862 scopatum
1054 1788 1141 1845 vel
1174 1789 1480 1844 ecclesiam
1521 1805 1623 1860 per
1650 1787 1782 1844 illos
1827 1787 2164 1852 obtinuerit,
2198 1787 2368 1858 depo-

741 1883 896 1935 natur
913 1882 974 1936 et
998 1883 1418 1951 segregetur,et
1437 1895 1640 1934 omnes
1654 1877 1753 1949 qui
1771 1876 1855 1931 illi
1874 1876 2301 1932 communicant
2315 1917 2325 1928 .
2338 1897 2364 1923 ››

738 1967 866 2024 Item
896 1966 1151 2039 capitulo
1187 1968 1326 2022 17;‹‹
1360 1966 1418 2022 Si
1446 1966 1579 2039 quis
1612 1970 1743 2038 post
1773 1965 2064 2037 baptisma
2094 1964 2366 2020 secundis

736 2056 940 2129 nuptiis
975 2055 1149 2111 fuerit
1180 2054 1503 2128 copulatus,
1531 2059 1632 2109 aut
1661 2055 2044 2109 concubinam
2076 2052 2364 2120 habuerit,

733 2162 840 2201 non
869 2147 1065 2218 potest
1089 2160 1217 2200 esse
1247 2143 1713 2216 episcopus,non
1744 2143 2043 2208 diaconus,
2072 2146 2171 2196 aut
2202 2158 2367 2214 pror-

737 2250 829 2289 sus
858 2251 924 2290 ex
957 2248 1206 2288 numero
1235 2248 1440 2287 eorum
1484 2232 1583 2303 qui
1616 2230 1937 2287 ministerio
1978 2247 2142 2286 sacro
2174 2230 2368 2285 deser-

732 2321 902 2378 viunt.
923 2343 952 2371 »
986 2322 1132 2375 Item
1162 2318 1415 2390 capitulo
1448 2322 1514 2374 18
1543 2337 1556 2375 :
1591 2342 1617 2368 «
1651 2318 1865 2390 Siquis
1891 2318 2123 2373 viduam
2151 2316 2235 2371 vel
2251 2318 2370 2388 eje-

732 2415 875 2466 ctam
919 2407 1231 2480 acceperit,
1265 2412 1367 2463 aut
1398 2406 1692 2472 ancillam,
1739 2406 1827 2462 vel
1876 2406 2134 2478 aliquam
2177 2405 2249 2459 de
2278 2404 2371 2459 his

729 2514 849 2571 qua
861 2497 1121 2573 publicis
1135 2496 1544 2569 mancipantur
1558 2494 1904 2568 spectaculis
1918 2511 2030 2550 non
2046 2496 2370 2566 potestesse

729 2588 1058 2662 episcopus,
1111 2603 1227 2641 non
1277 2586 1597 2658 presbyter,
1649 2601 1763 2639 non
1808 2584 2108 2649 diaconus,
2151 2598 2255 2637 nec
2304 2598 2371 2636 ex

729 2693 966 2734 numero
998 2692 1204 2732 eorum
1237 2674 1336 2746 qui
1369 2675 1440 2729 ad
1473 2674 1653 2729 altare
1681 2672 2072 2728 deserviunt.»
2104 2672 2244 2726 Item
2276 2687 2371 2725 ea-

727 2766 905 2836 pitulo
923 2767 985 2821 21
1012 2780 1026 2819 :
1052 2762 1413 2818 «Eunuchus
1429 2762 1477 2818 si
1493 2760 1850 2834 perinsidias
1864 2759 2167 2815 hominum
2185 2759 2372 2813 factus

725 2854 922 2922 est,vel
954 2854 1007 2909 si
1043 2852 1105 2906 in
1139 2851 1540 2924 persecutione
1564 2846 2368 2921 suntejusamputatavirilia,

720 2943 805 2998 vel
838 2943 886 2998 si
920 2944 1003 2998 ita
1034 2944 1214 2996 natus
1244 2942 1355 3005 est,
1390 2944 1445 2994 et
1475 2944 1563 2994 est
1593 2936 2127 3010 dignus,efﬁciatur
2150 2935 2370 3008 episeo-

720 3048 846 3103 pus.
885 3054 915 3082 ››
948 3032 1099 3087 Item
1127 3028 1383 3100 capitulo
1413 3030 1481 3082 22
1515 3044 1528 3082 :
1564 3050 1592 3076 ‹‹
1628 3027 1685 3082 Si
1721 3026 1852 3098 quis
1882 3024 2131 3081 abscidit
2161 3028 2371 3080 semet-

715 3119 1009 3192 ipsum,id
1044 3122 1138 3174 est
1164 3116 1213 3174 si
1244 3117 1377 3189 quis
1408 3115 1730 3188 amputavit
1761 3115 1872 3171 sibi
1902 3114 2109 3180 virilia,
2132 3129 2244 3169 non
2273 3114 2373 3167 fiat

718 3207 1144 3280 clericus,quia
1176 3222 1321 3262 suus
1350 3204 1463 3277 [sui
1495 3204 1704 3276 ipsius]
1737 3202 2030 3258 homicida
2059 3206 2166 3269 est,
2186 3205 2243 3257 et
2272 3200 2371 3256 Dei

712 3295 1085 3354 conditionis
1116 3294 1413 3350 inimicus.
1453 3315 1480 3341 ››
1513 3291 1773 3365 (cap.23.)
1804 3316 1831 3341 «
1861 3291 1918 3346 Si
1952 3290 2243 3361 quis,cum
2267 3288 2375 3345 cle-

2476 749 2502 776 «
2538 726 2691 781 diam
2726 727 2999 783 inveniat.
3024 727 3107 783 Ita
3138 727 3421 783 hactenus
3451 725 3548 782 ille
3574 726 3746 795 vivat,
3770 743 4113 799 permanens

2476 838 2503 865 ‹‹
2536 815 2595 871 in
2627 816 2973 895 poenitentiae
3006 816 3309 885 luctu,non
3344 816 3611 884 offerens,
3635 834 3750 872 non
3783 818 4112 872 communi-

2475 927 2503 955 ί(
2537 921 2696 961 cans.
2728 928 2756 956 »

2544 994 2684 1048 Item
2739 993 3088 1066 inquisitum
3148 999 3235 1050 est
3291 994 3361 1050 de
3413 994 3776 1066 temporibus
3842 995 4114 1051 ordinum

2475 1081 2614 1154 quia
2645 1082 2909 1138 nonnulli
2951 1100 3019 1139 ex
3049 1082 3339 1154 episcppis
3372 1099 3474 1155 per
3517 1071 3705 1138 tetum
3756 1101 3975 1139 annum
4020 1101 4117 1139 or-

2475 1170 2801 1226 dinationes
2860 1188 3014 1227 nunc
3073 1172 3311 1240 faciunt,
3371 1171 3525 1243 quod
3583 1172 3805 1243 priores
3852 1172 4113 1245 episcOpi

2474 1276 2589 1314 non
2622 1260 2926 1316 faciebant.
2959 1259 3234 1316 Revoluta
3263 1264 3402 1315 sunt
3432 1276 3567 1332 ergo
3599 1260 3830 1315 Patrum
3863 1264 4110 1329 statuta;

2474 1352 2530 1403 et
2559 1348 2859 1404 inventum
2886 1348 3023 1421 quia
3044 1348 3331 1421 graduum
3362 1348 3753 1405 ordinationes
3782 1352 3933 1404 recte
3954 1350 4113 1404 ‘ﬁunt

2473 1454 2576 1510 per
2631 1454 2891 1494 mensem
2952 1438 3226 1493 Martium
3281 1442 3338 1493 et
3392 1437 3655 1504 Junium,
3706 1438 4106 1509 Septembrem

2473 1543 2706 1598 quoque
2762 1532 2934 1599 atque
2991 1527 3367 1582 Decembrem
3416 1526 3667 1582 Sabbato
3729 1526 3993 1582 videlicet
4048 1527 4107 1581 in

2474 1615 2776 1671 duodecim
2837 1615 3230 1684 Lectionibus,
3291 1615 3524 1687 quando
3574 1615 3802 1687 jejunia
3856 1618 4114 1682 Quatuor

2471 1703 2821 1775 Temporum
2853 1707 3125 1776 aguntur.
3161 1703 3267 1759 Ubi
3300 1704 3347 1758 si
3379 1708 3541 1759 tanta
3580 1703 3891 1760 multitudo
3936 1705 4109 1761 fuerit

2474 1792 3023 1855 ordinandorum,ut
3052 1793 3300 1848 Sabbato
3324 1809 3435 1847 non
3473 1791 3658 1862 possit
3678 1806 3881 1847 omnes
3893 1792 4110 1864 episco-

2475 1898 2585 1953 pus
2635 1898 2989 1950 consecrare,
3032 1881 3090 1936 in
3151 1881 3405 1936 crastina
3452 1880 3754 1936 Dominica
3806 1897 3989 1952 usque
4033 1882 4106 1936 ad

2475 1969 2678 2025 horam
2711 1974 2933 2025 sextam
2965 1986 2997 2025 a
3028 1985 3199 2024 mane
3227 1968 3323 2040 qui
3357 1968 3746 2040 superfuerint
3777 1969 3988 2024 debent
4018 1986 4111 2023 or-

2476 2057 2685 2113 dinari.
2710 2057 2868 2113 Alias
2898 2061 3094 2112 autem
3127 2056 3289 2112 nullo
3320 2056 3640 2124 modo,nisi
3668 2074 3846 2112 causa
3875 2057 4113 2128 grandis

2476 2146 2859 2213 necessitatis,
2892 2146 2963 2201 de
2994 2145 3300 2200 diaconatu
3332 2149 3561 2200 tantum
3593 2144 3679 2200 vel
3714 2146 4113 2217 presbyteratu

2476 2237 2700 2305 Oportet
2731 2232 3126 2288 ordinationes
3157 2233 3347 2304 agi.Et
3366 2233 3473 2288 hoc
3494 2232 3552 2287 in
3587 2232 3749 2288 nulla
3781 2234 4108 2301 festivitate,

2477 2321 2589 2377 nisi
2620 2320 2919 2376 Dominica
2948 2320 3060 2388 die,
3094 2338 3270 2392 quam
3302 2324 3497 2375 tamen
3519 2322 3812 2391 jejunium
3844 2323 4111 2393 generale

2478 2410 2537 2464 in
2567 2410 2816 2465 Sabbato
2848 2408 3373 2481 prarcesserit.Nam
3395 2412 3453 2464 et
3484 2409 3606 2481 ipse
3638 2409 3944 2481 episcopus
3962 2410 4113 2465 ordi-

2479 2497 2604 2552 nari
2639 2514 2750 2552 non
2785 2501 2992 2569 potest,
3027 2496 3139 2551 nisi
3173 2495 3230 2550 in
3263 2496 3563 2552 Dominica
3594 2498 3704 2563 die,
3730 2498 3881 2553 circa
3906 2498 4112 2553 horam

2479 2585 2592 2641 diei
2622 2585 2873 2640 tertiam.
2927 2585 3005 2640 De
3057 2590 3258 2640 sancto
3310 2588 3506 2640 autem
3559 2585 3833 2658 Gregorio
3886 2590 4114 2643 constat

2480 2674 2618 2747 quia
2648 2690 2948 2746 nunquam
2982 2672 3093 2728 nisi
3126 2673 3184 2728 in
3226 2690 3424 2729 mense
3471 2674 3674 2729 Martio
3724 2675 4118 2731 ordinationes

2479 2764 2615 2836 egit.
2652 2763 2863 2817 Beatus
2890 2778 3021 2816 vero
3055 2763 3260 2817 Petrus
3309 2762 3609 2834 apostolus
3656 2762 3715 2817 in
3766 2780 3967 2820 mense
4017 2764 4120 2819 De-

2479 2849 2751 2916 cembrio,
2786 2854 2843 2904 et
2874 2865 2989 2904 non
3037 2849 3215 2904 aliubi
3246 2868 3259 2918 ;
3288 2850 3345 2903 in
3393 2850 3569 2905 Junia
3617 2855 3811 2906 autem
3855 2855 4118 2907 tantum-

2480 2939 2651 2994 modo
2684 2939 3023 2993 beatus......
3054 2954 3223 3008 porro
3256 2938 3314 2992 in
3357 2938 3684 3010 Septembri
3737 2944 3793 2994 et
3841 2956 3955 2995 non
4005 2939 4117 2996 alio

2478 3028 2748 3082 beatus...
2783 3066 2819 3080 ..

2551 3115 2805 3170 Rursum
2836 3113 2893 3167 in
2937 3113 3181 3185 concilio
3233 3113 3625 3185 conquisitum
3675 3117 3827 3187 (fon,
3861 3134 4118 3189 conque-

2480 3204 2680 3274 stum],
2715 3208 2803 3258 est
2839 3203 2909 3257 de
2956 3202 3472 3257 excommunicatis
3519 3203 3983 3276 Aquitanigenis,
4018 3206 4118 3277 qui

2479 3292 2887 3365 ignorantibus
2914 3290 3198 3363 episcopis
3230 3291 3354 3347 suis
3385 3310 3417 3346 a
3448 3293 3706 3348 Romano
3751 3310 3902 3365 papa
3933 3294 4115 3365 pmni-

710 3385 867 3441 risus
899 3382 1433 3452 fuerit,absciderit
1462 3378 2110 3452 semetipsum,omnino
2141 3379 2374 3433 damne-
2404 3365 2447 3432 C
2481 3381 2723 3436 tentiam
2755 3384 2812 3435 et
2841 3380 3264 3434 absolutionem
3298 3380 3682 3452 accipiunt,et
3711 3381 3818 3437 hac
3840 3382 3910 3437 de
3940 3398 4120 3438 causa

703 3477 820 3544 tur,
857 3474 1010 3548 quia
1044 3488 1193 3528 suus
1225 3469 1518 3527 homicida
1565 3474 1673 3525 est.
1711 3491 1738 3517 ››
1772 3472 1912 3539 (cap.
1945 3469 2059 3535 24.)
2090 3489 2117 3515 n
2164 3466 2372 3521 Laicus

707 3563 1112 3634 semetipsum
1145 3559 1515 3625 abscindens,
1549 3557 1720 3613 annis
1746 3557 1935 3611 tribus
1966 3554 2375 3610 communione

700 3651 998 3722 privetur,
1029 3649 1174 3723 quia
1204 3664 1320 3703 sua:
1350 3647 1476 3701 vita:
1509 3646 1819 3701 insidiator
1847 3643 2137 3699 exstitit.»
2168 3643 2247 3698 De
2278 3642 2377 3697 ho-

701 3740 947 3796 micidia
982 3754 1129 3794 vero
1152 3736 1376 3791 dictum
1407 3739 1497 3791 est
1525 3753 1537 3790 :
1576 3758 1604 3784 ‹‹
1639 3734 1713 3789 Ut
1746 3734 1794 3787 si
1825 3733 1958 3805 quis
1988 3731 2374 3797 voluntarius,

692 3833 751 3884 et
802 3846 932 3884 non
991 3843 1109 3900 per
1156 3824 1585 3889 necessitatem,
1638 3822 1836 3877 fecerit
1888 3821 2290 3887 homicidium,
2323 3823 2380 3875 et

695 3921 913 3989 postea
957 3913 1300 3972 monachus
1333 3912 1505 3968 fuerit
1551 3912 1760 3978 factus,
1794 3911 1865 3965 ad
1915 3904 2131 3982 gradus
2179 3907 2378 3964 altaris

688 4005 1053 4078 promoveri
1090 4019 1207 4058 non
1235 3999 1721 4074 potest.Monachi
1751 3998 1907 4054 enim
1941 3996 2039 4069 qui
2067 3998 2138 4052 ad
2161 3997 2378 4069 gradus

685 4095 1137 4164 provehantur
1175 4088 1621 4155 ecclesiasticos,
1657 4102 2028 4159 summopere
2077 4085 2380 4157 providen-

680 4183 833 4239 dum
871 4188 976 4239 est
1012 4179 1229 4238 abbati
1262 4178 1392 4233 illos
1423 4177 1693 4250 episcopo
1724 4175 2078 4241 oil'erenti,ut
2106 4174 2298 4228 idonei
2328 4176 2385 4228 et

678 4272 933 4343 probati
971 4270 1134 4333 sint,
1162 4268 1332 4339 juxta
1370 4266 1525 4338 quod
1579 4268 1817 4320 sanctus
1866 4261 2210 4318 Benedictus
2258 4261 2381 4317 ait:

674 4382 704 4410 «
738 4361 808 4418 Si
844 4360 1002 4434 quis
1041 4357 1240 4413 abbas
1266 4353 1380 4409 sibi
1412 4354 1815 4425 presbyterum
1847 4350 1933 4406 vel
1961 4351 2270 4405 diaconum
2292 4366 2384 4404 or-

671 4470 703 4500 «
736 4451 957 4506 dinari
996 4444 1275 4521 petierit,
1309 4443 1381 4498 de
1414 4442 1538 4498 suis
1568 4441 1745 4515 eligat
1775 4441 1872 4511 qui
1905 4440 2120 4511 dignus
2165 4439 2242 4493 sit
2290 4455 2387 4493 sa-

669 4559 703 4589 α
734 4537 1037 4596 cerdotio
1072 4533 1269 4606 fungi.
1306 4554 1334 4581 »
1360 4532 1506 4588 Nam
1537 4530 1633 4586 ille
1663 4530 1763 4603 qui
1808 4529 2001 4584 adhuc
2031 4527 2227 4583 vivens
2275 4531 2384 4595 est,

660 4629 772 4700 qui
812 4626 1240 4699 Stephanum
1271 4620 1611 4693 episcopum
1661 4617 1793 4674 dolo
1824 4617 2055 4682 occidit,
2089 4632 2221 4671 cum
2271 4632 2387 4671 non

657 4715 996 4773 inveniret
1013 4727 1148 4786 pro
1162 4713 1326 4765 tanto
1348 4707 1594 4764 crimine
1626 4705 2024 4779 pcenitentiam
2046 4704 2385 4759 Cluniacum

651 4805 1050 4861 coenobium
1092 4798 1295 4871 petiit,
1320 4796 1645 4852 monachus
1677 4795 1757 4850 ibi
1787 4794 2025 4849 effectus
2055 4797 2161 4848 est.
2183 4793 2290 4858 Qui
2324 4792 2398 4848 le-

647 4907 802 4965 gere
842 4899 910 4949 et
946 4892 1231 4947 cantare
1261 4890 1542 4957 tanquam
1579 4884 1801 4956 peritus
1830 4881 2076 4937 clericus
2101 4881 2392 4947 sciens,ab

643 4982 935 5038 Odilone
972 4978 1230 5034 abbate
1261 4974 1626 5047 cogitabatur
1655 4971 1847 5027 oti'erri
1868 4970 2138 5042 episcopo
2167 4970 2239 5025 ad
2262 4986 2393 5042 gra-

642 5071 680 5126 d
692 5088 771 5126 us
807 5070 873 5126 al
882 5067 1059 5125 teris
1070 5109 1086 5121 .
1097 5066 1187 5119 At
1208 5063 1526 5135 prudenter
1542 5066 1802 5117 tractans
1816 5059 2177 5114 venerandus
2189 5058 2391 5125 abbas,

632 5158 886 5215 litteris
924 5149 1230 5213 directis
1262 5150 1334 5205 ad
1360 5166 1573 5222 papam
1602 5150 1931 5205 Romanum
1953 5146 2284 5203 consultum
2305 5162 2398 5202 ex-

631 5246 1056 5321 postulat,et
1094 5235 1340 5295 crimen
1373 5236 1646 5293 monachi
1675 5234 2028 5301 intimat,cui
2042 5233 2398 5306 apostolicus

623 5337 792 5393 talia
826 5328 1297 5392 remandatm
1328 5324 1697 5398 Impossibile
1728 5327 1816 5379 est
1843 5322 2022 5379 talem
2055 5323 2127 5378 ad
2142 5322 2395 5394 aliquem

624 5448 658 5475 ‹‹
690 5425 1002 5498 gradum
1046 5413 1345 5491 provehi,
1373 5431 1477 5470 nec
1506 5413 1679 5468 etiam
1712 5413 1917 5468 otferre
1943 5415 2132 5483 potest
2155 5410 2395 5466 oblatio-

615 5538 649 5566 ‹‹
690 5532 860 5571 nem
899 5511 995 5568 ad
1035 5517 1297 5563 manus
1327 5501 1665 5569 sacerdotis,
1686 5517 1756 5556 ne
1786 5500 1930 5555 forte
1960 5515 2063 5569 pro
2094 5515 2159 5555 eo
2191 5514 2306 5554 uno
2338 5498 2398 5554 in

615 5625 649 5653 ‹‹
690 5602 942 5677 plures
976 5597 1198 5652 furor
1234 5587 1464 5645 Domini
1495 5588 1842 5655 descendat;
1875 5586 1974 5642 sed
2006 5603 2111 5641 nec
2135 5602 2397 5642 commu-

608 5715 643 5743 ‹‹
678 5674 983 5749 nionem
1023 5678 1345 5740 sanctam
1375 5677 1631 5749 accipere
1661 5679 1850 5749 potest
1877 5692 1890 5730 :
1925 5674 1985 5729 in
2017 5674 2175 5730 exitu
2202 5677 2400 5731 autem
2448 5698 2457 5703 η

602 5805 635 5833 ‹‹
672 5782 837 5838 vitae
872 5793 1012 5851 pro
1055 5765 1507 5827 misericordia
1539 5765 1592 5822 ei
1622 5765 1893 5825 viaticum
1926 5764 2115 5821 detur.
2141 5762 2401 5821 Nihilhic

2481 3487 2593 3542 pax
2617 3473 2673 3523 et
2701 3467 3010 3523 concilium
3039 3468 3094 3522 in
3127 3468 3439 3540 Aquitania
3467 3469 3951 3538 destruitur,dum
3971 3487 4120 3543 quos

2480 3557 2576 3613 isti
2596 3558 2759 3627 juste
2791 3556 2994 3629 ligant,
3019 3555 3116 3610 ille
3148 3557 3363 3628 injuste
3391 3558 3655 3613 absolvit.
3680 3559 3764 3614 Ad
3799 3562 3917 3615 haec
3943 3576 4120 3614 vene-

2484 3647 2624 3701 rand
2636 3663 2704 3700 us
2722 3644 3387 3717 Engelricuscanonicus
3402 3646 3623 3702 Sanctae
3641 3646 3831 3702 Maria;
3856 3647 4121 3703 Anicien-

2485 3733 2854 3801 siseeelesiae,
2884 3734 3607 3805 cmpitexplicare,dicens:
3633 3759 3659 3785 «
3686 3736 4016 3808 Stephanus
4029 3738 4125 3791 Ar-

2482 3822 2782 3878 vernensis
2809 3820 3016 3893 praesul
3052 3826 3183 3875 ante
3214 3821 3320 3876 hos
3352 3839 3536 3877 annos
3564 3822 3831 3877 Pontium
3854 3823 4125 3879 comitem

2484 3913 2904 3966 Arvernensem
2963 3908 3561 3965 excommunicatione
3632 3910 3958 3978 obstrinxit,
4021 3927 4124 3981 pro

2485 4014 2663 4053 uxore
2686 3996 2965 4069 legitima,
2997 4013 3174 4067 quam
3207 3995 3525 4062 dimiserat,
3559 4000 3616 4050 et
3646 3996 3819 4052 aliam
3859 3998 4122 4053 duxerat.

2487 4087 2670 4150 Quem
2725 4102 2857 4140 cum
2916 4084 3081 4139 nulla
3128 4084 3350 4139 ratione
3408 4083 3579 4138 vellet
3644 4083 3958 4152 absolvere,
4009 4086 4124 4141 nisi

2489 4175 2883 4237 emendatum,
2919 4189 3113 4227 eomes
3148 4173 3337 4226 Romae
3366 4188 3399 4226 a
3447 4174 3662 4227 domno
3693 4189 3844 4244 papa
3890 4172 4123 4229 absolu-

2490 4263 2707 4318 tionem
2734 4259 3282 4331 accepit,ignorante
3315 4277 3465 4332 papa
3494 4277 3627 4315 eum
3658 4261 4128 4317 excommunica-

2491 4349 2805 4412 tum.Quod
2839 4347 3088 4419 graviter
3116 4347 3424 4419 episcopus
3458 4348 4131 4422 ferens,conquisitorias

2494 4440 2679 4510 [corr.,
2730 4434 3190 4507 conquestorias]
3240 4434 3463 4491 litteras
3510 4437 3754 4491 Romam
3814 4437 4129 4509 apostolico

2495 4527 2692 4593 misit;
2726 4525 2819 4581 cui
2869 4525 2965 4579 ille
2998 4524 3056 4578 in
3086 4524 3243 4578 hunc
3275 4524 3515 4579 modum
3548 4525 3773 4580 remisit
3800 4525 4129 4598 epistolam.

2497 4639 2524 4665 ‹‹
2558 4616 2718 4679 Quod
2753 4614 3078 4669 nescienter
3108 4612 3219 4684 egi,
3248 4613 3422 4667 frater
3451 4612 3813 4680 charissime,
3840 4630 3953 4669 non
3980 4631 4131 4682 mea,

2426 4726 2470 4791 Ι)
2503 4728 2530 4755 ‹‹
2565 4704 2662 4759 sed
2698 4708 2799 4757 tua
2830 4706 2917 4757 est
2945 4700 3135 4791 culpa.
3169 4700 3293 4756 Scis
3336 4700 3492 4756 enim
3536 4701 3672 4791 quia
3702 4703 4037 4776 quicunque
4067 4703 4138 4758 de

2506 4815 2534 4843 ‹‹
2567 4792 2838 4847 universa
2863 4790 2961 4844 Dei
2995 4790 3270 4851 Ecclesia.
3300 4806 3424 4861 quae
3455 4794 3543 4845 est
3569 4790 3627 4845 in
3659 4795 3778 4846 toto
3805 4791 3941 4847 orbe
3964 4794 4141 4847 terra-

2501 4904 2530 4930 ‹‹
2563 4896 2716 4950 rum,
2744 4880 2814 4934 ad
2848 4895 2940 4934 me
2967 4895 3144 4934 causa
3190 4878 3429 4933 remedii
3478 4878 3741 4945 rrcurrit,
3775 4878 4143 4952 impossibile

2504 4993 2532 5020 ‹‹
2565 4972 2654 5023 est
2682 4966 2824 5022 mihi
2869 4967 2997 5036 ejus
3048 4984 3246 5022 curam
3297 4966 3607 5039 negligere,
3642 4967 3866 5024 dicente
3896 4968 4143 5024 Domino

2505 5081 2533 5107 ‹‹
2567 5056 2637 5112 ad
2670 5057 2902 5111 beatum
2938 5055 3268 5127 specialiter
3296 5056 3529 5111 Petrum
3565 5074 3577 5113 :
3613 5061 3787 5125 Patre,
3816 5074 3976 5128 pasce
4022 5073 4145 5113 oves

2509 5168 2537 5195 «
2565 5160 2712 5200 meas
2744 5147 2933 5215 (Joan.
2968 5147 3105 5212 xxx).
3139 5145 3299 5208 Quod
3332 5161 3467 5217 ergo
3500 5146 3669 5200 modo
3722 5147 3888 5201 sedes
3919 5150 4147 5218 aposto-

2508 5256 2535 5283 ‹‹
2568 5232 2680 5288 lica
2708 5231 2919 5304 poterit
2949 5232 3156 5302 ejicere
3186 5232 3441 5304 aliquem
3492 5234 3561 5289 de
3614 5232 3857 5301 medela,
3895 5233 4005 5291 nisi
4054 5251 4145 5289 ra-

2506 5344 2533 5371 ‹‹
2566 5320 2831 5377 tionabili
2864 5321 3087 5375 causa?
3115 5321 3409 5376 Debueras
3438 5327 3590 5377 certe
3636 5322 3799 5392 mihi,
3834 5327 4144 5394 antequam

2507 5432 2535 5458 «
2569 5409 2669 5463 illa
2699 5413 2930 5463 mortua
2959 5408 3268 5477 [morbida]
3302 5408 3423 5463 ovis
3456 5410 3698 5465 Romam
3750 5409 3985 5476 veniret,
4018 5410 4146 5477 ejus

2509 5521 2535 5548 «
2570 5514 2808 5553 causam
2841 5496 2957 5552 tuis
3005 5497 3365 5552 innotescere
3419 5499 3724 5570 apicibus;
3758 5502 3814 5553 et
3865 5514 3969 5568 ego
4016 5513 4141 5549 eam

2511 5612 2537 5637 ‹‹
2573 5585 2909 5642 omnimodo
2937 5585 3552 5658 abjiceren1,tuamque
3582 5586 3864 5642 firmando
3894 5582 4142 5637 auctori-

2513 5698 2539 5727 ‹‹
2573 5680 2776 5740 tatem,
2798 5692 2926 5730 eam
2958 5674 3346 5730 anathematis
3377 5674 3497 5730 ictu
3536 5675 3970 5746 repercuterem.
4005 5666 4141 5718 Pro-

2514 5789 2542 5817 ‹‹
2575 5766 2740 5821 ﬁteor
2770 5763 2983 5836 quippe
3013 5764 3285 5819 omnibus
3317 5758 3815 5819 consacerdotibus
3840 5752 3983 5808 meis
4016 5750 4140 5804 ubi-
