4986 6556
1435 717 1596 794 1399

383 117 721 180 ιιι-η-η
1105 0 4660 282 ΞΜ...-

2378 722 2782 808 JORDANUS
2827 715 3393 786 LEMOWCENSIS
3437 721 3885 786 EPISCOPUS.

4683 719 4817 786 “00

1437 884 1466 912 ‹‹
1502 876 1614 935 que
1655 861 1970 932 terrarum,
2020 859 2348 932 adjutorem
2407 873 2498 913 me
2548 861 2601 912 et
2650 854 3072 912 consolatorem
3102 851 3160 924 Α
3185 855 3453 910 Attamen
3477 856 3613 927 quia
3641 872 3876 912 necesse
3909 853 4158 928 principi
4189 854 4302 914 fuit
4327 857 4393 912 ut
4423 854 4672 912 Romam
4703 873 4815 913 cum

1440 973 1469 1004 «
1501 948 1698 1024 potius
1751 964 1881 1006 esse
1927 964 2106 1021 quam
2154 946 2657 1004 contradictorem.
2705 944 2872 1000 Absit
2921 943 3078 999 enim
3188 941 3516 1015 legionibus
3555 943 3892 1017 Galligenis,
3917 945 4162 1017 jubente
4199 945 4444 1014 Nerone,
4479 951 4815 1018 properaret,

1439 1061 1469 1090 «
1499 1037 1762 1096 schisma
1789 1054 1824 1094 a
1854 1053 1943 1093 me
1973 1041 2030 1094 et
2059 1053 2093 1092 a
2117 1035 2472 1108 coepiscopis
2503 1035 2668 1090 meis.
2693 1035 2889 1105 Itaque
2919 1032 3080 1088 illam

1442 1151 1470 1179 ‹‹
1502 1125 1904 1202 paenitentiam
1948 1129 2004 1182 et
2033 1124 2482 1191 absolutionem,
2514 1139 2689 1196 quam
2722 1127 2822 1178 tuo
2849 1139 3082 1177 excom—

1443 1239 1473 1268 ‹‹
1507 1215 1804 1276 municato
1830 1213 2166 1288 ignoranter
2193 1213 2547 1280 dederam,et
2569 1211 2664 1267 ille
2686 1209 3086 1266 fraudulenter

1449 1325 1479 1357 «
1509 1304 1748 1378 accepit,
1781 1306 2020 1362 irratam
2050 1302 2198 1360 facio
2243 1306 2294 1358 et
2325 1318 2575 1368 cassam,
2610 1305 2674 1356 ut
2705 1301 2774 1356 de
2807 1299 2906 1354 illa
2937 1299 3081 1354 nihil

1446 1417 1476 1446 ιι
1511 1393 1665 1451 aliud
1695 1397 1889 1466 speret
1918 1407 2095 1464 quam
2129 1389 2597 1448 maledictionem
2631 1389 2820 1462 quoad
2853 1388 3082 1444 satisfa-

1448 1505 1478 1534 «
1509 1487 1665 1540 ctum
1693 1485 1758 1538 tu
1779 1481 1942 1556 justo
1971 1479 2258 1537 absolvas.
2291 1501 2319 1532 »

1516 1570 1796 1631 Dicebant
1823 1585 1959 1642 ergo
1984 1568 2242 1642 episcopi
2268 1569 2339 1624 ad
2372 1569 2678 1624 invicemzu
2713 1567 3086 1622 Frustrahaec

1446 1659 1683 1736 querela
1726 1659 2009 1717 adversus
2058 1662 2234 1732 caput
2286 1664 2552 1714 nostrum
2601 1657 2812 1713 mutire
2863 1657 3080 1712 audet:

1445 1747 1800 1824 apostolicus
1844 1747 2000 1804 enim
2031 1747 2253 1819 absque
2283 1746 2456 1819 culpa
2499 1750 2606 1811 est,
2639 1750 2696 1802 et
2744 1745 2936 1818 potius
2979 1762 3086 1800 nos

1440 1837 1766 1912 culpabiles
1794 1852 2022 1903 sumus,
2054 1835 2168 1893 nisi
2198 1835 2408 1893 litteris
2437 1835 2653 1892 nostris
2683 1834 2735 1891 ei
2762 1839 2968 1889 notum
2997 1834 3084 1888 fa-

1445 1927 1695 1994 ciamus,
1722 1926 1794 1982 de
1824 1925 2040 1998 quibus
2078 1923 2354 1982 nolumus
2403 1929 2468 1980 ut
2517 1924 2910 1980 absolvantur.
2939 1925 3083 1980 Cum

1447 2031 1586 2090 ergo
1613 2013 1759 2074 tales
1789 2014 2118 2088 deceperint
2147 2013 2554 2086 apostolicum,
2589 2018 2654 2069 ut
2686 2013 3086 2070 fraudulenter

1447 2103 1824 2164 absolvantur
1869 2103 1942 2160 ab
1995 2120 2083 2175 eo,
2135 2103 2300 2160 irrita
2349 2108 2440 2159 est
2485 2103 2570 2159 eis
2619 2102 2722 2158 illa
2768 2101 3080 2169 absolutio,

3191 1039 3598 1103 praemonente,
3635 1038 3698 1088 ut
3723 1034 4038 1105 credimus,
4071 1034 4239 1090 beato
4283 1032 4570 1102 Martiale,
4602 1035 4818 1090 beatum

3192 1121 3768 1194 Petrumapostolum
3801 1123 3944 1178 adiit
3969 1127 4025 1179 et
4052 1139 4155 1196 pro
4182 1122 4818 1195 virginisinterfectione

3193 1211 3262 1264 ab
3292 1227 3358 1265 eo
3392 1227 3452 1265 se
3484 1211 3700 1266 absolvi
3734 1211 4069 1284 postulavit.
4105 1209 4212 1268 Illa
4252 1212 4509 1284 profecto
4560 1213 4820 1285 principis

3193 1299 3478 1354 absolutio
3505 1317 3540 1355 a
3563 1301 3732 1356 beato
3765 1301 3952 1367 Petro,
3981 1301 4347 1357 confirmatio
4399 1299 4562 1357 illius
4591 1301 4700 1357 fuit
4739 1302 4819 1358 ab.

3192 1387 3499 1444 solutionis
3531 1394 3586 1444 et
3619 1389 3989 1461 paenitentiae,
4023 1405 4202 1461 quam
4233 1389 4286 1444 ei
4314 1389 4526 1446 beatus
4558 1390 4818 1446 Martialis

3193 1477 3496 1532 indixerat.
3523 1478 3686 1534 Certe
3711 1479 3918 1534 beatus
3950 1479 4154 1534 Petrus
4198 1478 4247 1534 si
4291 1477 4466 1534 sciret
4510 1477 4680 1536 illum
4709 1496 4821 1536 esse

3193 1583 3227 1620 a
3255 1567 3421 1621 beato
3455 1567 3714 1622 Martiale
3748 1566 4352 1623 excommunicatione
4381 1567 4822 1642 obligatum,po-

3192 1655 3310 1710 tius
3341 1671 3473 1710 eum
3507 1657 3810 1711 damnaret
3840 1673 4016 1728 quam
4047 1655 4388 1713 absolveret.
4413 1657 4508 1713 Sic
4537 1657 4821 1730 apostolici

3193 1743 3439 1800 Romani
3469 1746 3874 1816 episcoporum
3913 1745 4179 1801 omnium
4233 1745 4588 1802 sententiam
4637 1747 4824 1803 confiro

3193 1849 3372 1899 mare,
3404 1851 3518 1890 non
3565 1833 3879 1890 dissolvere
3927 1835 4160 1901 debent,
4195 1833 4336 1906 quia
4381 1834 4538 1890 sicut
4577 1836 4827 1892 membra

3193 1927 3367 1994 caput
3396 1939 3570 1977 suum
3601 1923 3788 1995 sequi,
3820 1923 3902 1978 ita
3949 1926 4124 1995 caput
4171 1923 4439 1980 membra
4469 1940 4581 1980 sua
4610 1941 4827 1981 necesse

3191 2015 3280 2066 est
3304 2027 3418 2066 non
3449 2011 3798 2067 contristari.
3834 2011 4100 2068 Referam
4129 2027 4262 2068 vero
4295 2012 4371 2068 ad
4401 2011 4830 2071 mdiﬁcationem

3191 2100 3347 2172 quod
3377 2101 3601 2155 dudum
3633 2101 3705 2156 de
3751 2099 3850 2155 illo
3896 2099 4080 2157 milite
4128 2100 4376 2173 contigit
4412 2100 4680 2159 Vascone
4718 2101 4826 2174 qui,

1443 2193 1689 2268 ideoque
1719 2209 1826 2250 nec
1853 2191 1925 2249 ab
1955 2209 2022 2248 eo
2053 2208 2157 2248 nec
2187 2209 2220 2248 a
2247 2191 2416 2248 nobis
2447 2191 2909 2246 conﬁrmanda.»
2941 2191 3081 2254 Qui-
3111 2219 3160 2286 Β
3185 2189 3428 2260 jubente
3468 2189 3614 2244 duce
3659 2188 3990 2244 Vasconum
4039 2189 4270 2256 Sancio,
4325 2189 4622 2246 seniorem
4671 2207 4830 2247 suum

1447 2283 1582 2340 dam
1613 2285 1809 2340 autem
1837 2279 1900 2336 in
1929 2279 2172 2336 concilio
2204 2279 2347 2335 dixit
2382 2297 2394 2334 :
2425 2302 2450 2328 ‹‹
2483 2278 2614 2333 Vidi
2642 2297 2826 2352 nuper
2862 2281 2932 2334 de
2963 2279 3083 2352 epi-

1448 2386 1626 2443 scopo
1651 2367 2101 2441 Engolismensi,
2138 2367 2236 2442 qui
2286 2384 2539 2440 praesens
2588 2373 2696 2433 est,
2730 2369 2882 2440 quod
2933 2368 3081 2424 dico.

1450 2458 1698 2525 Quidam
1731 2473 1799 2516 ex
1829 2455 1953 2514 suis
1982 2455 2899 2528 parochianisexcommunicatus
2914 2459 3085 2525 abeo,

1450 2549 1592 2608 dum
1624 2545 1958 2608 satisfacere
1988 2544 2316 2612 nollet,non
2349 2549 2573 2616 poterat
2596 2545 2905 2618 impetrare
2925 2547 2998 2602 ab
3021 2563 3087 2602 eo

1447 2633 1984 2712 paenitentiamoui
2015 2633 2141 2691 sine
2171 2633 2672 2706 licentiaepiscopi
2691 2635 2778 2689 sui
2804 2652 2963 2707 papae
2979 2635 3088 2690 Ro-

1447 2742 1622 2786 mano
1661 2723 1957 2796 subripuit
2003 2721 2354 2794 poenitentia:
2401 2721 2608 2794 legem,
2643 2727 2698 2777 et
2749 2721 2972 2778 litteras
3021 2739 3089 2777 ex

1446 2812 1681 2872 nomine
1710 2813 1842 2884 ejus
1869 2811 2142 2884 episcopo
2172 2809 2380 2864 detulit
2411 2809 2464 2864 in
2499 2809 2673 2864 Cmna
2701 2809 3091 2882 Domini,qui-

1445 2903 1557 2962 bus
1585 2900 1926 2974 episcopum
1976 2897 2219 2970 rogabat
2269 2897 2619 2968 apostolicus
2669 2903 2956 2969 quatenus
3005 2899 3088 2954 illi

1445 2988 1871 3065 paenitentiam,
1903 3003 2080 3059 quam
2111 2985 2470 3058 imposuerat
2499 2987 2836 3042 afﬁrmaret.
2863 2988 3090 3060 Episco-

1447 3095 1566 3152 pus.
1590 3093 1746 3144 vero,
1769 3074 2103 3148 intelligens
2132 3073 2417 3142 fraudem,
2437 3074 2516 3130 ait
2545 3075 2765 3130 homini
2803 3092 2815 3130 :
2852 3098 2879 3126 ‹‹
2910 3080 3090 3134 Versa

1449 3189 1478 3218 ‹‹
1508 3165 1816 3240 vice,quod
1848 3180 1954 3238 ego
1982 3161 2278 3238 postulare
2307 3163 2619 3218 debueram
2652 3165 2724 3220 ab
2747 3165 3085 3236 apostolico,

1454 3279 1476 3306 ιι
1513 3253 1866 3328 apostolicus
1893 3251 2150 3326 postulat
2177 3267 2213 3306 a
2256 3267 2367 3306 me.
2401 3251 2523 3306 Non
2566 3253 2797 3308 credere
2846 3271 3086 3325 possum

1455 3367 1476 3395 ι
1510 3343 1622 3402 hoc
1665 3341 2007 3404 mandatum
2053 3340 2126 3397 ab
2174 3355 2242 3396 eo
2289 3344 2572 3406 exortum,
2625 3341 2733 3397 hoc
2780 3341 2887 3397 tibi
2941 3342 3086 3397 nihil

1450 3456 1478 3484 α
1512 3431 1658 3498 utile
1684 3434 1852 3500 est,et
1881 3431 2060 3494 donec
2089 3432 2191 3486 aut
2220 3445 2255 3484 ε.
2285 3445 2378 3484 me
2405 3429 2486 3484 vel
2522 3429 2594 3485 ab
2626 3429 2806 3502 hujus
2836 3431 3090 3486 scdisar-

1449 3544 1478 3572 ‹‹
1511 3519 1875 3588 chidiacono,
1913 3535 2006 3578 me
2055 3517 2322 3592 jubente,
2371 3519 2621 3590 accipias
2664 3519 3084 3592 pmnitentiam,

3195 2277 3518 2343 decollavit,
3555 2279 3770 2333 invitus
3798 2283 4016 2345 tamen,
4049 2283 4104 2334 et
4129 2294 4324 2334 errore
4351 2278 4520 2335 ducis
4570 2280 4830 2352 perterri-

3196 2370 3290 2421 tus
3322 2367 3378 2421 id
3430 2367 3566 2438 egit,
3599 2366 4013 2422 interminante
4063 2366 4208 2421 irato
4259 2367 4428 2434 duce,
4461 2372 4521 2424 et
4571 2369 4831 2425 dicente:

3197 2479 3223 2506 α
3260 2455 3380 2510 Nisi
3410 2455 3588 2510 istum
3621 2454 3920 2520 occideris,
3949 2453 4208 2511 occidam
4235 2458 4312 2510 te.
4338 2477 4368 2505 »
4403 2454 4528 2512 Uno
4553 2473 4694 2531 ergo
4725 2457 4829 2511 ictu

3197 2545 3482 2600 seniorem
3517 2543 3817 2615 proprium
3851 2542 4176 2607 decollavit,
4193 2547 4248 2598 et
4277 2544 4636 2616 gravissimo
4651 2543 4834 2602 datm

3197 2631 3469 2704 repletus,
3522 2633 3592 2686 ad
3640 2633 3980 2704 episcopum
4041 2649 4218 2687 suum
4269 2632 4632 2704 paenitentia
4672 2649 4836 2690 ausa

3197 2721 3534 2776 recucurrit.
3568 2721 3670 2776 Cui
3721 2720 3816 2776 ille
3863 2737 4210 2792 compassus
4258 2719 4446 2778 dixit:
4484 2745 4514 2773 ‹‹
4547 2723 4836 2780 Debueras

3198 2834 3225 2859 ‹‹
3260 2827 3362 2882 pro
3393 2810 3618 2866 seniore
3647 2815 3745 2864 tuo
3777 2813 4024 2864 mortem
4056 2808 4380 2882 suscipere.
4411 2814 4736 2884 antequam
4766 2809 4840 2865 illi

3197 2923 3222 2948 α
3261 2915 3472 2954 manus
3503 2897 3698 2970 aliquo
3733 2899 3904 2953 modo
3953 2897 4221 2964 inferres,
4255 2901 4313 2954 et
4342 2904 4575 2973 martyr
4617 2901 4718 2958 Dei
4748 2916 4843 2973 pro

3201 3011 3227 3037 ‹‹
3260 2987 3360 3042 tali
3393 2987 3504 3042 fide
3536 2989 3724 3052 fieres,
3753 2987 3850 3042 sed
3901 2985 4322 3057 gravissimum
4370 2992 4610 3045 reatum
4659 2989 4842 3063 egisti,

3199 3102 3224 3126 ‹‹
3259 3083 3314 3132 et
3345 3077 3510 3131 nobis
3537 3075 3888 3131 inauditum.
3921 3074 4127 3131 Nescio
4168 3075 4276 3130 tibi
4328 3077 4658 3134 consilium
4707 3079 4847 3134 ferre

3197 3190 3225 3216 α
3262 3163 3631 3237 pmnitenﬂm,
3686 3164 3787 3219 sed
3855 3163 3999 3219 vade
4051 3164 4450 3235 quantocitius
4509 3168 4588 3222 ad
4642 3181 4843 3240 papam

3197 3278 3223 3304 ‹‹
3261 3254 3610 3310 Romanum.
3645 3251 3703 3308 Si
3734 3251 3838 3308 tibi
3871 3251 3968 3307 ille
4017 3252 4420 3324 penitentiam
4469 3256 4768 3324 concedit,
4797 3259 4850 3310 et

3201 3365 3221 3392 ι
3259 3359 3363 3413 ego
3393 3341 3638 3413 gaudeo,
3669 3347 3725 3397 et
3754 3340 4114 3408 conﬁrmo;si
4145 3346 4200 3396 te
4231 3340 4330 3398 ille
4359 3343 4672 3414 abjecerit,
4705 3361 4848 3399 nun-

3199 3453 3227 3482 α
3259 3447 3436 3502 quam
3470 3446 3574 3486 nec
3606 3448 3638 3486 a
3669 3445 3761 3485 me
3792 3445 3895 3485 nec
3927 3430 4000 3486 ab
4032 3428 4228 3502 aliquo
4266 3430 4534 3488 invenies
4567 3432 4852 3506 paeniten—

3199 3519 3422 3574 «tiam.
3477 3540 3504 3568 ››
3557 3519 3718 3583 Quod
3783 3517 3879 3573 ille
3945 3517 4210 3574 concitus
4257 3518 4547 3592 implevit,
4601 3526 4666 3578 et
4724 3537 4852 3578 cum

1445 3633 1475 3662 «
1507 3625 1784 3684 permane
1833 3587 1891 3664 in
1941 3587 2558 3666 excommunicatione.
2609 3587 2683 3662 Et
2733 3608 2902 3679 ejecit
2949 3626 3082 3665 eum
3115 3587 3160 3658 (εἶ
3198 3609 3448 3664 testibus
3477 3606 3686 3662 detulit
3715 3623 3914 3663 secum
3941 3605 4168 3663 litteras
4198 3587 4455 3680 episcopi
4485 3587 4705 3668 sui.Et
4725 3625 4855 3668 cum

1444 3722 1476 3757 «
1506 3700 1662 3764 foras
1691 3698 1763 3754 de
1791 3695 2056 3758 ecclesia.
2087 3719 2117 3748 ››

1511 3789 1582 3847 Et
1611 3786 1884 3850 dixerunt
1929 3784 2184 3858 episcopi
2217 3802 2232 3840 :
2265 3806 2295 3834 ‹‹
2328 3785 2445 3840 Hoc
2490 3785 2562 3840 ab
2614 3785 2758 3858 ipsis
2811 3786 3083 3859 apostoli-

1442 3875 1528 3948 cis
1557 3873 1839 3938 Romanis
1868 3877 1929 3930 et
1955 3872 2180 3928 caeteris
2207 3872 2473 3929 Patribus
2505 3878 2742 3930 cautum
2795 3881 3084 3944 tenemus,

1446 3968 1514 4038 ut
1541 3959 1897 4036 parochiano
1928 3975 2034 4016 suo
2065 3959 2373 4034 episcopus
2403 3961 2451 4018 si
2485 3961 2882 4034 pmnitentian
2902 3965 3087 4036 impo-

1445 4051 1557 4121 nit,
1589 4065 1843 4122 eumque
1871 4065 2034 4122 papae
2067 4048 2282 4122 dirigit,
2314 4054 2378 4106 ut
2397 4049 2623 4123 judicet
2652 4056 2848 4107 utrum
2899 4054 2977 4110 sit
3014 4071 3088 4110 an

1449 4125 1566 4204 non
1606 4135 1950 4212 poenitentia
1995 4137 2175 4210 digna
2220 4155 2324 4211 pro
2370 4137 2469 4194 tali
2517 4143 2701 4208 reatu,
2735 4145 2924 4212 potest
2960 4159 3088 4199 eam

1451 4229 1799 4288 conﬁrmare
1828 4227 2145 4286 auctoritas
2185 4244 2366 4300 papae,
2401 4231 2503 4282 aut
2552 4227 2819 4302 levigare,
2853 4235 2954 4286 aut
2992 4248 3089 4286 su-

1455 4315 2133 4402 peradjicereJudicium
2163 4315 2318 4372 enim
2343 4315 2524 4372 totius
2547 4316 2810 4373 Ecclesia:
2843 4320 3094 4376 maxime

1455 4407 1516 4471 in
1546 4405 1864 4480 apostolica
1892 4406 2156 4467 Romana
2176 4405 2312 4461 sede
2345 4409 2590 4460 constat.
2615 4405 2757 4462 Item
2792 4407 2841 4463 si
2871 4409 3094 4480 episco-

1454 4512 1571 4570 pus
1589 4493 2012 4568 parochianum
2059 4509 2235 4552 suum
2279 4509 2412 4549 cum
2462 4493 2710 4551 testibus
2748 4495 2834 4550 vel
2883 4496 3094 4554 litteris

1454 4583 1771 4658 apostolico
1803 4583 1876 4640 ad
1920 4581 2323 4656 paenitentiam
2371 4581 2767 4654 accipiendam
2800 4584 3091 4653 direxerit,

1451 4678 1519 4738 ut
1547 4671 1847 4739 multoties
1871 4688 1975 4744 pro
2003 4669 2368 4744 gravissimis
2400 4671 2521 4725 fieri
2553 4671 2700 4728 solet
2731 4673 3014 4739 reatibus,
3033 4673 3092 4730 in

1452 4761 1667 4834 quibus
1695 4759 1956 4834 episcopi
1987 4760 2058 4816 ad
2091 4759 2329 4833 dignam
2371 4759 2644 4816 haesitant
2689 4761 3093 4833 pmnitentiam

1447 4839 1886 4924 imponendum,
1920 4849 2014 4906 hic
2044 4847 2178 4906 talis
2207 4847 2446 4905 licenter
2496 4865 2531 4904 a
2578 4865 2729 4920 papa
2770 4851 3093 4908 remedium

3193 3696 3548 3770 apostolicus
3578 3695 3836 3752 secunda
3879 3694 4138 3767 paschali
4171 3695 4316 3752 feria
4364 3699 4532 3770 apud
4576 3700 4858 3757 Sanctum

3196 3787 3430 3842 Petrum
3470 3801 3635 3840 sacra
3685 3800 3866 3856 agens
3914 3788 4046 3856 post
4092 3784 4460 3857 evangelium
4513 3789 4858 3854 resedisset,

3194 3875 3368 3946 coepit
3398 3873 3492 3929 ille
3525 3891 3658 3928 reus
3689 3877 3824 3928 ante
3853 3889 3988 3929 eum
4018 3872 4076 3928 in
4108 3880 4427 3946 conspectu
4449 3877 4651 3936 totius
4683 3878 4867 3934 Eccle-

3197 3965 3294 4022 sia:
3343 3961 3688 4036 gravissime
3732 3959 3968 4033 plorans
4015 3965 4073 4017 et
4129 3962 4436 4033 suspirans
4505 3965 4862 4032 exclamare,

3197 4054 3397 4110 dicens
3430 4069 3444 4107 :
3479 4074 3506 4101 ‹‹
3539 4050 3943 4106 Pmnitentiam
3971 4049 4411 4119 volo,domine;
4445 4055 4866 4124 pcenitentiam

3200 4165 3228 4194 ‹‹
3261 4141 3409 4207 volo,
3442 4139 3695 4196 domine.
3733 4161 3760 4188 »
3790 4139 3862 4194 Et
3891 4137 4270 4211 apostolicus,
4313 4140 4414 4212 qui
4447 4141 4676 4198 dextra
4707 4143 4867 4200 leva-

3200 4248 3313 4306 que
3345 4229 3396 4286 ei
3428 4228 3780 4284 assistebant
3805 4227 3923 4284 ait:
3949 4250 3977 4278 ‹‹
4007 4227 4306 4299 Requirite
4335 4246 4440 4300 pro
4471 4247 4612 4302 qua
4641 4233 4870 4306 culpa.»

3200 4321 3302 4377 Ille
3351 4316 3666 4390 inquisitus
3716 4315 3860 4372 nihil
3911 4314 4071 4372 aliud
4117 4316 4394 4373 dicebat:
4443 4341 4476 4369 «
4524 4321 4866 4377 Creatorem

3205 4432 3232 4461 (ι
3265 4423 3460 4478 meum
3511 4405 3746 4469 offendi,
3781 4405 4114 4460 Creatorem
4162 4420 4363 4461 meum
4407 4407 4674 4466 offendi.
4715 4435 4744 4461 »
4775 4408 4868 4466 Cui

3203 4494 3552 4571 apostolicus
3587 4511 3600 4549 :
3633 4517 3660 4544 «
3692 4494 3826 4558 Cur,
3875 4494 4084 4564 inquit,
4135 4493 4480 4566 episcopum
4519 4502 4710 4555 tuum
4764 4515 4870 4554 non
4946 4532 4947 4555 ι

3205 4611 3231 4636 α
3261 4583 3670 4658 exspectebas?
3684 4605 3710 4632 ι)
3726 4583 3795 4637 Et
3825 4582 3947 4637 ille:
3983 4606 4009 4632 «
4047 4581 4366 4655 Episcopus
4391 4600 4582 4644 meus
4601 4606 4705 4646 me
4723 4587 4871 4646 misit

3203 4700 3227 4726 ι.
3263 4676 3334 4731 ad
3365 4680 3440 4730 te.
3477 4696 3505 4722 »
3537 4673 3700 4727 Tunc
3730 4675 3907 4727 testes
3945 4671 4263 4744 apostolico
4286 4676 4871 4746 suggesseruntcul-

3201 4781 3337 4838 pam
3367 4763 3535 4834 eique
3585 4759 3809 4815 litteras
3840 4758 4099 4831 episcopi
4147 4760 4555 4832 protulerunt.
4597 4767 4708 4824 Sic
4755 4783 4878 4839 apo-

3203 4853 3445 4911 stolicus
3473 4850 3744 4922 episcopo
3771 4849 3870 4920 qui
3902 4865 3936 4904 a
3963 4849 4184 4906 dextris
4215 4851 4345 4921 ejus
4393 4853 4617 4910 stabat
4650 4855 4878 4913 locutus

1447 4955 1680 5026 sumere
1721 4937 2110 5026 potest.er
2156 4936 2486 5026 inconsulto
2536 4937 2808 5010 episcopo
2857 4956 2984 5006 suo,
3017 4941 3089 4996 ab
3119 4960 3164 5026 υ
3196 4948 3304 5009 est,
3357 4940 3596 5003 dicens;
3645 4960 3673 4988 «
3723 4935 4040 5026 Recognita
4085 4938 4510 4996 auctoritatem
4589 4944 4874 5005 divinam,

1447 5025 1768 5106 apostolico
1785 5025 2197 5100 paenitentiam
2225 5029 2284 5082 et
2312 5024 2738 5082 absolutionem
2773 5027 3090 5084 neminiac-

1448 5113 1822 5196 ciperelicﬁtt
1851 5113 2025 5181 Sane,
2056 5117 2122 5170 ut
2164 5113 2410 5187 exempli
2456 5131 2634 5171 causa
2685 5114 2906 5188 aliquid
2937 5117 3089 5173 dica-

1447 5201 1784 5280 tumheatus
1809 5197 2090 5262 Martialis
2119 5201 2440 5275 Aquitania:
2471 5203 2772 5276 apostolus
2793 5204 3088 5278 Stephano

1447 5287 1574 5362 regi
1602 5287 1944 5355 Galliarum,
1975 5288 2076 5360 qui
2102 5289 2210 5346 sub
2241 5290 2463 5347 Nerone
2491 5291 2740 5348 Galliam
2791 5310 2976 5366 usque
3013 5295 3086 5350 ad

1448 5378 1682 5432 montes
1711 5375 2012 5448 Pyrenaeos
2046 5377 2284 5449 regendi
2316 5377 2565 5434 habebat
2593 5383 2958 5451 potestatem,
2983 5399 3088 5454 pro

1445 5462 1690 5536 virginis
1717 5462 1956 5520 Valeria:
1999 5462 2399 5520 interfectione
2446 5467 2782 5540 czeterisque
2829 5470 3090 5528 reatibus

1441 5551 1574 5624 jam
1601 5551 2001 5624 paenitentiam
2030 5549 2339 5616 indixerat,
2356 5551 2478 5620 jam
2511 5553 2664 5610 fonte
2695 5557 3084 5628 baptismatis,

1448 5653 1564 5712 quo
1593 5643 1804 5696 cuncta
1834 5637 2106 5694 delentur
2136 5633 2414 5698 admissa.
2439 5639 2628 5709 ipsum
2661 5644 3082 5714 puriﬁcaverat.

3200 5053 3228 5081 ‹‹
3261 5027 3417 5102 quali
3452 5023 3792 5099 pmnitentia
3822 5025 3916 5080 hic
3945 5030 4216 5082 mortuus
4255 5027 4444 5098 possit
4496 5031 4820 5090 viviﬁcari.
4851 5053 4874 5080 ιι

3197 5121 3267 5177 Et
3293 5117 3602 5190 episcopus
3631 5114 3710 5169 ait
3742 5131 3756 5170 :
3790 5135 3818 5164 ‹‹
3859 5113 4144 5170 Dominus
4187 5114 4332 5170 dicit
4378 5115 4440 5170 in
4499 5119 4873 5198 Evangelio:

3199 5231 3227 5260 α
3256 5207 3443 5262 Omnis
3489 5205 3589 5275 qui
3633 5203 3922 5274 reliquerit
3949 5202 4187 5272 domum,
4219 5204 4304 5259 vel
4326 5205 4579 5276 fratres,
4623 5214 4721 5268 υει
4747 5225 4875 5269 sum.

3204 5315 3235 5354 c-
3260 5311 3365 5363 res,
3395 5301 3490 5349 aut
3515 5300 3746 5364 patrm,
3779 5299 3878 5347 aut
3919 5291 4168 5358 matrem,
4200 5300 4298 5348 aut
4343 5309 4629 5368 uxorem,
4677 5309 4778 5359 σω
4819 5300 4874 5371 ﬁ.

3196 5407 3224 5434 α
3253 5385 3372 5450 tios,
3404 5389 3501 5438 aut
3545 5395 3724 5450 agros,
3768 5387 3991 5451 propter
4029 5395 4231 5436 nomen
4272 5397 4492 5451 meum,
4553 5392 4876 5463 centuplum

3197 5495 3226 5526 ‹‹
3258 5474 3487 5544 accipiet
3517 5469 3738 5542 (Matth.
3773 5469 3984 5539 x1x)....
4020 5489 4049 5518 η

3618 5559 3835 5613 Caetera
3858 5556 4287 5613 desiderantur.

2710 5909 3586 5954 *Ἥ

4945 3390 4947 3505 l

4945 3574 4947 3677 γ

4945 3390 4947 3505 l

4945 3574 4947 3677 γ

4946 4886 4947 4915 l

4946 5056 4947 5089 l

4946 5102 4947 5149 l

4946 5176 4947 5207 ι

4945 5222 4947 5323 ἕ
