4986 6542
697 453 835 517 1403

2138 452 2590 514 DIPLOMA'I‘A
2604 497 2620 515 .

3917 460 4071 523 M06

1452 789 2250 925 GUlDONlS
2346 791 3290 927 DIPLOMATA

2167 1041 2568 1056 *-

1476 1201 1497 1254 Ι

695 1284 937 1343 Guidonis
979 1287 1563 1414 privilepsiugztodila:
1616 1289 1909 1345 abbatissa:
1960 1287 2322 1343 Parthenonis

1247 1400 1258 1413 .
1334 1375 1362 1414 e
1388 1376 1438 1413 νι
1468 1375 1797 1414 concessum.

1247 1400 1258 1413 .
1286 1375 1438 1414 rem
1468 1375 1797 1415 concessum.

1297 1485 1485 1553 (Anno
1517 1483 1698 1555 1035.)

800 1588 984 1660 [Dom.
1024 1589 1285 1656 Marmor,
1316 1592 1617 1663 Metropolis
1647 1592 1946 1658 Remensis,
1983 1591 2053 1657 II,
2083 1591 2195 1661 85.]

749 1729 807 1785 In
840 1730 1083 1787 nomine
1115 1730 1234 1786 Dei.
1266 1733 1469 1787 Amen.

744 1817 858 1890 Ego
886 1819 1063 1885 Vido,
1105 1820 1421 1876 Remorum
1465 1819 1957 1892 archiepiscopus,
1993 1819 2207 1875 futuris
2237 1824 2322 1874 at-

681 1920 785 1976 que
835 1908 1253 1979 praesentibus,
1314 1912 1526 1964 nostrae
1571 1907 1966 1963 conventionis
2014 1925 2323 1963 commune

678 1998 955 2053 statutum
976 1997 1143 2070 quod
1156 1997 1233 2053 de
1249 1997 1417 2052 altari
1429 1996 1625 2052 Sancti
1637 1996 1912 2069 Stephani
1935 1998 2177 2052 fecimus
2190 2015 2322 2052 cum

674 2080 858 2140 Sancti
876 2085 1041 2141 Petri
1064 2085 1359 2141 abbatissa
1373 2085 1621 2152 Odila,ct
1643 2086 2205 2142 sanctimonialibus.
2223 2087 2325 2141 De-

669 2170 856 2229 functo
880 2175 1154 2241 Dodone,
1188 2176 1347 2230 venit
1377 2175 1435 2229 in
1467 2178 1667 2231 nostra
1707 2192 1885 2230 manu
1935 2178 1992 2229 et
2041 2178 2323 2246 potestate

673 2263 1081 2333 supradictum
1116 2262 1297 2320 altare
1328 2283 1340 2332 ;
1374 2264 1674 2319 abbatissa
1704 2280 1857 2329 vero,
1891 2264 2088 2318 audita
2140 2268 2324 2319 morte

676 2348 947 2421 Dodonis,
983 2369 1173 2426 quam
1206 2353 1380 2407 citius
1412 2352 1616 2423 potuit,
1651 2352 1793 2407 adiit
1822 2352 2186 2423 praesentiam
2222 2369 2323 2406 no-

682 2441 872 2496 atrae...
906 2440 1334 2498 familiaritatis
1363 2445 1419 2496 et
1448 2444 1512 2496 ut
1541 2458 1690 2511 saepe
1723 2441 1943 2496 dictum
1974 2440 2151 2495 altare
2192 2457 2324 2495 san-

2350 1197 2405 1264 Α
2505 1197 2809 1255 Oldaricus
2838 1201 2909 1255 ad
2939 1201 3123 1257 vicem
3152 1201 3434 1259 Harduini
3472 1206 3790 1264 cancellani
3838 1212 4075 1286 scripsit

2432 1290 2488 1342 et
2512 1287 2881 1360 subscripsit.

2433 1490 2633 1547 Charta
2665 1493 2925 1573 Widoais
2953 1409 3365 1573 archiepislclopi,
3408 1516 3517 1573 qua
3560 1501 3899 1573 Remigianis
3943 1522 4071 1563 con-

2847 1568 2957 1636 fert
2982 1567 3156 1623 altare
3183 1568 3247 1624 de
3277 1567 3652 1628 Cruseiniano.

3052 1673 3239 1744 (Anno
3272 1676 3455 1748 1040.)

2611 1774 2699 1846 [D.
2733 1776 2991 1842 MARLOT,
3022 1778 3325 1851 Metropolis
3356 1781 3647 1853 Remensis,
3682 1783 3749 1853 II,
3783 1788 3897 1858 85.]

2504 1908 2566 1963 In
2598 1909 2834 1965 nomine
2865 1914 3077 1965 sanctae
3116 1915 3171 1967 et
3200 1911 3511 1970 individua:
3562 1918 3900 1976 Trinitanis.
3956 1924 4072 1996 Ego

2436 2000 2504 2049 W
2509 1996 2730 2066 ido,Dei
2744 1998 2931 2070 gratia
2943 1999 3255 2056 Remorum
3278 2003 4076 2079 archiepiscopus,notiﬁcarc

2431 2086 2601 2157 cupio
2633 2086 2896 2142 Ecclesiae
2928 2092 3158 2157 nostrze,
3192 2094 3310 2145 tam
3338 2095 3724 2164 praesentibus
3763 2115 3940 2169 quam
3987 2102 4078 2157 fu-

2429 2175 2581 2229 turis
2612 2175 2900 2241 ﬁdelibus,
2918 2176 3170 2247 qualiter
3190 2195 3225 2233 a
3244 2180 3480 2236 domino
3500 2183 3709 2239 abbate
3726 2185 4079 2246 Theodorico

2433 2262 2772 2334 caeterisque
2803 2268 3001 2319 oratus
3031 2269 3084 2319 et
3117 2272 3386 2323 exoratus
3426 2269 3605 2325 altare
3654 2273 3724 2328 de
3770 2274 3907 2331 villa
3944 2262 4079 2348 qua:

2433 2351 2840 2408 Crusciniacus
2906 2353 3121 2408 dicitur
3185 2372 3288 2426 pro
3358 2357 3564 2413 animae
3622 2378 3762 2417 meae
3822 2366 4078 2422 remedio

2435 2440 2493 2495 S.
2523 2440 2771 2512 Remigii
2810 2441 3151 2498 tradiderim
3202 2445 3481 2512 coenobio,
3535 2449 3606 2503 ad
3660 2449 3759 2505 Dei
3805 2451 4080 2524 gloriam,

682 2530 764 2583 cto
786 2528 952 2586 Petro
984 2531 1365 2587 concederem
1399 2528 1867 2602 impersonaliter
1914 2531 1953 2595 ί,
2004 2529 2322 2601 requisivit.
2356 2564 2404 2630 B
2438 2528 2592 2583 beati
2625 2546 2854 2601 quoque
2888 2529 3074 2586 Patris
3104 2534 3160 2586 et
3190 2534 3574 2592 antecesseris
3605 2539 3788 2594 nostri
3833 2540 4079 2615 Remigii

683 2615 796 2671 Tali
812 2622 1014 2675 tenore
1026 2618 1393 2692 praebuimus
1406 2634 1712 2674 assensum
1736 2617 1997 2690 petitioni
2018 2618 2326 2673 abbatissa:

679 2708 729 2758 et
756 2706 1304 2765 sanctimonialium
1335 2711 1418 2771 ut,
1454 2707 1713 2778 quandiu
1743 2707 1799 2761 in
1828 2707 1936 2762 hoc
1967 2705 2175 2761 saeculo
2209 2707 2327 2761 vita

678 2795 877 2853 comite
902 2797 1224 2863 fuerimus,
1254 2796 1537 2851 memoria
1568 2796 1750 2851 nostri
1785 2796 1946 2851 ﬁeret
1976 2811 2326 2867 unaquaque

674 2879 808 2939 hora
836 2885 897 2941 in
931 2885 1307 2943 orationibus
1338 2901 1560 2941 earum.

736 2972 1060 3048 Postquam
1078 2990 1360 3046 suprema
1379 2974 1827 3041 dies,subtracto
1848 2973 2325 3039 lumine,nostros

670 3058 940 3120 clauserit
962 3063 1193 3131 oculos,
1209 3063 1535 3132 annuatim,
1553 3062 2013 3119 sicutconventio
2031 3062 2328 3128 fuit,anni-

668 3153 989 3209 versarium
1018 3156 1295 3209 nostrum
1319 3151 1686 3207 recoleturab
1712 3150 1936 3219 illis,ita
1957 3156 2020 3206 ut
2042 3150 2101 3205 in
2126 3150 2222 3205 illo
2235 3150 2326 3207 die

617 3293 620 3296 .
667 3252 764 3307 pro
792 3241 1012 3313 animae
1039 3245 1259 3297 nostra:
1281 3240 1538 3296 remedio
1565 3239 1885 3296 celebretur
1913 3238 2111 3312 vigilia
2141 3241 2197 3294 et
2226 3239 2324 3294 de-

668 3324 1001 3386 functorum
1034 3331 1139 3385 fiat
1170 3329 1621 3395 commendatio,
1656 3327 1983 3384 convocatis
2019 3328 2324 3384 duodecim

662 3418 1046 3489 presbyteris,
1080 3417 1328 3474 totidem
1361 3416 1568 3472 missae
1589 3418 1791 3472 eodem
1817 3417 1912 3471 die
1943 3420 2247 3482 canantur,
2271 3421 2327 3472 et

661 3516 760 3571 pro
789 3507 999 3564 anima
1029 3510 1239 3564 nostra
1270 3506 1329 3560 in
1363 3505 1663 3561 refectorio
1702 3505 1992 3561 satientur
2040 3522 2326 3577 pauperes

658 3591 919 3665 triginta,
954 3597 1035 3653 ob
1068 3594 1420 3651 memoriam
1453 3594 1634 3649 nostri
1667 3594 1726 3648 in
1762 3610 1947 3649 unum
1978 3610 2324 3666 congregan-

662 3686 1059 3754 gentur,et,ut
1071 3684 1301 3740 dictum
1315 3687 1531 3755 est,pro
1543 3682 1876 3755 supradicto
1890 3682 2057 3737 altari
2070 3682 2129 3736 in
2144 3682 2324 3737 nomi-

654 3782 721 3823 ne
742 3770 966 3831 Christi
990 3771 1505 3843 reﬁciantur,quia
1524 3771 1805 3842 scriptum
1830 3775 1916 3826 est
1939 3788 1951 3826 :
1969 3770 2117 3839 Quod
2139 3772 2239 3826 uni
2256 3787 2325 3825 ex

656 3859 907 3918 minimis
946 3864 1101 3919 meis
1128 3861 1356 3932 fecistis,
1385 3860 1531 3916 mihi
1554 3861 1779 3929 fecistis.
1801 3859 1867 3914 Et
1891 3863 1955 3914 ut
1976 3859 2085 3915 hac
2114 3863 2322 3914 nostrae

2438 2633 2717 2685 amorem,
2752 2618 3046 2674 evidenter
3074 2621 3449 2678 considerans
3480 2641 3586 2696 par
3615 2643 3741 2682 esse
3771 2629 3952 2699 justis
3981 2646 4079 2702 pe-

2433 2705 2739 2761 titionibus
2790 2707 3178 2778 acquiescere,
3210 2709 3640 2785 Dominumque
3696 2714 3969 2773 honorari
4020 2718 4081 2774 in

2435 2794 2663 2849 sanctiu
2707 2795 2758 2848 si
2785 2796 3136 2851 confessoris
3172 2800 3559 2858 veneratione.
3611 2803 3735 2859 Non
3789 2805 3946 2862 enim
3996 2806 4083 2863 di-

2435 2900 2617 2955 gnum
2640 2881 2899 2954 judicavi
2932 2900 3053 2939 rem
3084 2885 3323 2956 petitam
3355 2888 3695 2962 denegando
3729 2893 4082 2950 Francorum

2434 2970 2696 3042 apostolo
2727 2976 2899 3042 atque
2930 2977 3194 3043 patrono,
3228 2975 3525 3048 refragari,
3560 2980 3727 3050 cujus
3760 2983 4082 3053 patrocinio

2435 3077 2540 3116 nos
2575 3077 2883 3132 speramus
2909 3077 3140 3133 semper
3168 3069 3223 3117 ct
3254 3064 3470 3136 ubique
3500 3069 3743 3140 protegi.
3773 3069 3856 3126 Ne
3887 3075 4082 3128 autem

2433 3149 2765 3205 inconsulta
2796 3149 2854 3203 in
2886 3148 3053 3204 altari
3102 3148 3315 3206 tradito
3365 3159 3603 3224 putetur
3648 3158 3949 3215 temeritas
3980 3160 4082 3231 (3),

2433 3254 2721 3293 consensu
2752 3242 2926 3309 atque
2962 3239 3202 3294 consilio
3235 3239 3462 3297 Bcroldi
3492 3243 3929 3301 Suessionensis
3960 3248 4081 3318 epi-

2434 3327 2617 3398 scopi,
2676 3326 3019 3382 clericorum
3073 3327 3247 3383 etiam
3307 3345 3373 3385 ac
3424 3330 3705 3387 laicorum
3746 3337 4079 3390 nostrorum

2432 3415 2733 3482 instinctu,
2765 3414 3102 3486 praedictum
3135 3415 3316 3472 altare
3333 3420 3542 3474 Sancto
3566 3418 3827 3492 Remigio
3866 3422 4083 3478 tradidi

2433 3503 2849 3575 possidendum
2874 3504 3008 3573 jure
3039 3505 3277 3576 perenni
3318 3505 3420 3561 tali
3467 3506 3853 3578 permissione
3882 3509 4084 3567 habita

2432 3596 2518 3659 ut,
2552 3609 2670 3647 una
2697 3609 2947 3664 persona
2966 3593 3258 3663 defuncta,
3286 3611 3318 3649 a
3338 3593 3450 3649 loci
3472 3596 3679 3651 abbate
3700 3603 4083 3668 praesentetur

2433 3681 2633 3749 altera,
2668 3681 2758 3736 cui
2791 3680 2971 3736 altare
3008 3683 3283 3738 reddatur
3330 3684 3554 3756 absque
3602 3685 3757 3740 omni
3809 3687 4077 3759 pecunia,

2432 3767 2682 3840 talisque
2713 3770 2791 3824 sit
2820 3786 3203 3840 personarum
3240 3772 3581 3828 substitutio
3612 3790 3713 3845 per
3741 3774 3971 3831 saecula.
3997 3777 4081 3832 Ita

2430 3860 2626 3913 tamen
2660 3862 2724 3913 ut
2752 3875 2854 3930 pro
2881 3862 3145 3930 respectu
3176 3859 3445 3916 denarios
3467 3861 3967 3928 octodecim,sicut
3997 3881 4079 3921 re-

653 3950 1028 4007 auctoritatis
1073 3949 1365 4021 scriptum
1414 3949 1566 4020 quod
1618 3947 1861 4002 fecimus
1908 3947 2324 4003 inconcussum
2356 3924 2398 3995 C
2433 3945 2595 4018 liqua
2623 3947 2847 4013 altaria,
2880 3951 2999 4002 tam
3032 3947 3175 4001 mihi
3215 3965 3392 4019 quam
3439 3949 3875 4006 successoribus
3905 3952 4073 4020 meis,

647 4042 883 4093 maneat
915 4038 1166 4094 cunctis
1211 4037 1421 4092 diebus
1453 4040 1652 4092 nostra
1701 4035 2042 4092 auctoritate
2087 4036 2324 4091 omnino
2433 4034 2617 4090 solvat
2648 4036 2704 4090 in
2739 4036 2958 4108 synodo
2989 4036 3406 4107 annua.Hujus
3437 4037 3874 4092 conventionem
3896 4038 4077 4094 tradi-

647 4126 1146 4183 corroboramus.
1180 4124 1426 4197 Insuper
1451 4129 1508 4179 et
1538 4124 1725 4180 sancti
1756 4124 1906 4179 Petri
1940 4124 2104 4196 regni
2152 4124 2323 4179 coelo-
2429 4121 2606 4179 tionis
2635 4124 2835 4180 volens
2865 4141 3204 4196 permanere
3224 4124 3617 4180 inviolabilem
3641 4124 3856 4198 scripto
3879 4127 4074 4183 studio

644 4226 776 4268 rum
804 4215 1128 4289 clavigeri,
1181 4214 1274 4270 cui
1326 4214 1667 4285 praedictum
1716 4212 1897 4268 altare
1946 4212 2320 4280 contulimus,
2431 4210 2715 4268 destinavi
2747 4214 2995 4284 posteris
3024 4214 3096 4268 ad
3128 4212 3641 4269 conservationem.
3675 4213 3944 4277 Quinimo
3979 4232 4073 4271 au-

641 4296 747 4357 hoc
768 4304 1079 4378 scriptum
1098 4302 1338 4375 nosipsi
1352 4302 1735 4368 ﬁrmavimus,
1750 4318 2046 4373 manuque
2061 4300 2320 4356 ﬁdelium
2431 4301 2696 4356 ctoritate
2718 4301 2820 4356 Dei
2849 4301 3265 4373 omnipotentis
3283 4301 3488 4368 Patris,
3504 4306 3561 4357 et
3584 4301 3731 4370 Filii,
3747 4306 3803 4358 et
3823 4302 4074 4375 Spiritus

640 4396 987 4449 nostrorum
1022 4391 1298 4448 roborari
1331 4389 1598 4446 fecimus.
2430 4388 2638 4456 sancti,
2673 4406 2777 4444 nec
2801 4406 2914 4445 non
2940 4391 3117 4445 beatae
3139 4390 3330 4446 Mariae
3348 4389 3611 4462 virginis,
3633 4389 3815 4447 sancti
3840 4407 4075 4463 quoque

702 4480 921 4538 Actum
956 4480 1484 4552 Remis,regnante
1506 4494 1639 4551 rege
1671 4479 1917 4535 Henrico
1947 4477 2322 4549 an.vm,epis-
2431 4478 2680 4550 Remigii
2713 4478 3094 4551 omniumque
3124 4483 3458 4534 sanctorum
3483 4478 3937 4551 suﬂragantibus
3960 4492 4077 4536 me-

637 4573 882 4639 cepatus
916 4568 1144 4627 domui
1173 4566 1456 4624 Guidonis
1489 4584 1580 4623 an.
1612 4585 1644 4622 ιι
1678 4567 1774 4639 (2).
2429 4564 2580 4633 ritis,
2604 4566 3182 4622 excommunicamus
3214 4566 3461 4638 praefatae
3484 4565 3879 4622 conventionis
3894 4564 4072 4621 viola-

2428 4657 2638 4721 torem,
2666 4654 2914 4709 testibus
2943 4653 3036 4708 his
3068 4655 3473 4726 praesentibus.

2500 4742 2750 4798 Widone
2782 4742 3232 4815 archiepiscopo.

2500 4831 2730 4887 Albrico
2761 4830 3088 4904 praeposito.

2499 4919 2879 4977 Constantino
2910 4920 3147 4976 decano.

2500 5008 2741 5066 Beroldo
2771 5008 3062 5081 episcopo.

2499 5097 2841 5154 Guntranno
2875 5095 3309 5168 chorepiscopo.

702 4655 824 4729 Sig.
861 4654 1178 4716 Harduini
1210 4654 1626 4711 archidiaconi.

660 4756 661 4759 ‘
699 4745 813 4801 Sic.
850 4743 1160 4804 Richardi
1194 4743 1608 4800 archidiaconi.

656 4874 659 4875 ν
701 4833 824 4908 Sig.
859 4831 1205 4893 Conranni.
1235 4832 1461 4889 decani.

696 4923 817 4997 Sig.
849 4922 1096 4980 Alberti
1132 4920 1464 4977 camerarii.

701 5009 823 5086 Sig.
854 5008 1163 5067 Alberici.
1229 5040 1234 5045 -

694 5098 819 5174 Sig.
852 5094 1175 5158 Harduini
1206 5094 1386 5168 hujus
1415 5095 1527 5153 loci
1557 5093 1869 5168 praepositi.

696 5239 770 5316 (Ι)
806 5234 1932 5316 Impersonaliterfenendmnpancedit,
1956 5238 2054 5316 hoc
2080 5241 2157 5290 est
2196 5236 2316 5316 sine

619 5291 1199 5386 pelitnffidé'eérq
1223 5291 1751 5375 titillarissuccedat,
1784 5310 1834 5360 et
1879 5291 1961 5364 sic
2001 5291 2193 5379 forsan
2232 5308 2315 5362 αἱ·
2345 5291 2394 5356 D

626 5377 749 5439 tare
770 5377 913 5441 σαγή
935 5396 1121 5440 onere
1154 5377 1341 5435 datur.

2426 5238 2619 5313 scopis
2636 5237 2819 5294 libera
2836 5238 2907 5294 ab
2925 5236 3083 5293 omni
3102 5240 3411 5313 personatu
3432 5237 3569 5313 data
3580 5244 3727 5313 sunt
3744 5238 4071 5313 ingratiam

2425 5306 2869 5382 religiosorum,
2891 5313 2956 5364 ut
2985 5306 3148 5382 patet
3169 5325 3238 5363 ex
3268 5308 3466 5382 charta
3507 5306 3781 5382 _Elinandi
3808 5306 4069 5382 Eaudun.

2424 5377 2678 5452 epis'COpi
2714 5381 2773 5435 in
2806 5377 3057 5452 Historia
3086 5378 3346 5452 Dionysii
3375 5377 3616 5452 fol._£63.
3645 5384 3792 5436 Item
3816 5379 4073 5452 exaltari

694 5457 768 5527 (2)
795 5459 908 5513 An.
944 5458 991 5527 2
1013 5448 1198 5522 regni
1216 5451 1455 5507 Henriei.
1487 5447 1823 5506 numerando
1869 5466 1904 5505 α
1955 5449 2043 5506 die
2087 5462 2313 5504 eorona—
2424 5447 2497 5507 de
2525 5455 2581 5506 S.
2604 5447 2828 5527 Thema
2852 5447 3306 5527 perManassein
3328 5448 3582 5527 archiep.
3608 5464 3750 5527 ann.
3782 5451 3917 5527 1996
3939 5464 4071 5527 con-

623 5518 793 5583 tionis
824 5518 1117 5591 ejusdeni
1574 5590 1579 5591 ί
1858 5589 1868 5591 _
2091 5588 2100 5591 _
2424 5540 2608 5578 cessa.
2643 5544 2673 5571 «
2703 5518 2916 5591 Altare,
2946 5519 3160 5591 inquit,
3190 5520 3367 5591 beati
3414 5518 3658 5591 Thomas,
3699 5525 3757 5576 S.
3809 5518 4067 5584 Remigio

688 5598 765 5671 (3)
796 5586 1044 5656 Αἱιαι-ίο,
1076 5591 1465 5673 monasteriis
1495 5589 1893 5673 p‘rim‘um‘sub
1927 5588 2140 5673 vicaria
2172 5603 2314 5673 per-
2424 5591 2831 5673 contradidi,et
2855 5586 2920 5645 ut
2940 5586 3157 5645 ibidem
3178 5590 3384 5673 fratres
3398 5596 3509 5673 Deo
3534 5586 3857 5673 militantes
3872 5598 4067 5654 aggre-

619 5656 908 5726 sonarum
958 5661 1405 5737 constitutione
1435 5656 1875 5737 tribuebantur,
1910 5667 1973 5717 ut
2002 5656 2190 5737 Widol
2215 5658 2316 5737 hic
2423 5668 2649 5737 gentur,
2692 5656 2916 5734 absque
2941 5675 3187 5732 persona
3217 5661 3531 5718 tenendum
3555 5656 3840 5713 concessi.
3875 5675 3903 5701 ››

617 5739 1000 5815 Remigianis
1035 5737 1151 5792 dat
1186 5731 1662 5790 Crusciniacum:
1694 5732 1897 5804 postea
1926 5748 2058 5790 vero
2089 5729 2158 5789 ab
2193 5732 2316 5804 epi-
