4986 6548
920 607 1076 674 1407

989 741 1302 812 Richardo,
1333 740 1620 810 Odalrico,
1651 745 1759 798 etc.

990 837 1202 892 Actum
1231 837 1323 890 est
1353 831 1571 902 Remis,
1599 847 1750 887 anno
1785 828 2098 886 Dominicae
2145 825 2563 884 incarnationis

923 924 1084 990 1049,
1115 921 1320 978 indict.
1347 937 1468 990 vm,
1501 922 1775 992 regnante
1815 916 2058 974 Henrico
2102 933 2235 989 rege
2277 933 2414 971 ann.
2460 932 2560 980 xu,

922 1012 1295 1084 episcopatus
1323 1007 1543 1064 domini
1575 1007 1840 1062 Widonis
1871 1023 1970 1071 vn,
2001 1005 2200 1060 Testes
2245 1004 2560 1071 Gerardus,

922 1099 1286 1164 Erlebaldus,
1319 1096 1619 1164 Henricus,
1652 1094 1994 1160 Bernaerus,
2022 1098 2185 1159 Boso,
2221 1092 2560 1157 Rainaldus,

919 1188 1616 1244 Varinus.Vauterannus
1641 1182 2022 1240 cancellarius
2046 1181 2281 1254 scripsit
2303 1187 2328 1246 τ
2355 1185 2410 1236 et
2431 1182 2565 1236 sub-

923 1276 1175 1350 scripsit.
1209 1276 1304 1349 (4).

919 1472 1216 1532 Concordia
1260 1471 1498 1528 Widonis
1542 1469 1938 1540 archiepiscopi
1983 1467 2255 1540 “emensis
2301 1481 2426 1520 cum
2469 1465 2562 1521 Ri-

1187 1544 1350 1601 cardo
1379 1545 1574 1598 abbate
1601 1539 1657 1596 S.
1681 1539 1887 1596 Vitonis
1915 1539 2286 1595 Virdunensis.

1547 1647 1720 1718 (Anno
1751 1647 1934 1713 icio.)

915 1764 1146 1840 [Vnum
1160 1759 1428 1840 Anchives
1445 1751 2013 1840 ‘ad-rr‘iinistfatrivefwde
2041 1753 2095 1833 la
2124 1751 2558 1840 uitle‘deiltezms,

1068 1823 1284 1907 p.206,
1315 1845 1384 1886 ex
1413 1825 1768 1884 cbartulario
1797 1827 1854 1882 S.
1882 1825 2108 1880 Vitonis
2138 1823 2410 1892 Virdun.]

987 1959 1102 2032 Ego
1117 1955 1313 2023 Wido,
1329 1953 1427 2010 Dei
1455 1967 1696 2008 munere
1726 1950 2038 2006 Remorum
2064 1947 2560 2019 archiepiscOpus,

914 2049 1275 2106 innotescere
1301 2041 1432 2099 volo
1456 2039 1683 2097 cunctis
1715 2038 2098 2112 praesentibus
2129 2042 2185 2092 et
2216 2035 2426 2091 futuris
2459 2036 2558 2090 Ec-

914 2136 1102 2194 clesia:
1133 2137 1344 2190 nostrae
1367 2129 1638 2185 ﬁdelibus
1657 2127 1812 2200 quod
1837 2125 2019 2182 altare
2043 2126 2112 2181 de
2133 2125 2405 2180 Wivariis
2444 2128 2560 2179 tra-

915 2222 1166 2282 diderim
1224 2217 1487 2276 coenobio
1540 2217 1600 2272 Β.
1655 2214 1828 2281 Petri,
1879 2215 2182 2286 sanctique
2227 2212 2454 2269 Vitonis
2499 2213 2560 2268 in

917 2309 1202 2371 suburbio
1213 2304 1585 2372 Virdunensi,
1606 2304 1665 2359 in
1688 2304 1878 2359 dando
1897 2320 2116 2358 annexa
2131 2302 2431 2359 occasione
2453 2301 2562 2356 hu-

908 2396 1174 2474 jusmodi
1203 2393 1564 2453 :Richardus
1584 2392 1764 2448 abbas
1789 2395 1845 2448 et
1868 2391 2072 2448 fratres
2087 2391 2352 2463 ejusdem
2375 2406 2564 2446 caeno-

914 2489 997 2548 bii
1029 2485 1218 2562 questi
1251 2488 1391 2540 sunt
1433 2482 1589 2555 apud
1649 2498 1742 2537 me
1795 2481 1950 2553 quod
2005 2485 2336 2536 antecessor
2394 2495 2563 2534 meus

913 2577 1190 2636 dominus
1216 2571 1456 2630 Ebalus
1486 2571 1704 2642 injuste
1725 2569 2028 2626 abstulerit
2050 2573 2347 2625 monetam
2371 2568 2562 2624 Mosc-

913 2679 1183 2728 mensem
1229 2663 1302 2718 de
1355 2658 1614 2716 ccenobio
1663 2658 2019 2730 supradicto,
2073 2674 2251 2730 quam
2299 2655 2562 2729 legaliter

913 2753 1194 2812 tenebant
1219 2766 1290 2806 ex
1319 2749 1472 2805 dono
1521 2745 1886 2819 imperatoris
1932 2745 2182 2813 Henrici,
2228 2745 2560 2801 interventu

913 2855 1150 2914 quoque
1179 2835 1518 2894 Herimanni
1547 2835 1778 2892 comitis
1807 2836 1975 2907 cujus
2018 2833 2332 2891 beniicium
2381 2832 2556 2890 exsti-

913 2931 1084 2985 terat.
1115 2927 1274 2984 Hanc
1293 2925 1449 2982 enim
1471 2941 1589 2981 sum
1609 2927 1848 2980 moneta:
1869 2921 2138 2979 Remensi
2155 2923 2554 2994 conjunxerat.

913 3018 996 3074 De
1025 3033 1143 3090 qua
1170 3032 1233 3072 re
1262 3013 1476 3088 saepius
1505 3017 1821 3069 conventus
1860 3029 1896 3068 a
1935 3012 2150 3067 domno
2195 3010 2404 3067 abbate
2453 3011 2556 3066 Ri-

913 3106 1128 3166 chardo
1158 3120 1226 3162 ac
1257 3103 1534 3160 fratribus
1568 3103 1718 3174 ejus,
1765 3117 1898 3157 cum
1941 3101 2269 3156 renuissem
2317 3100 2556 3156 reddere

912 3212 1092 3268 quam
1121 3193 1458 3267 repetebant
1485 3193 1800 3258 monetam,
1825 3206 1898 3246 ne
1917 3188 2141 3245 viderer
2160 3188 2430 3245 mutilare
2452 3205 2555 3244 no-

909 3289 1042 3341 straa
1069 3281 1340 3340 utilitatis
1368 3280 1764 3346 commodum,
1795 3281 1853 3333 et
1883 3281 2176 3334 monetam
2208 3278 2554 3334 Remensem

907 3370 1311 3430 imminuendo
1338 3369 1602 3426 viliorem
1633 3367 1842 3432 facere,
1893 3365 2092 3422 habito
2135 3364 2376 3422 consilio
2419 3383 2554 3424 cum

1414 604 1781 672 GUIDONIS
1825 604 1922 667 DE
1966 601 2494 668 CASTELLIONE
2540 602 2878 668 REMENS.
2927 603 3294 668 ARCHIEP.
3337 600 3822 670 DIPLOMATA.

4155 599 4288 667 nos

2588 737 2634 806 Α
2668 737 3082 796 canonicorum
3111 741 3418 806 conventu,
3441 742 3680 814 precatu
3713 753 3952 814 quoque
3979 737 4178 798 domui
4197 737 4284 797 Ro-

2670 828 2813 884 dulfl
2845 828 3075 885 abbatis
3104 832 3562 901 caeterorumque
3607 829 3880 897 fratrum,
3929 829 4285 887 concesserim

2672 917 2965 989 quoddam
2998 916 3178 972 altare
3210 918 3270 972 in
3300 916 3440 974 villa
3484 933 3613 989 quae
3659 917 3878 974 dicitur
3921 918 4286 976 Germaniam

2670 1005 2914 1061 abbatis:
2944 1010 3157 1061 sancta:
3191 1005 3384 1062 Maria:
3416 1005 3830 1076 Mosomensis,
3863 1008 3938 1064 ob
3997 1007 4287 1064 remedium

2670 1095 2880 1149 animae
2912 1111 3074 1161 meae,
3109 1111 3174 1149 eo
3206 1111 3337 1151 vero
3375 1099 3594 1162 tenore,
3656 1098 3742 1167 ut,
3799 1096 4076 1153 demncta
4127 1095 4285 1168 ipsius

2671 1181 2870 1238 altaris
2899 1187 3247 1255 praesentata
3277 1184 3499 1256 absque
3528 1183 3726 1256 aliquo
3757 1200 4000 1242 munere
4039 1183 4285 1241 canonice

2669 1272 3032 1327 restituatur.
3063 1272 3132 1327 Et
3162 1277 3227 1327 ut
3256 1271 3365 1328 hoc
3394 1256 3632 1328 ﬁrmum
3661 1277 3722 1329 et
3751 1273 3960 1330 stabile
4004 1273 4066 1330 in
4113 1288 4286 1347 perpe-

2668 1364 2836 1415 tuum
2870 1365 3121 1426 maneat,
3155 1360 3492 1416 violatorem
3523 1365 3581 1417 et
3609 1361 3986 1420 infractorem
4027 1361 4199 1434 huius
4223 1358 4289 1417 rei

2661 1449 2858 1521 jaculo
2883 1449 3273 1506 anathematis
3302 1449 3689 1522 percutimus,
3717 1451 3778 1507 et
3815 1448 4050 1509 vinculo
4073 1463 4290 1508 ncom-

2671 1537 3083 1593 municationis
3117 1538 3448 1612 alligamus.

2743 1632 2771 1690 τι
2806 1626 3029 1698 Signun
3057 1627 3324 1682 Widonis
3357 1627 3676 1684 Remorum
3705 1627 3998 1701 presulis.

2740 1716 2986 1787 Signum
3027 1716 3245 1772 Odonis
3292 1715 3710 1774 archidiaconi.
3745 1717 3806 1775 S.
3835 1716 4061 1778 Αιδιίοἰ
4097 1733 4292 1792 prapo-

2670 1803 2787 1859 siti.
2822 1805 2879 1859 S.
2914 1805 3135 1859 Warini
3165 1804 3580 1861 archidiaconi.
3615 1805 3674 1862 S.
3715 1805 4044 1864 Constantii
4089 1804 4290 1863 decani.

2668 1894 2722 1946 S.
2759 1893 3028 1947 Richardi
3059 1894 3335 1949 cantoris.
3369 1895 3427 1949 S.
3474 1893 3704 1951 Ricberi
3753 1895 4183 1970 proibyﬂthl
4209 1892 4290 1950 Al-

2668 1981 2833 2036 berti.
2871 1982 2928 2036 S.
2964 1981 3215 2052 Rotgeri.
3251 1984 3308 2037 S.
3344 1982 3607 2038 Gerardi.
3632 1986 3689 2038 Β.
3722 1980 4056 2041 Erlebnrdt.
4085 1983 4150 2040 8.
4193 1979 4289 2038 Iu-

2590 2112 2638 2178 B
2667 2071 2856 2142 gonis.
2891 2072 2949 2125 S.
2987 2070 3246 2126 Widrici.
3279 2072 3338 2126 S.
3389 2071 3628 2178 Odonis.
3661 2072 3720 2128 8.
3771 2072 4168 2178 Snighbuti‘vﬁ.
4198 2071 4295 2178 ﬁ:-

2669 2159 2942 2214 rimanni.
2977 2161 3034 2214 S.
3071 2159 3327 2214 Leuvini.
3360 2160 3417 2214 S.
3449 2159 3734 2233 Hugonis.
3793 2159 3853 2219 Β.
3912 2161 4196 2224 κωσ.
4237 2159 4288 2214 S.

2671 2247 2954 2302 Roderici.
2991 2248 3048 2301 S.
3085 2247 3362 2302 Rotberti.

2741 2338 2948 2391 Actum
2981 2336 3143 2391 Remi
3175 2353 3328 2393 anno
3359 2337 3780 2396 incarnationis
3810 2337 4128 2396 ﬂaminica
4153 2338 4289 2405 £043,

2668 2424 2868 2480 indict.
2899 2442 2976 2492 v1,
3009 2431 3287 2497 regnante
3318 2425 3566 2482 Henrico
3593 2443 3727 2500 rege
3759 2428 4124 2485 Francorum
4161 2439 4296 2484 anno

2665 2530 2804 2578 xvn,
2835 2513 3174 2585 epicopatus
3201 2529 3335 2569 vero
3363 2515 3566 2570 domui
3599 2515 3866 2572 Widonis
3894 2511 4291 2592 archiepiscopi

2667 2619 2820 2658 anno
2849 2619 2926 2658 xi.
2959 2602 3264 2658 Odalricus
3293 2603 3681 2660 cancellarius
3712 2604 3975 2679 scripsit.

3460 2744 3512 2800 ν

2669 2833 2836 2890 Guido
2865 2835 3604 2908 archiepiscopasﬁltemensia
3631 2837 3919 2908 conﬁrmat
3947 2839 4152 2895 donum
4195 2835 4286 2908 Hae

2734 2907 3146 2978 nassisrncpotis
3173 2907 3266 2960 sui
3287 2907 3574 2962 Hcrimaro
3608 2907 3803 2978 abbati
3846 2907 4042 2966 Sancti
4081 2907 4290 2978 Remigii

2733 2977 2798 3032 de
2825 2977 3148 3048 quibusdam
3177 2979 3362 3040 terris.
3393 2978 3456 3032 in
3481 2977 3722 3048 conﬁnio
3745 2981 3917 3036 castri
3943 2982 4093 3037 beati
4127 2977 4290 3036 ﬂenti-

2733 3050 2815 3118 gii
2837 3050 2981 3115 sitis,
3009 3051 3277 3120 praesenti
3302 3049 3512 3116 charta,
3543 3065 3578 3104 a
3621 3051 3903 3108 nobilibus
3945 3055 4148 3110 vicinia
4181 3049 4292 3107 sub-

2733 3121 2926 3190 cripta.

3284 3235 3480 3307 (Anno
3510 3237 3695 3307 1053.)

2895 3349 2985 3425 [D.
3019 3349 3277 3423 Manco'r,
3309 3351 3580 3425 Men-apol.
3612 3353 3786 3422 Rem,
3818 3351 3888 3424 Il,
3925 3353 4076 3430 “0.1

905 3460 1130 3520 clericis
1161 3457 1434 3554 ﬁgelibus
1464 3455 1714 3554 θῆιδίοίῗ
1743 3455 1960 3554 Ποῆίνξῗ
1989 3455 2552 3554 ΡνοῘθδίδυῗδιίοῖλθ
2581 3476 2630 3542 Β
2731 3492 2793 3546 In
2819 3492 3056 3547 nomine
3087 3496 3298 3548 sanctis
3329 3497 3388 3548 et
3413 3492 3726 3550 individua
3756 3495 4084 3554 Trinitatis.
4115 3497 4215 3552 Est
4239 3493 4290 3550 in

905 3553 1152 3608 moneta:
1195 3543 1604 3616 Mosomensis,
1651 3547 1709 3599 et
1758 3543 1859 3616 qui
1905 3542 2058 3599 Deus
2105 3542 2428 3600 honoratur
2489 3543 2551 3599 in

905 3636 1178 3705 servitiis,
1213 3650 1473 3708 personae
1503 3632 1576 3688 ab
1605 3631 1689 3688 eis
1719 3635 2074 3704 praesentataa
2118 3630 2300 3687 altare
2345 3648 2550 3704 supra-

907 3723 1132 3786 dictum
1156 3721 1395 3790 tradidi,
1425 3721 1563 3777 dato
1589 3724 1785 3776 tenore
1833 3719 2080 3791 hujusce
2127 3718 2432 3793 privilegii,
2465 3723 2550 3786 ut,

909 3829 1162 3887 persona
1185 3811 1476 3876 defuncta,
1511 3809 1675 3866 alteri
1719 3826 1979 3882 personae
2027 3809 2099 3864 ad
2151 3825 2301 3882 opus
2345 3825 2552 3864 mona-

908 3902 1155 3960 chorum
1186 3899 1364 3958 altare
1406 3899 1680 3956 reddatur
1708 3900 1930 3970 absque
1959 3897 2119 3952 omni
2166 3897 2432 3970 pecunia,
2464 3901 2552 3953 ta-

907 3991 1102 4063 lisque
1130 3989 1208 4046 sit
1237 4004 1616 4063 personarum
1661 3985 1954 4045 successio
2003 4003 2106 4057 per
2151 3985 2382 4041 saecula.
2434 3986 2554 4043 Hoc

909 4080 1209 4136 decretum
1239 4077 1600 4134 auctoritatis
1613 4079 1823 4132 nostra
1839 4073 2109 4146 praecepti
2127 4073 2555 4146 conscriptione

908 4166 1246 4226 studuimus
1277 4166 1642 4231 conﬁrmare,
1688 4179 1761 4219 ne
1809 4161 1944 4234 quis
1987 4163 2195 4218 amodo
2238 4167 2554 4234 prensumat

906 4255 1164 4325 violare;
1190 4256 1291 4314 sed
1323 4260 1382 4310 et
1411 4254 1461 4312 si
1489 4252 1625 4326 quis
1653 4251 1978 4318 tentaverit,
2009 4251 2200 4307 videat
2228 4267 2299 4307 ne
2329 4250 2439 4309 sibi
2464 4252 2554 4324 ja-

909 4361 1060 4403 nuas
1087 4343 1215 4404 coali
1244 4342 1544 4408 clauserit,
1590 4339 1746 4413 quod
1785 4338 2060 4411 janitoris
2107 4339 2406 4412 injuriam,
2457 4356 2553 4396 res

907 4433 1042 4507 ejus
1063 4431 1290 4498 aufens,
1322 4428 1614 4487 inciderit.

979 4521 1198 4581 Datum
1223 4537 1376 4577 anno
1409 4516 1829 4575 incarnationis
1875 4515 2106 4574 Domini
2159 4517 2315 4583 1040,
2347 4515 2550 4572 indict.

907 4623 1030 4668 xm.
1057 4611 1266 4668 Actum
1297 4607 1518 4672 Remis,
1551 4611 1827 4682 regnante
1858 4605 2100 4662 llenrico
2135 4621 2267 4678 rege
2293 4621 2446 4661 anno
2469 4621 2556 4662 se-

907 4699 1122 4767 cundo,
1153 4697 1524 4772 episcopatus
1555 4695 1755 4753 domui
1784 4695 2055 4752 Widonis
2086 4711 2238 4750 anno
2267 4711 2364 4751 vn.
2389 4692 2557 4750 Odal-

907 4787 1064 4843 ricus
1095 4785 1476 4843 cancellarius
1506 4785 1742 4859 scripsit
1769 4789 1826 4840 et
1851 4783 2220 4856 subscripsit.

1694 4907 1786 4964 IV.

913 4997 1158 5057 Widonis
1186 4999 1582 5070 archiepiscopi
1609 4997 1895 5070 Remis,
1908 4995 2101 5070 charta
2128 4993 2196 5070 de
2229 4995 2396 5051 altari
2427 4994 2553 5051 Ger-

1252 5067 1448 5126 mereii
1471 5067 1572 5140 pro
1600 5069 1844 5125 σκηοὸἱο
1873 5067 2206 5124 Memmi.

1536 5157 1725 5223 (Anno
1757 5155 1938 5228 1043.)

973 5247 1239 5320 [Maian
1273 5248 1355 5300 De
1383 5259 1442 5298 re
1471 5242 1694 5313 diplom.
1727 5242 1800 5308 II,
1827 5245 1952 5310 603,
1985 5259 2055 5298 ex
2085 5241 2490 5316 autograpbo.]

983 5357 1015 5417 ’r
1049 5351 1115 5407 In
1144 5348 1380 5404 nomine
1413 5347 1618 5415 Patris,
1649 5351 1706 5404 et
1753 5347 1904 5410 Filii,
1942 5351 2001 5402 et
2042 5347 2296 5417 Spiritus
2345 5347 2554 5403 sancti.

909 5437 1124 5496 Notum
1156 5436 1236 5494 sit
1261 5436 1534 5493 omnibus
1563 5440 1684 5491 tam
1719 5433 2107 5508 praesentibus
2152 5449 2330 5506 quam
2378 5435 2556 5492 etiam

914 5522 1130 5582 futuris
1158 5523 1449 5592 fidelibus,
1485 5524 1642 5597 quod
1675 5538 1782 5593 ego
1808 5519 1982 5574 Wido
2016 5520 2328 5578 Remorum
2367 5523 2556 5580 archi-

913 5613 1242 5687 episcopus,
1272 5613 1496 5672 favente
1526 5611 1736 5668 Odone
1772 5604 2198 5676 archidiacono,
2229 5609 2559 5683 pariterque

2583 4841 2630 4906 D

2657 3581 2910 3636 conﬁnio
2936 3579 3112 3636 castri
3139 3581 3326 3636 sancti
3351 3581 3598 3655 Remigii
3627 3587 3786 3640 terra
3813 3584 4090 3656 adiacens
4111 3581 4292 3642 vieini-

2659 3670 2764 3725 tati
2794 3672 3078 3724 terrarum
3102 3669 3494 3740 adiacentium
3513 3671 3574 3726 in
3593 3670 3735 3727 villa
3758 3673 3952 3730 sancti
3969 3673 4213 3746 Romiin
4231 3685 4291 3728 ex

2658 3763 2824 3830 parte
2853 3775 2980 3830 qua
3010 3775 3045 3814 a
3073 3758 3332 3814 Viridate
3355 3759 3573 3816 dicitur
3591 3761 3914 3834 (Υνίιινλὼ
3932 3763 4294 3836 possessione

2658 3847 2968 3918 cujusdam
2997 3846 3344 3904 vicedomini
3376 3848 3684 3905 Remensis
3710 3851 3812 3922 qui
3843 3847 4151 3910 dicebatur
4185 3849 4300 3907 Ma-

2659 3951 2862 3991 nasses
2892 3935 3123 4006 Calvus,
3141 3949 3324 4008 nepos
3343 3935 3613 3994 Widonis
3643 3935 4296 4014 arebiepiaeopiﬁolem

2659 4041 2796 4097 ergo
2819 4023 3096 4080 dominus
3125 4024 3310 4081 abbas
3337 4025 3682 4082 Herimarus
3707 4027 4010 4100 quoddam
4049 4029 4295 4086 mansio-

2659 4112 2778 4169 nile
2825 4113 2906 4168 ibi
2937 4129 3116 4186 prope
3161 4117 3543 4170 memoratam
3571 4115 3768 4172 vittam
3813 4122 4174 4186 comm,
4203 4126 4299 4172 nc-

2659 4203 2818 4258 mine
2847 4201 3226 4268 Tollenviam,
3249 4218 3353 4274 pro
3382 4218 3451 4258 eo
3480 4204 3635 4276 quod
3658 4204 3811 4260 viam
3843 4204 4160 4264 abstulerit
4183 4217 4300 4278 qua

2660 4290 2902 4363 perinde
2922 4289 3093 4346 solita
3103 4291 3362 4346 eratﬁeri
3373 4291 3534 4362 ,quia
3545 4292 3821 4365 contigua
3839 4297 3900 4350 et
3916 4293 4304 4354 imminuerat

2658 4378 2953 4451 ipsaterra
2969 4377 3210 4450 reliquis
3223 4377 3396 4434 terris
3408 4379 3605 4436 Sancti
3625 4379 3982 4454 Remigii.ne
3993 4380 4300 4456 aliquando

2659 4470 3001 4540 paterentur
3025 4466 3262 4539 aliquod
3295 4466 3641 4524 scandalum
3662 4468 3937 4526 homines
3947 4471 4301 4528 caeduae-

2660 4555 2847 4611 lentes
2876 4555 3171 4612 adomino
3214 4571 3554 4627 possessore
3596 4555 3789 4629 ipsius
3833 4563 4029 4629 terra,
4077 4561 4154 4616 de
4195 4567 4300 4630 qua

2660 4660 2842 4715 supra
2866 4641 3202 4710 retulimus,
3231 4641 3434 4714 petivit
3460 4643 3520 4699 in
3551 4645 3862 4716 prasentia
3889 4647 4098 4704 domui
4127 4643 4299 4704 archi-

2661 4731 2929 4804 praesulis
2955 4731 3221 4788 Widonis
3243 4731 3316 4787 ab
3341 4731 3467 4804 ipso
3480 4732 3938 4790 ManasseGal'vo
3951 4736 4082 4791 dari
4101 4737 4302 4793 Sancto

2661 4819 2926 4892 Remigio
2956 4835 3083 4874 eam
3115 4836 3220 4892 pro
3251 4819 3510 4876 remedio
3529 4821 3741 4876 anima
3761 4837 3882 4877 sum
3900 4821 4300 4882 etmimarum

2661 4907 2916 4964 ﬁliorum
2948 4924 3214 4964 suorum.
3242 4908 3372 4980 Ipse
3400 4913 3598 4965 autem
3629 4908 3817 4966 noluit
3847 4909 3958 4967 hoc
3985 4907 4300 4970 ﬂocci-enisi

2661 5011 2732 5052 ea
2758 4994 3088 5052 conditione
3117 4998 3184 5051 ut
3209 4995 3490 5052 darentur
3517 4996 3630 5053 sibi
3657 5002 3902 5054 centum
3925 4998 4105 5056 solidi
4147 4999 4300 5074 quot-

2662 5085 2834 5140 annis
2862 5084 2988 5140 vite
3019 5101 3160 5154 suae,
3191 5088 3250 5140 et
3277 5088 3410 5156 post
3439 5087 3694 5142 mortem
3720 5102 3849 5142 sua
3883 5086 4128 5145 haecad}.
4158 5084 4302 5145 Ησαί-

2663 5187 2864 5228 marus
2895 5177 3112 5241 autem,
3143 5171 3388 5228 consilio
3415 5172 3616 5229 habito
3645 5190 3782 5230 cum

2663 5260 2763 5333 qui
2789 5265 2929 5316 tunc
2959 5273 3200 5334 presens
3225 5261 3446 5331 edant,
3475 5265 3689 5318 etcum
3721 5261 4217 5336 μείξειάίεαύξὴ
4247 5271 4302 5318 ex

2663 5352 2946 5421 praecepto
2974 5349 3240 5421 ejusdem
3271 5348 3739 5423 archieprznsulis
3764 5353 4100 5420 memorati,
4132 5349 4303 5412 noluit

2664 5437 2949 5494 assentire
2979 5442 3044 5493 ut
3073 5438 3240 5494 daret
3267 5437 3326 5493 in
3356 5441 3750 5496 memoratum
3781 5439 4068 5512 pretium,—
4098 5438 4304 5501 scilicet

2664 5529 2899 5581 centum
2927 5525 3170 5592 solidos,
3201 5525 3315 5580 nisi
3339 5526 3600 5598 quandiu
3630 5525 3864 5584 viveret.
3897 5528 4168 5603 Denique
4191 5528 4308 5584 hor

2665 5617 2792 5669 tatu
2823 5613 3090 5670 omnium
3122 5614 3225 5686 qui
3255 5613 3518 5682 aderant,
3563 5614 3685 5670 imo
3733 5625 3907 5687 praes
3957 5621 4024 5674 et
4073 5613 4302 5690 inperio

983 5794 1060 5864 (4)
1088 5776 1939 5878 ῙῃΔ-ξίείξιρᾼέἷῗείέἓηῖῗῖἐῖθε
1969 5779 2385 5858 archiepiscopi
2414 5787 2606 5844 media
2630 5794 2794 5862 par-te
2826 5791 3089 5878 corporis
3119 5805 3254 5852 cum
3282 5793 3394 5852 hac
3424 5791 3808 5868 inscriptione
3839 5811 3853 5852 :
3885 5803 4166 5856 SIGILLUM
4198 5791 4303 5851 Wi-

915 5845 1554 5924 saginasaginam
1595 5845 1907 5901 Rsmsis.

4037 6535 4064 6548 -ι
4115 6535 4142 6548 1
4186 6533 4196 6538 ‘
4241 6529 4248 6534 ¹
