4986 6510
674 452 717 516 !
730 454 851 514 109

1709 446 2145 513 ANSELMUS.
2177 484 2255 495 —
2285 449 2605 514 NOTITIA
2651 449 3090 515 HISTORICA.

3942 453 4097 516 MIO

674 584 927 643 avnculi
955 585 1051 641 sui
1083 601 1267 658 supra
1284 586 1462 643 tanti
1489 583 1938 656 archiprmsulis,
1963 585 2033 639 ad
2066 583 2338 640 ultimum
2363 587 2419 653 Α
2529 586 2786 667 Signum
2820 585 3038 647 Odonis
3066 584 3494 647 archidiaconi.

680 674 984 732 consentit
1015 678 1080 730 ut
1105 674 1347 731 haberet
1376 678 1611 731 centum
1636 673 1854 730 solidos
1884 674 2075 745 quoad
2105 673 2339 740 viveret,

676 766 830 837 post
857 767 1107 819 mortem
1134 779 1272 819 vero
1302 780 1473 819 suam
1504 765 1561 818 et
1589 766 1805 818 terram
1836 766 1893 817 et
1922 760 2191 817 denarios
2213 778 2343 816 san-

676 856 825 910 ctus
851 851 1156 925 Remigius
1177 853 1311 924 jure
1340 851 1536 925 quieto
1587 850 1931 924 possideret.
1975 850 2135 905 Hanc
2165 848 2344 921 igitur

677 940 1139 999 conventionem
1174 941 1229 1001 in
1243 940 1553 1013 praesentia
1577 958 1686 997 sua
1705 938 1915 995 litteris
1931 939 2342 995 commendare

677 1030 966 1105 pracepit
998 1031 1251 1087 domnus
1280 1030 1452 1085 Wido
1470 1027 1933 1102 archipresul,et
1951 1032 2015 1082 ut
2031 1045 2133 1100 per
2149 1043 2342 1083 succe-

679 1118 892 1176 denti:
928 1122 1266 1192 temporum
1315 1118 1608 1174 curricula
1664 1117 2006 1173 inconvulsa
2058 1120 2339 1182 maneret,

680 1207 1212 1282 archiepiscopalis
1228 1207 1598 1265 auctoritatis
1624 1205 1816 1279 sigillo
1838 1222 1973 1261 cum
1998 1204 2341 1259 clericorum

678 1300 747 1354 et
774 1295 1068 1353 laicornm
1092 1297 1197 1370 qui
1229 1296 1544 1352 adfuerunt
1572 1294 1908 1351 testimonio
1930 1293 2340 1349 corroboravit.

764 1385 1033 1468 Signum
1053 1384 1263 1447 damni
1295 1384 1561 1448 Widonis
1588 1382 2057 1464 archiprwsulis.

1223 1561 1597 1571 _————-

2529 675 2787 754 Signum
2816 675 3136 735 Herimari
3159 674 3415 747 abbatis,
3446 684 3553 735 etc.

2519 764 2821 819 Laicorum
2846 779 2980 818 vero
3013 762 3249 834 signum
3275 763 3560 819 Manassae
3589 762 4096 835 comitis.Signum

2450 852 2656 925 Rogeri
2688 850 2938 908 comitis.
2971 851 3217 923 Signum
3249 850 3894 908 RainoldiSuessionici
3924 849 4100 906 comi.

2448 941 2550 997 tis.
2589 941 2832 1013 Signum
2862 939 3133 995 Widonis
3164 938 3392 995 militis.

2518 1032 2659 1086 Acta
2690 1034 2778 1085 est
2806 1029 2928 1084 haec
2960 1028 3177 1095 Remis,
3211 1028 3269 1082 in
3324 1028 3569 1084 ecclesia
3617 1029 3848 1085 Sancta
3883 1026 4098 1095 Maria,

2449 1136 2601 1176 anno
2628 1117 3046 1174 incarnationis
3077 1114 3304 1172 Domini
3331 1118 3489 1185 1053,
3505 1118 3708 1173 indict.
3726 1134 3805 1184 γι,
3823 1120 4104 1190 regnante

2451 1208 2693 1264 Henrico
2725 1223 2857 1279 rege
2914 1207 3267 1262 Francorum
3325 1222 3482 1262 anno
3530 1223 3682 1273 XXIV,
3718 1205 4105 1277 archiepiscoc

2450 1301 2621 1368 patus
2653 1300 2845 1352 autem
2874 1293 3145 1351 Widonis
3179 1311 3274 1350 an.
3304 1312 3404 1349 xx.
3458 1293 3768 1351 Odalrieus
3820 1293 4104 1351 oancells~

2450 1386 2574 1443 rius
2606 1384 2859 1458 scripsit.

1599 1537 3562 1568 Μ

1625 1677 2424 1767 EPITAPHIUM
2508 1672 3169 1763 GUIDONIS

1822 1855 1909 1927 (D.
1945 1855 2202 1922 MARLOT,
2236 1852 2507 1925 Metropol.
2541 1852 2686 1907 Rem.
2720 1849 2794 1922 ll,
2827 1849 2972 1919 111.)

2223 2008 2568 2023 —-_-—-

1642 2139 1873 2201 Fluxus
1903 2139 2091 2201 honor
2118 2139 2346 2213 mundi,
2374 2135 2692 2219 proceres!
2720 2155 2826 2196 cur
2854 2134 3021 2195 debet
3048 2132 3291 2195 amari?

1653 2239 1811 2299 Dum
1842 2247 2059 2310 manet,
2092 2239 2422 2309 excruciat,
2455 2243 2658 2315 etpost
2684 2231 2831 2315 quid
2857 2232 3077 2291 cernite
3101 2232 3234 2310 ﬁat.

1651 2335 1768 2396 Iste
1800 2334 1884 2395 bis
1911 2333 2169 2395 undenos
2197 2335 2455 2413 geminos
2482 2352 2614 2393 cum
2644 2350 2835 2391 mense
2856 2349 2970 2411 per
2995 2348 3199 2402 annos,

1651 2432 2191 2513 Arclu'epzscopium
2216 2430 2473 2511 possedit
2509 2428 2679 2491 Wido
2707 2428 3024 2489 Remorum
3043 2448 3069 2504 ,'

1654 2529 1801 2591 Stat
1820 2531 1957 2610 pius
1984 2548 2056 2590 ac
2085 2528 2321 2589 humilis
2350 2529 2412 2589 in
2439 2526 2690 2588 culmine
2717 2524 3064 2586 nobilitatis.

1650 2626 1788 2688 Heu
1815 2627 2088 2687 miseram
2109 2623 2358 2687 sortem!
2385 2626 2539 2705 facit
2556 2624 2711 2685 hunc
2738 2643 2879 2684 caro
2903 2621 3150 2703 putrida
3182 2642 3458 2699 vermem,

1658 2726 1770 2785 Ast
1798 2726 2058 2785 animam
2084 2724 2253 2786 Jesus
2277 2723 2480 2801 foveat
2507 2724 2573 2783 vi
2608 2722 2858 2783 nominis
2886 2722 3035 2801 ejus.

1659 2822 1880 2883 Terrea
1912 2821 2200 2883 Kalendis
2230 2820 2582 2902 linquentem
2613 2819 2875 2881 claustra
2909 2818 3289 2899 Septembris.

674 3028 4102 3062 ω

1923 3249 2089 3291 CIRCA
2117 3248 2323 3290 ANNUM
2354 3247 2557 3289 DOMINI
2588 3244 2868 3286 MLIV-LVII

1662 3399 3147 3569 ANSELMUS

1810 3660 2196 3718 MONACHUS
2228 3659 2288 3716 S.
2321 3658 2598 3715 REMIGII
2629 3656 2984 3714 REMENSIS

2184 3808 2582 3827 -υ-ψ--σ-φ-ο-

1648 3955 1669 3967 ⁸
1708 3952 1713 3957 ⁴
1814 3937 2287 4025 NOTITIA
2343 3932 2970 4027 HISTORICA

1554 4112 1808 4185 (Histoire
1839 4115 2108 4172 littéraire
2134 4114 2202 4171 de
2231 4114 2287 4170 la
2311 4116 2536 4181 France,
2570 4116 2713 4168 tom.
2746 4111 2870 4181 VII,
2903 4127 3035 4186 pag.
3069 4111 3218 4180 477.)

750 4381 1035 4441 Anselme
1055 4396 1091 4437 8
1111 4378 1235 4436 cela
1252 4379 1323 4436 de
1351 4394 1626 4436 commun
1659 4396 1793 4437 aveo
1825 4380 2119 4454 plusieurs
2150 4385 2345 4437 autres
2376 4383 2425 4448 Β
2454 4381 2592 4435 faite
2622 4394 2693 4436 en
2726 4380 2863 4436 1049
2891 4396 2997 4452 par
3025 4378 3077 4435 le
3108 4334 3256 4452 pape
3276 4378 3424 4434 Leon
3477 4377 3545 4434 1X
3600 4379 3737 4453 (Act.
3781 4384 3823 4438 t.
3856 4380 4004 4453 VIII,
4032 4403 4094 4460 p.

665 4472 993 4538 écrivains,
1026 4467 1166 4543 qu’il
1196 4486 1268 4525 ne
1296 4485 1447 4525 nous
1477 4474 1565 4526 est
1594 4486 1844 4543 presque
1870 4488 2061 4527 connu
2094 4486 2205 4542 que
2234 4487 2340 4542 par

664 4564 771 4621 les
804 4558 1189 4634 productions
1218 4557 1290 4613 de
1320 4575 1387 4613 sa
1407 4556 1732 4630 plume.S’il
1759 4559 1879 4614 faut
1900 4560 2020 4614 s’en
2042 4563 2342 4631 rapporter

667 4657 711 4709 ὲ
745 4649 1051 4706 Trithéme
1080 4648 1357 4718 (Ghr.Hir.
1391 4651 1434 4702 t.
1468 4647 1511 4713 Ι,
1571 4664 1628 4720 p.
1678 4648 1822 4716 202;
1853 4648 2077 4719 Script.,
2107 4663 2157 4703 c.
2189 4647 2338 4714 333),

668 4736 881 4796 c'était
911 4754 992 4793 un
1022 4735 1260 4792 homme
1285 4738 1449 4792 verse
1471 4736 1618 4792 dans
1639 4740 1833 4792 toutes
1862 4740 2047 4792 sortes
2068 4736 2139 4791 de
2159 4734 2340 4791 belles

670 4826 1167 4893 connaissanoes,
1197 4822 1686 4898 principalement
1744 4825 1893 4881 dans
1933 4823 2341 4896 l’intelligence

668 4917 789 4973 des
824 4914 1049 4973 saintes
1078 4900 1393 4972 Ecritures.
1451 4917 1524 4969 Ce
1555 4912 1695 4984 qu’il
1725 4931 1763 4986 γ
1809 4931 1845 4969 8
1898 4914 1970 4969 de
2025 4912 2169 4979 vrai,
2203 4913 2342 4968 c’est

671 5002 829 5078 qn’il
854 5002 999 5059 étsit
1026 5001 1269 5061 hmnme
1293 5002 1364 5057 dc
1393 5001 1599 5057 mérite
1628 5006 1685 5057 et
1714 5001 1855 5073 qu'il
1894 5002 2047 5058 avait
2076 5002 2128 5058 le
2159 5000 2340 5056 talent

670 5093 915 5152 d’asses
944 5090 1080 5147 bisn
1109 5089 1291 5147 écrire
1320 5106 1469 5163 pour
1498 5106 1604 5146 son
1635 5089 1828 5147 siéele.

756 5179 806 5237 Il
835 5179 996 5235 avait
1018 5194 1156 5236 aveo
1183 5177 1267 5236 lui
1300 5181 1335 5236 a
1358 5177 1721 5235 Saint-Remi
1772 5179 1843 5235 de
1875 5178 2094 5245 Reims,
2126 5178 2269 5233 dont
2296 5176 2338 5232 il

670 5268 832 5329 était
861 5267 1078 5333 mnino,
1108 5265 1404 5340 plusiours
1435 5266 1745 5335 confreres,
1779 5283 1922 5339 gens
1964 5267 2035 5322 de
2065 5265 2254 5323 savoir
2283 5270 2340 5321 et

670 5359 758 5416 de
785 5360 981 5423 tortu,
1010 5356 1157 5415 dent
1183 5353 1609 5427 quelques-uns
1637 5355 1830 5410 forent
1858 5353 2046 5411 élevés
2075 5371 2188 5410 aux
2216 5369 2340 5426 pre—

668 5446 907 5505 mieres
931 5443 1185 5516 dignitas
1214 5442 1295 5501 dn
1324 5441 1523 5501 ololtre
1554 5442 2034 5516 (MAs.An.l,p.63
2064 5460 2123 5498 n.
2143 5443 2257 5512 88).
2291 5441 2337 5497 Il

667 5537 775 5595 {ut
802 5528 1139 5606 mandant
1154 5528 1309 5589 (elui
1338 5529 1721 5605 qu’Hérimsr,
1752 5530 1881 5587 leur
1926 5532 2093 5599 abbé,
2127 5528 2340 5586 ohoisit

664 5640 792 5702 par
821 5620 1186 5697 preference,
1213 5632 1368 5691 pour
1387 5617 1533 5677 faire
1561 5616 1620 5673 la
1647 5617 1890 5675 relation
1915 5619 1986 5676 de
2014 5635 2080 5675 ce
2108 5616 2210 5689 qui
2235 5616 2338 5673 δ’ὁ.

662 5712 788 5781 uit
815 5710 995 5792 passo
1023 5711 1058 5769 a
1086 5705 1447 5767 sant-Remi
1474 5709 1510 5767 s
1554 5705 1613 5766 la
1661 5706 1929 5766 dédicace
1975 5708 2046 5766 de
2092 5703 2332 5780 l’église,

2445 4468 2572 4537 743,
2606 4486 2663 4524 n.
2697 4468 2772 4536 l).

2517 4555 2792 4612 Anselme
2822 4572 2892 4612 en
2928 4559 3103 4629 ayant
3131 4558 3219 4613 été
3248 4554 3462 4612 témoin
3494 4555 3768 4626 oculaire,
3801 4563 3861 4615 et
3888 4565 4092 4632 posse-

2447 4646 2589 4701 dant
2617 4645 2701 4702 les
2730 4644 2979 4717 qualités
2996 4644 3173 4716 qu’on
3203 4645 3361 4701 vient
3388 4645 3459 4701 de
3484 4645 3628 4713 voir,
3656 4645 3796 4702 était
3815 4664 4024 4721 propre
4058 4654 4095 4708 a

2450 4735 2672 4789 réussir
2703 4735 2849 4790 dans
2897 4750 2960 4789 ce
2991 4734 3244 4789 dessein.
3282 4733 3324 4789 ll
3372 4750 3442 4789 ne
3498 4732 3774 4790 l’exécuta
3819 4737 4093 4795 toutefois

2449 4821 2623 4893 qu’au
2654 4823 2795 4879 bout
2823 4821 2894 4878 de
2925 4820 3207 4893 quelques
3238 4824 3473 4889 années,
3506 4827 3563 4879 et
3589 4827 3718 4879 tout
3744 4841 3819 4880 au
3846 4824 3980 4898 plus
4008 4830 4096 4883 tot

2448 4927 2519 4966 en
2555 4910 2954 4981 1056,]orsque
2977 4910 3216 4966 Gervais
3246 4911 3388 4966 était
3407 4911 3540 4982 déja
3571 4912 3793 4970 devenu
3822 4914 4094 4987 d’évequs

2448 4998 2526 5054 du
2560 5000 2727 5056 Mans
2754 4997 3110 5069 archevéque
3140 4999 3210 5054 de
3240 4999 3457 5067 Reims,
3482 5015 3546 5054 ce
3594 5002 3696 5071 qui
3727 5002 3917 5059 arriva
3944 5002 4097 5060 l’an-

2446 5088 2553 5142 née
2583 5087 2946 5159 précédente.
2966 5086 3229 5158 Quoique
3247 5102 3352 5143 son
3369 5084 3512 5143 derit
3534 5092 3698 5157 porte
3721 5089 4097 5162 simplement

2447 5174 2500 5230 le
2530 5175 2664 5233 titre
2720 5174 3028 5232 d’Histoire
3084 5175 3156 5230 de
3214 5173 3273 5230 la
3320 5173 3592 5231 dedisses
3643 5178 3716 5233 de
3764 5177 3984 5250 l'église
4022 5179 4096 5236 de

2448 5262 2809 5321 Saint-Remi
2839 5263 2911 5318 de
2953 5262 3171 5329 Reims,
3204 5261 3473 5318 Anselme
3513 5260 3610 5319 n’a
3663 5280 3768 5336 pas
3797 5263 3971 5321 laissé
4000 5265 4101 5338 d’y

2446 5350 2589 5407 faire
2638 5357 2852 5419 entrer,
2888 5366 3025 5407 aveo
3057 5366 3135 5406 un
3169 5349 3344 5407 détail
3376 5347 3535 5405 aussi
3577 5351 3852 5422 agréable
3877 5351 4099 5422 qu’ina-

2445 5441 2671 5507 tructif,
2700 5440 2994 5513 plusieurs
3033 5439 3293 5497 celebres
3335 5437 3710 5496 evenements
3763 5438 3863 5509 qui
3894 5439 4091 5507 prece-

2446 5528 2650 5584 derent
2679 5535 2738 5586 et
2765 5527 3047 5585 suivirent
3074 5530 3222 5585 cette
3252 5520 3600 5589 cérémonie.

2516 5614 2601 5672 0n
2632 5621 2777 5689 peut
2803 5616 3133 5685 distinguer
3183 5615 3319 5687 einq
3349 5628 3426 5671 ou
3472 5607 3563 5664 six
3614 5610 3835 5680 parties
3856 5606 4002 5661 dans
4032 5603 4089 5659 le

2445 5718 2616 5778 carpe
2647 5704 2720 5764 de
2749 5720 2816 5763 sa
2843 5700 3105 5770 relation,
3136 5701 3240 5775 qui
3289 5702 3422 5759 sont
3464 5707 3723 5770 praeque
3765 5690 3953 5749 tostos
3979 5699 4093 5747 an-
