4986 6460
698 432 848 496 1413

1410 432 1614 497 IllS'l‘.
1658 434 1914 499 DEDIC.
1961 433 2353 501 ECCLESl/E
2395 440 2461 502 S.
2513 438 2837 504 REMIGII.
2872 478 2946 490 --
2976 443 3368 510 MONITUM.

3928 450 4083 513 1414

703 567 1033 636 Germanos,
1058 565 1158 640 qui
1181 566 1261 623 ibi
1284 568 1617 640 frequentes
1640 569 1973 637 adfuerunt,
1998 571 2080 626 sic
2107 572 2176 627 de
2204 571 2334 628 aliis
2362 575 2418 640 Α
2450 574 2581 629 inde
2610 576 3172 650 Constantinopolim
3207 580 3567 651 perrexit.....
3594 580 3874 639 Reversus
3890 587 4085 639 autem

698 654 926 727 populis
958 654 1221 727 loquitur
1242 654 1389 711 libro
1413 673 1476 725 ιι,
1502 672 1629 728 cap.
1654 658 1705 724 4,
1730 658 1870 712 Vita:
1895 660 2078 714 sancti
2103 660 2330 716 Leonis:

700 767 732 794 ιι
759 744 1058 812 Invitatur,
1087 767 1115 795 »
1149 745 1261 799 Leo
1295 761 1466 817 papa,
1501 768 1527 794 «
1555 746 1624 800 ab
1657 745 1957 802 Herimaro
2003 749 2209 804 abbate
2237 767 2335 804 ve-

696 832 932 888 nerandi
954 832 1203 889 caanobii
1226 832 1413 888 sancti
1432 833 1750 889 Remorum
1774 836 2087 907 pontiﬁcis,
2112 838 2183 891 ad
2206 854 2339 892 con-

695 922 1032 977 secrandam
1065 920 1371 978 ecclesiam
1404 920 1460 975 in
1492 922 1622 993 ejus
1655 922 1874 979 honore
1904 930 2334 995 constructam;

694 1007 791 1064 ubi
819 1026 935 1065 non
967 1013 1057 1066 est
1086 1010 1243 1065 dictu
1276 1009 1441 1065 facile
1472 1015 1693 1081 quanta
1713 1011 2025 1068 multitudo
2057 1031 2091 1069 a
2121 1014 2340 1072 finibus

696 1100 877 1163 terras,
910 1097 1328 1170 Hispanorum,
1366 1098 1796 1167 Britannorum,
1825 1101 2197 1170 Francorum,
2229 1105 2340 1158 An-

694 1183 945 1257 glorum,
968 1186 1269 1241 advenerit
1290 1187 1417 1258 ejus
1438 1187 1686 1243 invisere
1714 1190 2084 1260 praesentiam
2133 1192 2193 1246 In
2226 1210 2342 1263 qua

696 1274 1006 1346 praesentia
1033 1274 1221 1331 adfuit
1255 1275 1428 1331 etiam
1459 1293 1572 1331 non
1608 1276 1869 1332 modicus
1901 1283 2081 1334 coetus
2113 1282 2342 1351 pontifi-

694 1378 847 1419 cum.
869 1386 898 1414 ὶ)

763 1499 816 1551 2.
846 1496 1011 1553 Hanc
1042 1496 1473 1554 solemnitatem
1522 1499 1658 1554 data
1688 1516 1863 1571 opera
1893 1501 2199 1572 descripsit
2228 1505 2340 1556 An-

694 1583 936 1652 selmus,
957 1586 1287 1642 monachus
1305 1587 1564 1655 ejusdem
1584 1588 1828 1643 caznobii
1854 1590 2045 1644 Sancti
2072 1590 2341 1662 Remigii,

684 1673 859 1743 jussu
893 1674 1187 1731 Herimari
1220 1675 1535 1742 abbatis,in
1559 1674 1753 1731 libello
1780 1676 2062 1748 singulari
2089 1695 2155 1733 ea
2186 1680 2255 1733 de
2286 1697 2347 1734 re

689 1761 842 1817 edito
865 1764 979 1818 sub
1007 1761 1183 1818 titulo
1208 1763 1493 1818 ltinerarii
1518 1780 1677 1835 papa:
1701 1765 1991 1832 Leonis,'m
2012 1782 2128 1837 quo
2150 1768 2348 1821 omnia

690 1865 814 1921 quae
836 1867 1103 1923 praesens
1123 1852 1347 1906 viderat
1367 1857 1423 1907 et
1446 1852 1708 1907 audierat
1729 1853 2071 1925 singillatim
2090 1857 2344 1927 exponit.

2445 663 2705 735 Sagium,
2766 665 3071 721 ecclesiam
3136 671 3257 723 tam
3317 672 3591 740 magnam
3665 669 3836 741 ccepit
3910 671 4084 726 aadifi-

2444 768 2593 816 care,
2631 774 2651 801 ιι
2689 757 2792 807 etc.
2830 754 2952 809 Non
2984 759 3179 810 tamen
3222 756 3515 812 malitiose
3567 757 3871 813 ecclesiam
3919 776 4089 814 suam

2446 840 2781 896 incenderat
2812 843 2922 910 Ivo,
2964 848 3027 897 ut
3058 861 3127 899 ex
3158 861 3284 917 cap.
3322 846 3387 900 13
3417 846 3680 915 ejusdem
3712 845 3845 902 libri
3892 851 4088 918 patet;

2447 930 2547 983 sed
2578 946 2709 983 cum
2742 946 2809 985 ea
2840 947 2873 984 a
2913 930 3206 987 seditiosis
3238 938 3519 1005 occupata
3566 934 3798 1000 fuisset,
3843 934 4091 991 incensa:

2450 1021 2585 1071 sunt
2610 1017 2805 1072 vicinae
2829 1018 3063 1086 domus,
3098 1024 3154 1075 et
3184 1021 3359 1075 ﬂante
3390 1025 3557 1076 vento
3584 1021 3920 1078 incendium
3950 1023 4092 1079 adeo

2448 1105 2684 1171 exarsit,
2716 1111 2779 1161 ut
2807 1105 3051 1163 ecclesia
3082 1124 3312 1180 quoque
3343 1108 3521 1163 simul
3543 1126 3675 1164 cum
3701 1108 3818 1167 illis
3838 1116 4097 1167 cremata

2450 1203 2641 1257 fuerit.
2682 1204 2946 1258 Meminit
2976 1206 3239 1275 ejusdem
3271 1205 3653 1261 dedicationis
3684 1210 3742 1262 et
3769 1206 3998 1264 concilii
4026 1224 4095 1264 ea

2451 1290 2751 1346 occasione
2781 1292 2963 1347 habiti
2996 1293 3305 1349 Ordericus
3336 1294 3560 1361 Vitalis,
3595 1294 3744 1351 libro
3773 1311 3807 1351 v
3827 1295 4091 1352 Historias

2451 1378 2874 1446 ecclesiasticae,
2924 1380 3022 1436 ubi
3055 1382 3323 1437 observat
3353 1382 3719 1455 presbyteros
3748 1400 3817 1439 ex
3844 1398 3910 1439 eo
3940 1387 4091 1439 tem-

2453 1484 2589 1540 pore
2601 1469 3082 1524 consuetudinem
3096 1487 3259 1526 arma
3271 1468 3561 1525 deferendi
3576 1470 3795 1526 sensim
3810 1470 4091 1543 abjecisse

2460 1584 2481 1611 ι
2517 1565 2922 1636 'I‘unc,inquit,
2942 1566 3157 1621 ibidem
3186 1567 3453 1639 generale
3470 1568 3782 1624 concilium
3804 1569 4089 1637 tenuit,et,

2454 1652 2603 1706 inter
2649 1653 2872 1724 reliqua
2928 1654 3194 1710 Ecclesiae
3247 1657 3554 1711 commoda
3617 1673 3745 1728 qua:
3820 1656 4091 1713 instituit:

2456 1741 2806 1812 presbyteris
2838 1759 3003 1797 arma
3051 1743 3197 1798 ferre
3225 1747 3283 1798 et
3314 1745 3591 1816 conjuges
3631 1744 3846 1801 habere
3899 1745 4095 1818 prohi-

2456 1828 2602 1882 buit.
2628 1828 2843 1883 Exinde
2876 1832 3233 1886 consuetudo
3258 1830 3487 1888 lethalis
3509 1832 3793 1904 paulatim
3812 1833 4096 1890 exinaniri

686 1911 876 2009 llujus
894 1939 1161 1997 auctoris
1179 1939 1446 1994 meminit
1462 1911 1981 1997 Trithemiuslibro
2005 1947 2083 1998 De
2105 1911 2346 2015 scripto-
2374 1941 2421 2004 B
2456 1916 2642 2015 coepit
2665 1918 2841 1971 Arma
2862 1911 3099 1989 quidem
3125 1920 3269 1974 ferre
3309 1920 3625 1993 preSbyteri
3641 1922 3767 1992 «iam
3803 1925 4099 1994 gratanter

685 2026 848 2083 ribus
875 2027 1503 2099 ecclesiasticis,quem
1537 2028 1597 2082 in
1621 2030 1941 2101 Scripturis
1961 2031 2174 2087 divinis
2197 2049 2352 2088 exer-

686 2113 1117 2173 citatissimum
1149 2116 1351 2181 l'uisse,
1374 2120 1431 2171 et
1455 2116 1562 2171 alia
1588 2117 1870 2188 Opuscula
1893 2122 2099 2190 preter
2118 2120 2353 2177 Itinera-

686 2203 842 2258 rium
865 2205 1154 2271 edidisse,
1182 2204 1402 2260 scribit.
1423 2206 1496 2259 De
1517 2205 1812 2261 itinerario
1833 2211 2027 2262 autem
2051 2208 2134 2262 sic
2157 2209 2348 2264 habet:

692 2313 719 2341 «
751 2291 1080 2365 Congessit
1099 2292 1157 2347 in
1181 2309 1365 2347 unum
1386 2292 1655 2348 volumen
1680 2299 1842 2365 gesta
1863 2296 2071 2351 Leonis
2102 2315 2259 2369 papae
2283 2298 2354 2353 1X

690 2396 793 2452 per
812 2380 1083 2438 Galliam
1106 2381 1164 2436 in
1196 2381 1456 2437 conciliis
1478 2386 1533 2437 et
1558 2383 1938 2439 conventibus
1969 2385 2140 2451 facta,
2166 2392 2228 2439 ut
2258 2404 2355 2441 no-

688 2467 942 2527 tiﬁcaret
967 2474 1201 2543 quanta
1229 2470 1573 2526 auctoritate
1606 2472 1802 2527 Remis
1832 2472 1917 2527 vel
1952 2473 2009 2527 in
2044 2473 2172 2528 aliis
2202 2476 2355 2530 urbi-

688 2557 801 2614 bus
831 2560 1143 2633 synodum
1176 2548 1572 2625 celebraverit,
1597 2564 1817 2631 quanta
1838 2560 2126 2617 industria
2147 2567 2202 2617 et
2221 2564 2355 2618 sub-

685 2646 903 2705 tilitate
952 2648 1382 2705 examinaverit
1411 2665 1617 2703 causas
1667 2648 2110 2718 ecclesiasticas,
2170 2668 2353 2723 quave

684 2736 1064 2793 districtione
1123 2742 1429 2808 peccantes
1478 2737 1808 2803 correxerit,
1860 2740 2267 2810 quomodoque
2302 2741 2351 2795 ei

681 2824 870 2883 virtus
898 2826 1114 2882 divina
1143 2829 1453 2896 cooperata
1474 2824 1572 2890 sit,
1601 2848 1626 2872 n
1651 2830 1760 2881 etc.
1791 2826 1919 2880 Haec
1943 2831 2247 2883 mutuatus
2268 2834 2356 2883 est

679 2913 1059 2971 Trithemius
1085 2929 1154 2968 ex
1176 2914 1495 2984 Sigeberto,
1522 2913 1621 2985 qui
1652 2915 1855 2969 eadem
1886 2916 2147 2971 omnimo
2176 2918 2353 2971 verba

675 2998 856 3058 habet
878 3003 941 3059 in
967 3001 1129 3058 libro
1144 3001 1223 3056 De
1238 3001 1623 3073 scriptoribus
1637 3002 2352 3075 ecclesiasticisEjusdem

678 3106 941 3163 quoque,
968 3094 1115 3165 post
1136 3089 1279 3145 alios
1300 3095 1566 3145 auctores
1591 3089 1876 3164 vulgatos,
1910 3092 2177 3147 meminit
2208 3094 2354 3148 Mar-

677 3176 1017 3250 lotus,tom.
1047 3179 1103 3236 Il
1126 3178 1391 3234 Historiae
1417 3178 1899 3244 Remensis,inter
1919 3180 2069 3236 viros
2091 3180 2353 3237 illustres

2459 2012 2701 2080 desiere,
2728 2014 2827 2069 sed
2860 2031 2893 2068 a
2919 2015 3223 2086 pellicibus
3245 2017 3435 2072 adhuc
3459 2017 3664 2073 nolunt
3680 2019 4099 2091 abstinere,nec

2460 2101 2755 2173 pudicitia:
2816 2102 3111 2159 inhaerere.
3150 2127 3175 2153 n
3234 2105 3447 2161 Mirum
3505 2110 3700 2162 autem
3739 2111 3827 2163 est
3855 2107 4000 2164 nihil
4030 2109 4101 2163 de

2460 2190 2811 2262 presbyteris
2839 2191 3265 2248 concubinariis
3288 2192 3485 2249 haberi
3510 2194 3661 2249 inter
3690 2212 3941 2252 canones
3971 2213 4105 2253 con-

2461 2278 2575 2332 cilii
2610 2295 2756 2349 quos
2785 2279 3096 2335 Anselmus
3128 2281 3343 2349 retulit,
3378 2282 3491 2337 nisi
3525 2284 3671 2337 forte
3700 2283 3772 2338 de
3794 2282 3868 2339 iis
3893 2284 4105 2341 intelli-

2463 2371 2633 2438 gatur
2671 2383 2853 2421 canon
2912 2369 3189 2424 adversus
3241 2370 3602 2427 incestuosas
3660 2372 4102 2443 conjunctiones

2462 2454 2742 2526 prolatus.
2792 2456 3028 2511 Certum
3061 2462 3149 2513 est
3179 2462 3373 2513 tamen
3405 2475 3471 2514 eo
3503 2459 3561 2513 in
3594 2459 3833 2516 concilio
3863 2461 4101 2535 presby-

2462 2548 2718 2597 terorum
2750 2545 3021 2616 conjugis
3052 2546 3375 2617 proscripta
3405 2546 3607 2614 fuisse,
3632 2548 3786 2619 quod
3808 2548 3906 2603 alii
3923 2549 4100 2604 etiam

2463 2636 2726 2688 auctores
2761 2637 2965 2704 praeter
2987 2633 3327 2689 Ordericum
3357 2635 3756 2691 observarunt.
3776 2637 3919 2693 Nam
3940 2639 4106 2693 Albe-

2463 2719 2620 2775 ricus
2650 2720 2707 2774 in
2740 2721 3021 2777 Chronico
3070 2723 3339 2779 observat
3368 2724 3551 2779 sancti
3584 2724 3844 2798 Hugonis
3873 2725 4103 2782 Clunia-

2463 2809 2655 2863 censis
2686 2809 2913 2866 abbatis
2945 2810 3188 2865 consilio
3221 2829 3429 2883 papam
3464 2813 3712 2869 Leonem
3745 2815 3806 2869 in
3864 2814 4106 2870 concilio

2464 2897 2731 2952 Remensi
2776 2898 3244 2971 presbyterorum
3300 2901 3571 2972 conjugia
3616 2902 4004 2972 prohibuisse.
4039 2903 4108 2959 Et

2463 2985 2699 3056 quidem
2722 2985 2978 3057 Raynald
2989 3004 3057 3041 us
3073 2986 3253 3043 abbas
3278 2986 3699 3044 Vezeliacensis
3719 2990 3778 3045 in
3798 2989 3930 3046 Vita
3949 2990 4106 3063 ejus-

2462 3074 2593 3127 dem
2626 3074 2811 3128 sancti
2844 3074 3101 3145 Hugonis
3146 3075 3351 3151 scribit
3403 3076 3639 3132 beatum
3671 3077 3942 3145 Leonem,
3975 3100 4004 3129 «
4033 3079 4106 3135 ob

2464 3162 2710 3217 haareses
2732 3162 3196 3218 Simoniacorum
3218 3168 3274 3219 et
3299 3163 3712 3220 Nicolaitarum
3739 3182 3773 3221 a
3797 3164 4001 3223 Galliis
4018 3182 4111 3223 ex-

676 3267 777 3337 qui
828 3268 1048 3325 Remis
1082 3266 1195 3323 sub
1228 3267 1499 3322 Gervasio
1526 3266 1963 3339 archiepiscopo
1992 3268 2346 3325 claruerunt.
2382 3299 2427 3367 C
2464 3250 2645 3367 δξίῐῬξι

2138 3274 2346 3325 lerunt.
2382 3299 2427 3367 C
2464 3250 2798 3321 stirpandas
2817 3250 3011 3306 Remis
3034 3253 3321 3323 synodum
3346 3252 3687 3308 celebrasse.
3705 3274 3733 3303 »
3757 3253 3825 3309 Et
3843 3253 3903 3309 in
3925 3253 4107 3311 altera

676 3354 858 3412 Porro
890 3356 955 3412 id
987 3354 1349 3429 opusculum
1374 3356 1500 3426 jam
1534 3371 1635 3427 per
1672 3360 1865 3427 partes
1898 3357 2077 3413 ferme
2105 3358 2349 3427 editum,

673 3442 791 3513 hic,
825 3449 889 3501 et
949 3444 1205 3518 quidem
1263 3444 1556 3516 integrum
1588 3460 1657 3499 ex
1712 3445 2099 3501 Remensibus
2140 3463 2355 3502 manu-

674 3533 923 3606 scriptis
954 3534 1139 3590 edere
1167 3531 1360 3587 visum
1410 3537 1518 3599 est,
1552 3549 1623 3588 ne
1667 3537 1839 3588 tantae
1871 3533 2242 3604 celebritatis,
2298 3540 2356 3591 et

670 3620 934 3680 fortasse
965 3618 1248 3679 omnium
1276 3620 1516 3691 majoris
1538 3638 1664 3693 qua:
1698 3622 1756 3677 in
1779 3621 2157 3677 ecclesiarum
2193 3624 2354 3679 dedi-

672 3710 1027 3767 cationibus
1072 3726 1338 3782 unquam
1389 3710 1539 3765 facta
1579 3710 1771 3779 fuerit,
1807 3710 2119 3783 descriptio
2159 3712 2219 3767 in
2260 3712 2355 3768 his

665 3799 833 3856 Actis
868 3799 1345 3856 desideraretur.

736 3934 794 3989 3.
832 3933 1072 3990 Praeter
1098 3931 1443 3988 Anselmum
1474 3931 1569 3987 alii
1604 3948 1835 4004 quoque
1866 3932 2183 4005 scriptores
2206 3934 2356 3990 basi-

661 4020 790 4077 licae
837 4020 1223 4094 Remigianae
1256 4019 1680 4077 dedicationem
1708 4026 1765 4077 et
1790 4021 2103 4078 concilium
2136 4023 2353 4079 ibidem

663 4108 954 4168 habitum
988 4110 1239 4182 scriptis
1268 4108 1391 4165 suis
1414 4108 1807 4166 celebrarunt.
1832 4109 2169 4167 Willelmus
2192 4112 2357 4169 Gem-

660 4199 1036 4257 meticensis
1084 4198 1235 4254 libro
1287 4215 1363 4253 vn
1395 4198 1658 4254 Historiae
1692 4199 2159 4255 Normannorum
2208 4200 2354 4257 inte-

659 4302 843 4359 grum
879 4290 1082 4361 caput
1103 4287 1170 4341 15
1188 4303 1255 4342 ea
1273 4287 1343 4342 de
1376 4304 1437 4342 re
1455 4286 1650 4355 habet,
1676 4287 1775 4343 ubi
1800 4288 2069 4359 quaedam
2092 4289 2163 4344 de
2187 4289 2356 4347 Ivone

655 4377 947 4450 Bagiensi
984 4375 1270 4449 episcopo
1292 4381 1511 4443 narrat,
1537 4394 1662 4449 quae
1694 4376 1752 4431 in
1784 4376 2043 4433 Anselmi
2075 4379 2355 4449 opusculo

658 4465 857 4522 relata
891 4481 1029 4522 non
1069 4467 1228 4531 sunt,
1262 4481 1389 4536 qua:
1419 4464 1548 4520 ideo
1597 4464 1691 4520 hic
1721 4464 1911 4521 visum
1943 4469 2031 4521 est
2061 4466 2352 4538 proferre:

656 4578 685 4603 «
723 4555 793 4612 In
826 4555 944 4612 illo
981 4558 1258 4625 tempore
1288 4557 1527 4609 sanctus
1560 4554 1669 4609 Leo
1688 4571 1839 4627 papa
1860 4554 2074 4610 Gallias
2100 4556 2353 4627 expetiit,

2463 3348 2727 3419 ejusdem
2777 3348 2960 3403 sancti
2990 3348 3140 3416 Vita,
3175 3366 3353 3421 quam
3386 3349 3751 3407 Hildebertus
3797 3352 4108 3426 episcopus

2461 3436 3122 3492 CenomanensisPontio
3138 3437 3714 3494 abbatiCluniacensi
3725 3439 4108 3512 nuncupavit,

2462 3524 2707 3580 refertur
2736 3525 2983 3580 Leonem
3016 3542 3239 3581 nonum
3270 3525 3466 3582 Remis
3494 3528 3762 3599 synodum
3789 3527 4111 3586 celebrasse

2459 3613 2786 3683 generalem,
2836 3630 2920 3680 ac,
2954 3630 3019 3669 eo
3066 3614 3331 3685 jubente,
3366 3614 3445 3670 ibi
3478 3616 3782 3690 Hugonem
3834 3616 4110 3674 habuisse

2466 3722 2494 3750 «
2526 3705 2788 3757 sanctam
2820 3706 2878 3758 et
2906 3701 3139 3775 plenam
3170 3704 3368 3775 gratia:
3401 3705 3747 3774 orationem,
3779 3723 3906 3779 quae
3936 3711 3993 3764 et
4019 3706 4109 3762 Si-

2462 3789 2711 3845 moniaci
2745 3807 2775 3845 e
2807 3789 2959 3846 male
2989 3792 3341 3863 comparatis
3381 3793 3609 3865 expulsi
3640 3798 3780 3850 sunt
3808 3794 4109 3868 dignitati-

2463 3877 2595 3946 bus,
2629 3879 2772 3934 etde
2789 3879 3042 3935 sacrario
3062 3880 3293 3936 Domini
3316 3881 3692 3939 fornicatores
3714 3882 3945 3938 inhibiti
3968 3888 4110 3939 sunt

2462 3967 2858 4022 sacerdotes.»
2884 3971 2963 4023 De
2992 3968 3103 4023 hac
3130 3974 3324 4024 autem
3349 3969 3609 4041 Hugonis
3630 3971 3892 4027 oratione
3914 3971 3974 4026 in
3998 3971 4108 4027 Re-

2462 4054 2650 4109 mensi
2678 4055 2920 4110 concilio
2944 4055 3143 4111 habita
3158 4055 3479 4128 loquuntur
3501 4058 3676 4113 etiam
3697 4057 3793 4112 alii
3813 4058 3940 4129 ejus
3963 4058 4107 4114 Vita:

2462 4150 2794 4223 scriptores,
2821 4152 2921 4207 sed
2944 4151 3091 4206 nihil
3128 4153 3450 4225 quidquam
3484 4170 3551 4209 ex
3578 4171 3644 4209 ea
3675 4158 3958 4226 superest.
3991 4158 4108 4210 ϐεε-

2461 4245 2650 4296 terum
2680 4244 2812 4295 ante
2844 4240 2951 4295 hos
2981 4244 3249 4296 auctores
3280 4241 3649 4297 Hermannus
3670 4246 4011 4299 Contractus
4043 4243 4105 4299 in

2462 4328 2747 4385 Chronico
2779 4345 2882 4384 suo
2902 4329 3029 4399 jam
3061 4332 3361 4385 notaverat
3411 4350 3439 4380 «
3461 4347 3672 4403 papam
3723 4331 3971 4387 Leonem
4001 4348 4106 4387 au-

2464 4417 2712 4474 tumnali
2743 4421 3002 4489 tempore
3058 4417 3347 4489 synodum
3381 4435 3657 4493 magnam
3717 4418 3915 4477 Remis
3971 4435 4106 4477 cum

2464 4506 2783 4562 Galliarum
2813 4505 3100 4578 episcopis
3132 4504 3430 4562 habuisse.
3462 4529 3491 4556 »

656 4642 2359 4716 ecclesiamSanctiRemigiiRemensisepiscopiconsecra—
2386 4669 2432 4734 Ι)
2535 4641 2587 4696 4.
2621 4640 2730 4734 Sed
2750 4638 3040 4734 illustrius
3057 4642 3149 4734 est
3171 4639 3561 4734 fragmentum
3587 4638 3721 4694 libri
3746 4638 4106 4734 fundationis

649 4730 759 4800 vit,
795 4734 1086 4806 ejusque
1134 4746 1347 4803 corpus
1378 4730 1437 4786 in
1477 4730 1783 4788 ecclesiam
1816 4749 2002 4803 nuper
2032 4732 2355 4789 dedicatam

652 4820 1019 4878 transtulit.
1049 4818 1215 4875 Tunc
1239 4819 1435 4875 Remis
1456 4818 1609 4875 idem
1635 4836 1785 4891 papa
1805 4821 2025 4892 grande
2047 4821 2354 4877 concilium

651 4910 885 4980 tenuit,
926 4913 999 4967 et
1032 4907 1267 4963 desides
1300 4908 1602 4981 episcopos
1631 4907 1716 4963 vel
1746 4910 1985 4965 abbates
2011 4910 2220 4965 acriter
2266 4927 2354 4966 re-

650 4997 1119 5072 darguit,inter
1140 5008 1309 5067 quos,
1325 5002 1389 5052 ut
1412 4998 1628 5063 dicunt,
1646 4997 2352 5069 proptercombustionem

648 5086 936 5145 ecclesia
967 5084 1142 5142 Ivoni
1174 5083 1354 5141 dixit:
1390 5085 1530 5154 Quid
1557 5087 1756 5157 fecisti,
1786 5086 1990 5157 perﬁde
2013 5089 2042 5141 ?
2086 5103 2192 5159 qua
2239 5088 2354 5156 lege

646 5176 941 5232 damnari
974 5173 1167 5241 debes,
1200 5176 1299 5245 qui
1342 5181 1577 5230 matrem
1607 5178 1758 5229 luam
1790 5190 2031 5231 ormare
2057 5192 2221 5231 ausus
2251 5193 2306 5231 es
2325 5180 2351 5231 .9

646 5264 983 5338 Eloquens
1012 5260 1116 5316 Ivo
1137 5260 1331 5333 palam
1349 5262 1653 5318 confessus
1673 5266 1761 5318 est
1786 5279 1848 5317 se
1870 5263 2107 5334 quidem
2132 5263 2353 5319 malum

646 5354 911 5425 fecisse,
947 5348 1074 5406 sed
1104 5349 1176 5404 ad
1199 5349 1306 5405 hoc
1346 5350 1539 5407 scelus
1569 5350 1861 5423 agendum
1893 5368 1953 5407 se
1978 5352 2230 5423 graviter
2258 5369 2351 5408 co-

646 5446 870 5499 actum
908 5438 1142 5513 fuisse,
1165 5453 1239 5493 ne
1259 5438 1549 5494 deteriora
1570 5438 1777 5494 ﬁerent
1796 5455 1830 5494 a
1852 5438 2156 5495 scelerosis
2178 5456 2354 5511 super

644 5531 819 5588 filios
852 5523 1180 5585 Ecclesia.
1212 5524 1430 5582 Deinde
1472 5525 1871 5598 paenitentiam
1902 5528 2226 5583 secundum
2258 5544 2349 5583 sa-

644 5607 828 5695 gacis
862 5630 1063 5693 papa:
1086 5613 1323 5684 jussum
1347 5615 1586 5688 accepit,
1611 5630 1675 5669 ac
1691 5614 1761 5670 de
1783 5614 2140 5672 restituenda
2159 5615 2350 5673 Sancti

642 5705 944 5787 Gervasii
973 5699 1234 5767 ecclesia
1247 5718 1481 5781 operam
1503 5700 1788 5763 adhibuit.
1814 5701 1997 5779 Igitur
2007 5703 2279 5782 Apuliam
2293 5709 2350 5765 et

2468 4728 2808 4785 monasterii
2838 4728 3232 4784 Ramesiensis
3253 4727 3312 4782 in
3334 4727 3575 4801 Angelia
3596 4744 3773 4799 quam
3799 4732 3918 4785 uta
3936 4730 4106 4788 nobis

2466 4818 2947 4889 praetermittatur
2970 4834 2983 4886 ;
3014 4833 3081 4873 ex
3110 4833 3177 4872 eo
3199 4816 3413 4889 quippe
3433 4816 3716 4872 discimus
3738 4834 3949 4890 papam
3973 4818 4107 4877 Leo-

2464 4923 2594 4961 nem
2630 4922 2744 4961 non
2776 4905 2964 4961 solum
2994 4905 3215 4973 Galliae,
3243 4905 3343 4961 sed
3363 4906 3539 4961 etiam
3562 4904 3810 4961 aliarum
3843 4906 4105 4979 gentium

2461 4997 2764 5066 episcopos
2796 4994 2867 5049 ad
2899 4994 3211 5050 concilium
3243 4995 3525 5050 Remense
3548 5010 3915 5051 convocasse.
3944 4996 4106 5054 Unde

2462 5101 2576 5139 non
2608 5082 2825 5137 mirum
2856 5086 2946 5138 est
2974 5083 3024 5138 si
3055 5083 3274 5155 passim
3298 5083 3590 5139 avetustis
3611 5083 3948 5140 auctoribus
3978 5101 4103 5140 con-

2459 5173 2650 5228 cilium
2671 5171 2926 5241 generale
2947 5176 3337 5243 nuncupetur.
3361 5173 3774 5245 Fragmentum
3807 5172 3963 5229 istud
3990 5175 4107 5230 edi-

2462 5260 2549 5315 dit
2579 5258 2969 5330 Spelmannus
2991 5262 3148 5314 tomo
3171 5259 3193 5314 Ι
3215 5260 3601 5316 Conciliorum
3622 5260 4098 5333 Anglicanorum,

2461 5349 2533 5405 ad
2566 5364 2786 5403 annum
2820 5347 2977 5414 1049,
3006 5346 3105 5401 ubi
3136 5347 3218 5402 sic
3250 5348 3533 5403 habetur:
3571 5370 3599 5397 «
3632 5350 3777 5404 Acta
3808 5354 3947 5405 sunt
3982 5350 4100 5404 haec

2461 5441 2771 5511 postquam
2796 5435 3168 5507 supradictus
3197 5437 3379 5492 abbas
3404 5435 3798 5492 Ramesiensis
3816 5436 4097 5493 Alfwinus

2461 5523 2812 5599 repatriavit,
2830 5526 3119 5579 revertens
3136 5524 3207 5579 de
3230 5540 3440 5596 magno
3458 5523 3703 5580 concilio
3723 5524 3877 5594 quod
3905 5521 4093 5577 Remis

2460 5633 2494 5672 a
2527 5616 2711 5670 Leone
2744 5629 2910 5685 papa,
2946 5627 3096 5667 anno
3126 5612 3296 5667 Verbi
3329 5611 3610 5668 incarnati
3652 5610 3807 5675 1049,
3840 5607 4089 5664 celebra-

2460 5709 2585 5764 tum
2619 5704 2725 5771 est,
2778 5716 2893 5779 quo
2925 5697 3093 5758 missi
3142 5700 3371 5761 fuerant
3426 5693 3903 5759 honorabilitera
3955 5700 4085 5768 rege
