4986 6556
1468 645 1616 704 Ηιὸ
2326 642 2667 706 ANSELMI
2713 643 3064 706 MONACHI
3113 643 3176 700 S.
3227 641 3530 703 REMIGII
3578 641 3993 706 REMENSIS.
4716 643 4865 706 1416

1463 777 1752 832 Edwardo
1811 775 2015 832 Duduc
2071 777 2378 849 episcopus
2438 777 2808 848 (Wellensis),
2869 781 2923 829 et
2980 774 3104 846 ipse
3131 774 3188 842 Α
3219 773 3397 829 fuisse
3434 799 3460 823 ››
3493 779 3758 845 testatur,
3793 777 3893 849 qui
3926 775 3978 831 ei
4008 776 4351 833 interfuerat
4370 775 4702 846 Odalricus,
4723 795 4864 850 prae-

1461 865 1752 921 Alfwiuus
1769 865 2073 930 Ramesiae,
2093 870 2149 920 et
2163 865 2440 921 Wlfricus
2461 867 2528 920 dc
2546 867 2754 920 Sancto
2776 865 3098 936 Augustino
3209 865 3432 935 positus
3464 863 3716 919 ecclesia:
3750 866 4075 934 Remensis,
4111 867 4169 921 in
4198 882 4306 922 suo
4329 867 4866 939 testamento,un

1460 955 1722 1023 abbates,
1756 955 1985 1010 decreta
2029 954 2481 1010 Christianitatis
2511 972 2635 1027 qua:
2667 954 2744 1008 ibi
2801 972 2834 1008 θ,
2881 953 3099 1008 sanctis
3209 967 3386 1022 penes
3408 969 3514 1007 nos
3535 953 3808 1008 cxcodice
3827 953 4397 1011 Remensisecclesie
4414 970 4527 1010 ms.
4549 954 4870 1025 habemus,

1458 1043 1730 1099 Patribus
1785 1043 2189 1099 statuebantur
2243 1043 2497 1098 relaturi.
2549 1043 2660 1098 Nec
2693 1042 2921 1098 silentio
2952 1060 3096 1113 prae-

1457 1132 1807 1188 tereundum
1830 1132 1980 1204 quod
2005 1137 2360 1188 memoratus
2385 1133 2566 1186 abbas
2587 1131 2878 1186 Alfwinus
2903 1131 2960 1185 in
2986 1147 3101 1184 me-

1460 1225 1685 1277 morato
1716 1221 1955 1276 concilio
1987 1219 2255 1276 Remensi
2289 1225 2510 1276 tantam
2544 1221 2602 1274 in
2635 1219 2822 1275 oculis
2877 1218 3099 1274 domini

1461 1327 1624 1383 papa:
1647 1309 1856 1365 Leonis
1875 1311 2122 1382 gratiam
2148 1310 2389 1380 invenit,
2415 1315 2498 1374 ut,
2523 1310 2592 1364 ad
2615 1326 2816 1382 preces
2838 1308 3024 1380 ipsius
3047 1313 3102 1362 et

1459 1399 1819 1464 instantiam,
1875 1399 2287 1454 Ramesensem
2347 1397 2655 1453 ecclesiam
2708 1397 2934 1452 liberali
2967 1413 3098 1468 pro-

1456 1487 1721 1544 tectionis
1741 1485 2072 1560 apostolicae
2095 1488 2247 1543 dono
2271 1487 2715 1559 privilegiatam,
2739 1491 2794 1540 et
2809 1488 2946 1556 jura
2966 1486 3094 1555 ejus

1453 1580 1510 1632 et
1523 1577 1942 1649 possessiones,
1958 1580 2079 1631 tam
2108 1575 2341 1630 habitas
2365 1580 2501 1630 tunc
2522 1592 2697 1646 quam
2720 1576 2776 1628 in
2802 1580 3097 1646 posterum

1443 1667 1618 1738 justa:
1641 1665 2047 1738 acquisitionis
2065 1663 2234 1720 titulo
2259 1664 2578 1726 habendas,
2603 1663 2946 1717 auctoritate
2971 1681 3100 1718 sua-

1451 1771 1582 1810 rum
1605 1754 1958 1821 litterarum,
1978 1756 2182 1808 contra
2198 1751 2649 1824 malignantium
2669 1751 3097 1806 infestationem

1452 1843 1864 1900 communiret.
1894 1865 1922 1891 »
1949 1843 2030 1897 Ex
2059 1841 2165 1896 hoc
2196 1846 2390 1896 autem
2442 1841 2764 1912 fragmento
2814 1839 3098 1895 discimus

1453 1949 1667 1990 nomen
1690 1931 1916 1988 Duduci
1940 1948 2040 1986 seu
2069 1930 2416 1996 [)uduconis,
2440 1931 2539 2002 qui
2561 1929 2804 1984 concilio
2825 1929 3096 1984 Remensi

1453 2039 1586 2078 cum
1635 2021 1864 2078 duobus
1913 2019 2222 2075 abbatibus
2252 2018 2453 2091 Anglis
2487 2019 2750 2073 mittente
2809 2019 3096 2072 Edwardo

1452 2127 1584 2185 rege
1608 2109 1812 2166 adfuit.
1848 2109 1947 2164 Hic
1975 2109 2212 2164 Duduco
2243 2108 2395 2162 inter
2424 2106 2752 2162 Wellenses
2805 2107 3096 2163 antistites

1448 2199 1712 2256 decimus
1740 2202 1986 2271 quartus
2018 2200 2382 2260 numeratur,
2406 2212 2582 2267 quam
2617 2195 2812 2250 sedem
2837 2194 3092 2267 amplius

1445 2289 1652 2362 viginti
1697 2291 1920 2359 septem
1979 2284 2150 2340 annis
2180 2285 2384 2339 tenuit.
2446 2284 2619 2372 Porro
2649 2283 2756 2338 etsi
2815 2283 3094 2356 Rogerius

1449 2377 1814 2433 Hovedemus
1870 2373 1929 2428 in
1962 2377 2124 2445 parte
2172 2372 2350 2445 priori
2410 2370 2722 2428 Annalium
2783 2374 2991 2428 referat
3021 2375 3092 2428 ab

1452 2465 1738 2523 Edwardo
1761 2462 2080 2535 Anglorum
2114 2479 2244 2534 rege
2269 2462 2508 2517 abbates
2531 2463 2677 2516 duos
2700 2462 2770 2516 ad
2806 2463 3090 2535 synodum

1449 2557 1794 2612 Remensem
1823 2552 2034 2606 missos
2062 2551 2260 2617 fuisse,
2291 2549 2436 2606 nihil
2471 2555 2664 2605 tamen
2692 2550 2868 2605 habet
2889 2551 2958 2605 de
2979 2551 3094 2622 epi-

1447 2661 1622 2718 scopo
1661 2659 1795 2698 cum
1827 2641 1900 2696 iis
1932 2640 2150 2708 misso;
2187 2639 2454 2695 observat
2508 2644 2703 2694 autem
2755 2641 3091 2711 prazfectum

1448 2735 1640 2790 Romae
1671 2732 1936 2802 aliosque
1965 2729 2136 2785 Urbis
2169 2729 2453 2800 primores
2486 2729 2736 2784 Leonem
2771 2729 2830 2782 in
2863 2728 2970 2783 hoc
2992 2728 3090 2783 iti-

1447 2838 1583 2879 nere
1612 2820 1919 2878 comitatos
1950 2818 2151 2873 fuisse.
2201 2817 2329 2872 Haec
2369 2821 2507 2872 sunt
2533 2819 2662 2888 ejus
2692 2817 2886 2873 verba.
2923 2840 2949 2866 «
2985 2819 3089 2872 Eo-

1448 2913 1582 2968 dem
1615 2927 1790 2976 anno,
1818 2932 1846 2958 ››
1867 2907 2144 2980 inquit,id
2175 2912 2264 2962 est
2294 2907 2451 2974 1049,
2481 2930 2507 2955 ‹‹
2544 2908 2655 2962 Leo
2683 2925 2852 2980 papa,
2888 2913 3088 2980 rogatu

1447 2999 1670 3056 eximiae
1701 2997 2000 3070 religionis
2052 2996 2280 3052 abbatis
2337 2995 2642 3067 Herimari,
2677 2997 2734 3051 in
2786 2997 3087 3052 Franciam

1445 3087 1622 3156 venit,
1651 3087 1874 3142 habens
1895 3085 1955 3140 in
1988 3085 2263 3140 comitatu
2295 3101 2400 3140 suo
2434 3087 2764 3156 praefectum
2794 3089 2849 3140 et
2871 3085 3089 3158 dignio-

1446 3195 1540 3235 res
1585 3192 1852 3249 quosque
1909 3174 2199 3230 Romuleae
2240 3175 2437 3242 urbis;
2485 3179 2541 3229 et
2592 3174 2778 3230 sancti
2839 3175 3086 3248 Remigii

1446 3268 1801 3324 Francorum
1831 3262 2076 3336 apostoli
2111 3263 2532 3318 monasterium
2575 3263 2768 3319 Remis
2799 3263 3087 3318 constitu-

1445 3359 1573 3412 tum
1604 3351 1856 3409 maxime
1887 3369 2020 3408 cum
2053 3351 2269 3407 honore
2290 3351 2602 3418 dedicavit;
2633 3356 2689 3408 et
2710 3352 3083 3424 postmodum

1444 3443 1505 3500 in
1531 3443 1660 3516 ipsa
1689 3443 1832 3498 urbe
1863 3457 2135 3514 magnam
2169 3439 2458 3513 synodum
2489 3440 3081 3513 archiepiscoporum,

3276 1041 3333 1094 5.
3365 1039 3476 1094 Alii
3508 1040 3760 1112 denique
3809 1047 4079 1097 auctores
4123 1042 4552 1099 dedicationem
4609 1043 4868 1100 ecclesias

3210 1127 3408 1183 Sancti
3443 1127 3688 1200 Remigii
3733 1129 3956 1201 passim
4007 1130 4245 1204 scriptis
4293 1131 4422 1187 suis
4473 1131 4866 1202 celebrarunt,

3209 1234 3358 1288 quos
3391 1217 3690 1289 sigillatim
3738 1236 4036 1275 recensere
4085 1220 4263 1276 nimis
4311 1224 4469 1276 esset
4525 1238 4866 1294 operosum.

3206 1307 3278 1360 At
3293 1306 3384 1360 hic
3400 1307 3729 1362 ommittere
3749 1325 3862 1364 non
3875 1307 4010 1364 licet
4023 1325 4091 1364 ea
4106 1309 4410 1366 occasione
4433 1310 4655 1366 festum
4678 1311 4865 1367 sancti

3211 1395 3478 1467 Remigii,
3504 1396 3656 1466 quod
3681 1397 3808 1467 jam
3831 1403 4001 1453 antea
4021 1397 4300 1454 Kalendis
4321 1397 4588 1456 Octobris
4609 1399 4866 1456 celebra-

3207 1484 3398 1551 batur,
3447 1483 3768 1540 solemnius
3825 1486 4031 1542 exinde
4062 1486 4335 1554 evasisse,
4394 1504 4463 1543 ex
4520 1489 4864 1562 praescripto

3208 1573 3359 1627 beati
3393 1573 3630 1641 Leonis;
3655 1592 3770 1645 qua
3797 1575 3853 1628 in
3883 1593 3940 1630 re
3967 1576 4384 1632 sanctissimus
4415 1577 4680 1650 pontifex
4709 1579 4863 1636 anti-

3207 1680 3384 1733 quam
3411 1662 3663 1718 ecclesia:
3691 1665 3971 1718 Fl‘ilnt'lt‘il:
3999 1665 4052 1718 in
4079 1683 4252 1720 suum
4279 1665 4612 1738 apostolum
4635 1665 4866 1742 religio-

3209 1768 3361 1817 nem,
3393 1769 3520 1823 qua:
3553 1753 3816 1808 fortassis
3850 1755 3922 1808 ob
3954 1754 4238 1808 bellorum
4272 1754 4565 1811 tumultus
4589 1757 4863 1812 nonnihil

3207 1839 3518 1896 imminuta
3547 1840 3754 1911 fuerat,
3797 1842 3854 1896 in
3911 1842 4223 1914 pristinum
4254 1844 4513 1916 vigorem
4546 1846 4861 1911 revocavit,

3208 1929 3344 1984 data
3373 1946 3440 1984 ea
3469 1930 3539 1984 de
3570 1947 3629 1984 re
3662 1929 3822 1985 bulla
3848 1949 4027 2002 quam
4052 1931 4365 1988 Anselmus
4397 1937 4600 1989 noster
4629 1933 4694 1990 in
4728 1951 4864 2009 opu-

3207 2017 3353 2072 sculi
3385 2017 3474 2072 sui
3509 2020 3620 2073 fine
3646 2019 3908 2074 inseruit.
3935 2019 4148 2074 Verum
4171 2038 4304 2076 cum
4329 2022 4386 2075 in
4408 2021 4717 2096 plerisque
4741 2023 4866 2080 Gal-

3207 2107 3414 2162 liarum
3435 2107 3575 2162 locis
3597 2108 3804 2162 iterum
3828 2111 4109 2180 tepuissct
4131 2127 4268 2181 erga
4293 2111 4750 2169 sanctissimum
4773 2131 4868 2170 an-

3205 2196 3447 2251 tistitem
3483 2197 3603 2253 hrec
3653 2197 3839 2269 prisca
3893 2199 4203 2263 veneratio,
4250 2216 4455 2255 rursus
4485 2201 4750 2258 excitata
4781 2207 4867 2259 est

3205 2287 3431 2342 decreto
3452 2287 3820 2342 comitiorum
3840 2287 4199 2359 generalium
4221 2287 4360 2342 eleri
4384 2288 4864 2364 Gallicani,quod

3203 2380 3412 2446 agente
3445 2375 3712 2448 piissimo
3767 2376 4027 2431 antistite
4059 2376 4242 2432 Felice
4270 2375 4544 2433 Vialardo
4589 2379 4865 2437 Catalau-

3203 2464 3470 2518 nensium
3505 2463 3796 2536 episcopo,
3827 2463 4133 2520 Remensis
4163 2465 4471 2537 provincize
4505 2465 4727 2540 legato,
4773 2470 4862 2526 die

3202 2554 3268 2606 17
3294 2553 3512 2608 mensis
3544 2553 3753 2620 Martii,
3782 2570 3934 2608 anno
3959 2554 4114 2618 1657,
4139 2554 4360 2609 editum
4385 2559 4706 2628 est.Atque
4728 2558 4863 2616 inde

3201 2642 3349 2696 datm
3379 2645 3536 2711 sunt,
3571 2641 3804 2698 nomine
3834 2641 3970 2696 cleri
3995 2642 4513 2714 Gallicani,littera3
4537 2645 4612 2699 ad
4631 2647 4866 2704 univer-

3200 2747 3295 2786 sos
3328 2731 3650 2802 episcopos,
3685 2731 3900 2803 quibus
3930 2731 4317 2792 innotesceret
4347 2735 4642 2789 statutum
4678 2735 4865 2792 fuisse

3200 2823 3264 2873 ut
3293 2818 3352 2874 in
3385 2818 3652 2874 universo
3675 2819 3997 2874 Galliarum
4031 2837 4208 2892 regno
4228 2820 4382 2876 beati
4412 2821 4671 2896 Remigii
4697 2824 4862 2880 festi-

3197 2907 3344 2962 vitas
3376 2909 3486 2962 sub
3517 2907 3732 2980 duplici
3762 2907 3875 2962 ritu
3911 2907 4156 2964 celebris
4187 2908 4523 2965 haberetur.
4550 2911 4674 2968 Has
4707 2913 4864 2970 litte-

3199 3013 3312 3064 ras,
3339 2995 3514 3052 simul
3537 3014 3669 3052 cum
3696 2996 3994 3069 privilegio
4013 2997 4211 3053 altaris
4230 2998 4585 3072 Remigiani,
4609 3000 4864 3060 inferius

3198 3085 3454 3157 integras
3486 3085 3912 3140 exhibebimus.

3263 3175 3318 3228 6.
3353 3178 3632 3230 Craterum
3665 3192 3778 3230 non
3813 3175 3984 3230 modo
4007 3175 4161 3231 beati
4191 3176 4439 3249 Remigii
4473 3177 4868 3238 festivitasex

3196 3261 3402 3317 Leonis
3435 3263 3664 3318 decreto
3698 3263 3830 3318 inde
3861 3263 4140 3320 solemnis
4183 3265 4312 3334 fuit,
4349 3281 4552 3324 verum
4585 3269 4781 3327 etiam
4813 3273 4870 3327 et

3193 3349 3387 3422 ipsum
3423 3351 3634 3408 festum
3667 3352 4058 3408 Dedicationis
4099 3353 4318 3410 scilicet
4350 3355 4866 3416 anniversarium.

3193 3440 3353 3503 Quod
3390 3445 3596 3512 prmter
3624 3440 4032 3514 Martyrologia
4064 3441 4522 3512 Remensia,alia
4548 3445 4742 3503 etiam
4768 3466 4870 3506 ex-

1443 3532 1870 3606 episcoporum,
1924 3531 2223 3600 abbatum,
2259 3547 2357 3584 sex
2405 3529 2612 3584 diebus
2662 3529 2992 3598 celebravit,
3025 3531 3083 3585 in
3116 3519 3160 3588 C
3196 3531 3360 3582 terna
3419 3533 3898 3584 commemorant.
3958 3529 4074 3586 Hoc
4130 3531 4430 3588 Ferrarius
4459 3533 4520 3588 in
4573 3535 4868 3611 Catalogo

1443 3639 1560 3695 qua
1587 3621 1808 3694 synodo
1858 3619 1968 3674 fuit
1995 3619 2304 3675 Aldwinus
2333 3619 2785 3691 Ramesigensis,
2816 3624 2871 3674 et
2901 3619 3083 3675 abbas
3192 3617 3723 3690 generaliomnium
3739 3621 4072 3674 sanctorum
4089 3620 4160 3674 ad
4174 3619 4329 3675 diem
4343 3622 4678 3679 secundam
4691 3625 4868 3682 Octo—

1440 3710 1780 3768 monasterii
1835 3707 2028 3764 Sancti
2082 3707 2419 3781 Augustini,
2481 3725 2516 3763 a
2571 3724 2704 3780 rege
2758 3708 3080 3781 Anglorum
3190 3708 3312 3764 bris
3338 3706 3602 3777 inseruit,
3636 3706 3788 3762 sicut
3829 3710 3886 3761 et
3930 3707 4192 3764 Andreas
4223 3709 4544 3765 Saussaius
4577 3712 4643 3768 in
4696 3711 4870 3772 Mar-

1439 3799 1730 3856 Edwardo
1758 3797 1858 3853 illo
1879 3797 2117 3852 missus.
2141 3796 2258 3851 Hac
2283 3797 2342 3852 in
2365 3797 2582 3869 synodo
2606 3819 2632 3846 «
2665 3796 2920 3853 divinam
2949 3797 3080 3854 rcli-
3189 3796 3470 3870 tyrologio
3493 3795 3808 3862 Gallicano,
3833 3795 3996 3868 Hugo
4019 3796 4335 3854 Menardus
4361 3798 4420 3854 in
4443 3799 4867 3876 Benedictino,

1440 3887 1676 3962 gionem
1729 3885 1976 3942 nimium
2035 3885 2378 3957 tepefactam
2438 3885 2696 3942 studiose
2754 3892 3079 3960 reparatam
3191 3886 3503 3943 Bucelinus
3536 3882 3594 3941 in
3626 3884 3972 3958 Menologio,
4006 3891 4114 3953 etc,

2817 4104 3456 4196 PROLOGUS

2164 4297 2236 4358 ΙΝ
2277 4297 2756 4356 DEDICATIONE
2797 4299 3153 4357 ECCLESIJE
3191 4299 3398 4357 BEATI
3439 4296 3722 4356 REMIGII
3760 4295 4117 4354 REMENSIS

3193 4522 3306 4578 que
3337 4503 3572 4562 exordia
3617 4503 3866 4559 Additur
3893 4501 4072 4558 etiam
4106 4505 4170 4558 ut
4199 4501 4340 4574 quia
4368 4519 4440 4560 ex
4468 4503 4664 4578 hujus
4693 4509 4878 4567 dedi-

3193 4593 3438 4650 cationis
3459 4591 3760 4649 occasione
3781 4608 3816 4646 a
3837 4590 4126 4647 ministris
4147 4589 4366 4648 diaboli
4388 4591 4584 4649 multa
4605 4598 4882 4656 excitata

3193 4687 3332 4740 sunt
3361 4679 3656 4749 scandala,
3685 4684 3743 4736 et
3769 4684 3972 4752 postea
3999 4697 4069 4735 ex
4102 4680 4323 4752 synodo
4347 4677 4424 4736 ab
4455 4679 4674 4739 eodem
4710 4703 4880 4760 papa

1438 4793 1596 4845 nem,
1620 4792 1798 4850 quam
1818 4773 2163 4830 timentibus
2184 4789 2246 4828 se
2269 4771 2602 4844 repromisit
2622 4771 2948 4828 Deus.Cum
2971 4771 3088 4827 vita
3193 4772 3412 4828 ibidem
3444 4769 3752 4836 celebrata,
3777 4768 3965 4824 multa
3995 4772 4388 4841 provenerunt
4414 4767 4610 4826 utilia.
4635 4774 4878 4832 Deinde

1438 4870 1642 4923 nostra
1659 4881 1835 4938 super
1863 4870 2078 4920 terram
2099 4861 2344 4918 tentatio
2370 4857 2469 4930 sit,
2491 4860 2631 4932 quia
2659 4861 2964 4916 vetustatis
2993 4861 3088 4918 de-
3193 4861 3251 4915 in
3284 4861 3398 4915 ﬁne
3427 4859 3606 4930 hujus
3637 4855 3903 4931 opusculi
3936 4857 4297 4930 subjungam
4331 4875 4460 4931 quas
4491 4874 4601 4931 per
4625 4865 4880 4934 pretio-

1436 4953 1712 5026 primitur
1755 4953 2030 5027 pondere,
2063 4951 2132 5006 ad
2168 4948 2444 5006 novitatis
2490 4949 2772 5022 gaudium
2805 4949 3088 5022 suspendi
3119 4941 3164 5006 D
3196 4967 3327 5006 sum
3360 4949 3716 5004 Francorum
3746 4950 4059 5018 patronum
4086 4945 4442 5019 Remigium,
4471 4951 4582 5004 aut
4598 4949 4746 5008 visu
4771 4957 4884 5010 aut

1438 5042 1720 5100 debemus
1745 5043 1802 5098 in
1825 5041 2127 5098 charitatis
2156 5037 2522 5104 celsitudine,
2547 5054 2724 5110 quam
2747 5037 2900 5094 Deus
2922 5054 3082 5094 com-
3193 5038 3397 5093 auditu
3431 5035 3604 5092 didici
3638 5039 3769 5108 post
3797 5034 3982 5107 ipsam
4018 5035 4451 5092 dedicationem
4482 5034 4646 5092 facta
4679 5042 4882 5098 mira-

1439 5130 1735 5188 mandavit
1762 5131 1822 5186 in
1845 5131 2035 5197 nobis,
2071 5129 2129 5184 in
2153 5127 2437 5199 unigeniti
2461 5125 2587 5182 Filii
2607 5125 2698 5181 sui
2726 5125 3077 5182 humilitate.

1437 5219 1798 5294 Quapropter
1827 5237 1894 5275 ex
1925 5217 2168 5288 imperio
2192 5215 2413 5272 domini
2439 5215 2666 5270 abbatis
2691 5215 2974 5270 Herimari
2997 5231 3082 5270 se-

1437 5309 1580 5365 riem
1612 5305 1994 5364 dedicationis
2023 5304 2205 5374 hujus
2233 5303 2591 5359 sanctissimi
2614 5303 2802 5358 Patris
2823 5301 3078 5359 ecclesia

1437 5396 1670 5454 silentio
1701 5412 1818 5451 non
1850 5393 2042 5466 patiar
2059 5390 2519 5446 oblitterari.Sed
2543 5391 2821 5464 quoniam
2843 5408 2877 5447 a
2895 5392 3076 5448 beatae

1436 5483 1858 5544 recordationis
1888 5497 2040 5554 papa
2067 5495 2220 5534 nono
2256 5479 2466 5544 Leone,
2493 5479 2608 5535 Deo
2638 5485 2892 5546 auctore,
2925 5480 3078 5537 facta

1437 5578 1550 5642 est,
1572 5587 1640 5628 eo
1669 5569 1858 5644 magis
1879 5569 2118 5643 dignam
2139 5565 2348 5622 litteris
2371 5567 2596 5622 tradam
2619 5584 2720 5639 pro
2739 5567 2974 5624 modulo
2995 5569 3079 5624 in-

1437 5645 1658 5736 genioli
1683 5657 1818 5714 mei.
1853 5656 2013 5714 Unde
2035 5655 2094 5710 in
2126 5654 2332 5726 primis
2363 5654 2566 5728 paucis
2596 5653 2910 5728 praalibabo
2939 5673 3078 5728 quo.

1437 5765 1572 5807 rum
1601 5746 1893 5804 industria
1921 5747 2254 5802 constructa
2273 5743 2450 5800 fuerit
2478 5743 2734 5799 anterior
2754 5743 3078 5814 ecclesia,et

1437 5855 1507 5910 ex
1535 5837 1707 5910 cujus
1733 5851 1909 5893 causa
1927 5834 2055 5908 jam
2085 5850 2202 5910 prae
2229 5835 2518 5891 vetustate
2548 5830 2783 5888 ruinam
2805 5830 3076 5889 minitan-

1436 5925 1660 5999 tis,htsc
1673 5943 1799 6006 qua:
1815 5923 2112 5994 nunc,Doo
2127 5920 2415 6000 prepitian
2423 5915 3080 5994 te,subsistit,sumpsit-

1509 4511 1564 4568 1.
1595 4509 1830 4567 Dilectis
1853 4508 1912 4564 in
1945 4507 2174 4564 Christo
2205 4505 2484 4562 fratribus
2517 4505 2626 4562 sub
2657 4504 2808 4561 beati
2836 4505 3082 4579 Remigii

1438 4599 1624 4657 tutela
1660 4600 1777 4656 Deo
1817 4597 2231 4668 militantibus,
2265 4593 2678 4666 subsequentis
2707 4600 2908 4651 auctor
2935 4612 3082 4666 opu-

1439 4689 1587 4746 sculi
1604 4703 1876 4760 magnam
1893 4684 2409 4755 incircumscriptzs
2421 4682 2749 4738 dulcedinis
2763 4683 3086 4738 multitudi-

3192 5125 3341 5182 cula.
3392 5125 3508 5180 Vos
3550 5128 3766 5188 autem,
3801 5123 4030 5190 fratres,
4065 5140 4214 5196 quos
4245 5124 4491 5181 sincera
4519 5123 4884 5186 devotionis

3191 5215 3378 5270 fervor
3410 5211 3766 5268 unanimiter
3785 5211 3845 5266 in
3868 5212 4040 5267 domo
4061 5211 4330 5268 habitare
4357 5211 4500 5268 facit
4525 5213 4882 5276 divina.....

3190 5301 3298 5356 hoc
3327 5299 3911 5373 quantulumcunque
3932 5298 4292 5372 obsequium
4312 5299 4578 5357 fraterna
4599 5305 4882 5380 excipite

3187 5388 3608 5455 benevolentia,
3627 5405 3731 5444 nec
3753 5386 3810 5442 in
3829 5387 3914 5444 eis
3937 5391 4169 5443 tantum
4190 5387 4420 5446 venusti
4442 5387 4726 5464 cultique
4749 5412 4884 5452 ser-

3186 5477 3378 5534 monis
3407 5477 3656 5550 gratiam
3687 5475 4156 5532 considcrabitis.
4187 5475 4354 5534 Unde
4373 5493 4492 5534 non
4513 5495 4627 5537 vos
4655 5483 4882 5558 pigeat

3186 5565 3295 5621 hoc
3325 5564 3638 5638 aliquando
3668 5564 3880 5639 legere,
3910 5563 4049 5637 quia
4075 5563 4211 5621 licet
4235 5581 4414 5622 aurea
4461 5569 4522 5622 et
4567 5578 4882 5643 argentea

3183 5671 3325 5710 vasa
3343 5653 3404 5710 in
3433 5653 3603 5710 domo
3625 5653 3726 5709 Dei
3748 5652 3922 5709 vestri
3941 5652 4209 5710 habeatis
4229 5652 4510 5727 plurima,
4531 5672 4608 5713 ex
4631 5661 4878 5733 quibus

3185 5742 3438 5799 hauritis
3485 5740 3894 5816 grandiloquia
3939 5745 3996 5798 et
4041 5741 4326 5800 dulcitlua
4361 5744 4558 5801 sancti
4589 5746 4882 5821 Spiritus

3185 5831 3411 5905 pocula,
3466 5835 3660 5888 tamen
3719 5830 4015 5888 interdum
4067 5829 4211 5904 hac,
4262 5832 4542 5910 quamvis
4573 5835 4656 5895 de
4689 5838 4882 5902 ﬁctili

3164 5909 3339 5997 'vase,
3371 5937 3472 5982 vos
3503 5937 3758 5981 recreare
3787 5919 3999 5998 poterit
4027 5937 4206 5997 aqua.
