4986 6446
717 354 861 410 ΜΠ

1703 347 1908 408 illS’l‘.
1955 345 2206 406 DEDIC.
2256 343 2652 404 ECCLESl/E
2693 343 2755 405 S.
2806 343 3131 406 REMIGII.

3940 349 4103 410 1418

1747 743 2266 869 INCIPIT
2362 739 3055 879 ΝΑΒΒΑΤΙΟ

775 1092 826 1145 2.
860 1088 1106 1144 Basilica
1138 1087 1318 1161 igitur
1341 1085 1580 1158 gloriosi
1609 1085 1959 1141 confessoris
1991 1081 2200 1138 Christi
2241 1081 2349 1136 Re-
2377 1080 2426 1148 Α
2461 1079 2696 1137 natibus
2727 1081 2893 1152 quasi
2928 1081 3270 1138 naturaliter
3299 1081 3662 1139 inhaererent.
3730 1083 3892 1141 Unde
3947 1083 4102 1142 sicut

708 1178 865 1252 migii
891 1195 1132 1250 corpore
1155 1176 1455 1248 insignita,
1473 1193 1600 1247 qua:
1627 1191 1811 1246 usque
1835 1174 1904 1228 ad
1931 1174 2046 1228 bzec
2069 1171 2348 1227 moderna

707 1267 1040 1339 perduravit
1061 1263 1728 1337 tempora,Rcmensinm
1754 1263 2044 1334 quondam
2060 1259 2345 1332 archiepi-

707 1373 1015 1428 scoporum
1055 1355 1249 1410 studio
1270 1353 1560 1418 inchoata,
1591 1355 1646 1406 et
1678 1351 2022 1406 venerabilis
2053 1349 2346 1403 memoria:

706 1444 1020 1500 Hincmaro
1080 1461 1280 1498 eurum
1328 1458 1659 1496 successore
1717 1443 2143 1502 consnuunata,
2195 1455 2346 1492 anno

705 1531 991 1587 incarnati
1027 1530 1198 1586 Verbi
1238 1528 1718 1600 octingentesimo
1751 1525 2236 1599 quinquagesimo
2262 1541 2347 1580 se-

702 1621 892 1676 cundo
924 1621 1000 1676 ab
1033 1619 1158 1690 ipso
1191 1623 1279 1673 est
1308 1617 1590 1672 dedicata.
1625 1618 1758 1682 Quae
1791 1615 2025 1686 quidem
2059 1630 2172 1668 non
2205 1614 2346 1668 adeo

702 1709 924 1780 operosi
953 1706 1183 1762 aedificii
1204 1705 1450 1762 solidata
1471 1701 2197 1773 estmnnitione,quoniam
2225 1701 2350 1755 bar-

700 1798 848 1854 barae
883 1799 1174 1862 nationes,
1213 1813 1316 1868 per
1362 1795 1418 1849 id
1471 1793 1754 1864 temporis
1813 1792 1960 1846 hanc
2007 1791 2348 1845 infestantes

700 1885 1081 1956 provinciam,
1115 1881 1399 1956 frequenti
1427 1881 1757 1936 incursione
1781 1880 2048 1952 praefatos
2072 1875 2348 1950 priesnles

697 1974 768 2027 ab
799 1971 1148 2045 bujusmodi
1177 1971 1604 2044 preepediebant
1631 1969 1986 2032 intentione;
2016 1968 2171 2020 unde
2193 1967 2348 2021 intra

697 2067 930 2117 centum
965 2059 1400 2133 quinquaginta
1431 2063 1486 2114 et
1517 2059 1661 2112 duos
1715 2074 1898 2110 annos
1949 2061 2110 2110 tanta
2143 2059 2231 2108 est
2261 2059 2344 2108 at-

692 2148 832 2206 trita
862 2153 1175 2214 vetustate,
1208 2151 1272 2202 ut
1292 2149 1416 2218 jam
1442 2146 1514 2201 ad
1539 2160 1740 2200 casum
1767 2143 2166 2216 prepinquans
2190 2158 2350 2212 repa-

697 2238 986 2294 rationem
1011 2239 1106 2294 sui
1130 2237 1426 2292 videretur
1445 2235 1861 2304 exigere..-\nno
1877 2243 2010 2287 vero
2034 2231 2346 2286 Dominicaz

699 2325 1127 2382 incarnationis
1159 2324 1473 2380 millesimo
1498 2324 1724 2396 quinto,
1763 2327 1891 2394 post
1924 2321 2344 2393 reparationem

2409 1219 2419 1226 .
2455 1168 2585 1223 aliis
2621 1170 2931 1226 contractis
2963 1186 3088 1224 mos
3107 1175 3213 1237 est,
3234 1187 3350 1226 non
3379 1170 3576 1227 valens
3599 1187 3732 1228 sese
3752 1189 3856 1244 per
3878 1176 4096 1229 terram

2456 1257 2727 1314 scabellis
2745 1258 2813 1312 ad
2838 1258 3139 1313 mendican
3149 1259 3286 1314 dum
3301 1259 3546 1330 trahere,
3561 1258 3826 1316 vehiculo
3837 1261 4094 1333 quodam

2455 1361 2557 1416 per
2583 1352 2784 1401 sancta
2815 1347 2938 1402 loca
2970 1351 3086 1401 tam
3121 1347 3378 1418 petenda:
3419 1347 3610 1421 stipis,
3643 1365 3822 1420 quam
3854 1364 4093 1421 recupe-

2457 1435 2647 1493 rardar
2677 1435 2883 1491 salutis
2905 1435 3110 1508 gratia,
3134 1453 3167 1490 a
3199 1453 3302 1492 suo
3323 1436 3874 1493 circumducedatur
3891 1437 4088 1494 fratre.

2455 1523 2579 1586 Qua
2608 1524 2678 1578 de
2709 1540 2768 1579 re
2801 1525 3015 1580 factum
3048 1529 3138 1580 est
3167 1529 3232 1580 ut
3257 1525 3432 1580 etiam
3455 1525 3526 1580 ad
3558 1541 3708 1598 saepe
3729 1526 4093 1583 memorandi

2457 1613 2796 1683 protectoris
2820 1613 3004 1668 nostri
3037 1613 3281 1686 Remigii
3307 1613 3608 1670 basilicam
3630 1611 4094 1682 deduceretur,et

2459 1701 2514 1754 in
2538 1699 2680 1756 hora
2696 1717 2770 1772 qu
2780 1719 2813 1756 a
2825 1717 2990 1756 sacra
3003 1701 3315 1756 missarum
3330 1701 3614 1758 solemnia
3629 1701 4088 1771 celebrabantur,

2456 1795 2590 1844 ante
2622 1789 3100 1844 sanctum'altare
3132 1791 3202 1846 ab
3233 1790 3434 1847 eodem
3469 1807 3748 1864 germano
3768 1807 3874 1847 suo
3895 1791 4094 1867 depor-

2456 1883 2694 1934 taretur.
2727 1879 2986 1950 Cumque
3008 1879 3133 1949 jam
3156 1896 3190 1933 a
3211 1879 3494 1954 ministris
3516 1878 3660 1934 illud
3685 1879 4091 1952 incorruptum

2459 1966 2848 2038 perciperetur
2876 1967 3136 2038 epulum,
3170 1967 3240 2022 ab
3276 1966 3372 2022 illo
3406 1967 3849 2024 miserationum
3883 1967 4088 2024 indeﬂ-

2457 2055 2630 2110 cienti
2671 2055 2824 2111 fonte
2885 2055 3092 2111 salutis
3149 2057 3441 2112 emanavit
3495 2056 3737 2112 donum.
3769 2055 4029 2112 Calcanei
4059 2073 4093 2112 a

2455 2143 2895 2215 posterioribus,
2930 2145 3145 2216 quibus
3175 2144 3414 2217 impacti
3469 2149 3655 2212 erant,
3683 2144 3741 2200 in
3797 2148 4092 2201 momento

2455 2237 2756 2302 cceperunt
2786 2231 2974 2298 avelli,
3007 2232 3206 2304 eisque
3235 2234 3307 2288 ad
3339 2248 3664 2305 congruum
3699 2231 3896 2288 divino
3944 2237 4090 2290 nutu

2455 2320 2835 2374 redeuntibus
2866 2320 3150 2388 ordinem,
3185 2321 3256 2376 ad
3315 2320 3600 2376 indicium
3632 2319 3898 2376 miraculi
3955 2321 4092 2379 inde

699 2419 892 2469 autem
921 2413 1265 2470 monasticae
1297 2411 1592 2484 religionis
1624 2429 1725 2482 per
1751 2411 2053 2482 Hngonem
2093 2409 2344 2481 psendo-
2375 2443 2422 2508 Β
2453 2408 2806 2464 efﬂuxerunt
2823 2408 3177 2481 sanguinum
3211 2408 3337 2464 rivi.
3371 2411 3506 2476 Quae
3537 2409 3640 2464 Dei
3667 2407 3967 2481 magnalia
3981 2409 4092 2464 fra—

699 2502 1045 2573 episcoduin
1087 2502 1224 2556 inibi
1257 2502 1468 2556 factam
1525 2499 1884 2570 sexagesimo
1937 2498 2213 2556 secundo,
2269 2497 2341 2552 ab

697 2591 938 2647 Arnulfo
981 2589 1398 2662 archiprwsule
1429 2587 1615 2642 eidem
1644 2587 1766 2642 loco
1799 2585 2101 2640 ordinatus
2134 2591 2220 2640 est
2250 2585 2344 2640 Ai-

699 2679 908 2735 rardus
939 2681 1152 2748 abbas,
1183 2682 1318 2748 post
1357 2676 1735 2732 Hincmarnm
1771 2674 1871 2746 (1,)
1903 2674 2203 2746 praecipua
2243 2674 2346 2728 bo-

697 2765 897 2823 nitatis
943 2767 1146 2822 virum
1207 2769 1264 2819 et
1311 2763 1370 2818 in
1401 2761 1703 2818 cmnobiali
1765 2767 2090 2825 strenuum,
2147 2761 2348 2816 ordine

699 2858 918 2911 sextus.
953 2854 1068 2919 Qui
1105 2852 1384 2908 Airardus
1415 2868 1546 2907 cum
1576 2851 1768 2922 sagaci
1799 2849 2123 2906 intenderet
2151 2849 2346 2904 animo

695 2941 895 3012 plures
947 2939 1249 2999 Dominici
1306 2940 1500 3012 gregis
1559 2945 1820 3012 pastores
1879 2955 1985 2992 sua
2041 2941 2208 2992 aetate
2247 2953 2350 3006 per

700 3029 916 3088 Gallias
975 3029 1291 3094 enituisse,
1354 3029 1453 3102 qui
1525 3027 1794 3082 ecclesias
1873 3043 2010 3082 suas
2067 3043 2134 3081 ex
2187 3030 2348 3080 vetu-

698 3123 843 3174 state
898 3121 961 3175 in
1027 3117 1316 3192 potiorem
1348 3121 1565 3172 statum
1616 3116 1962 3170 studuerant
2015 3115 2348 3175 reformare,

699 3205 1047 3263 deliberavit
1067 3210 1124 3261 et
1151 3205 1273 3276 ipse
1293 3222 1528 3276 operam
1555 3203 1830 3273 adhibere
1850 3203 1908 3258 in
1941 3205 2068 3274 ejus
2087 3220 2210 3274 quae
2238 3203 2347 3265 sibi

699 3298 1024 3352 commissa
1061 3299 1189 3350 erat
1244 3293 1632 3350 renovatione.
1666 3292 2025 3364 Quapropter
2082 3290 2219 3346 viris
2250 3291 2348 3362 qui

700 3383 1112 3440 architectura:
1144 3381 1311 3454 periti
1335 3383 1673 3436 ferebantur
1703 3380 1920 3444 ascitis,
1945 3379 2126 3434 futuri
2153 3379 2348 3450 templi

701 3474 981 3530 fabricam
1015 3491 1089 3530 ex
1120 3463 1366 3544 quadris
1397 3469 1690 3542 lapidibus
1721 3470 1939 3541 erigere
1971 3468 2142 3540 ccepit
2167 3485 2199 3522 a
2227 3468 2354 3522 fun-

701 3558 1220 3630 damentis,mnlto
1234 3559 1468 3630 quidem
1486 3557 1870 3630 operosiorem
1897 3557 2012 3612 illis
2024 3573 2196 3628 quam
2217 3573 2354 3627 pra:-

701 3655 968 3706 notatum
1003 3653 1101 3704 est
1131 3647 1187 3701 in
1217 3646 1434 3702 Gallico
1476 3663 1651 3717 regno
1677 3650 1978 3702 renovatae
2007 3651 2064 3698 et
2093 3643 2355 3699 ambitio-

701 3738 1204 3808 siorem,ideoque
1219 3736 1330 3791 sibi
1345 3735 1454 3791 sibi
1471 3741 1526 3790 et
1543 3733 1681 3790 illus
1696 3734 1793 3789 awi
1811 3733 2148 3788 hominibus
2163 3733 2356 3787 incon-

2453 2501 2570 2553 tres
2609 2496 2708 2568 qui
2767 2497 3012 2552 aderant
3063 2496 3517 2565 considerantes,
3577 2495 3763 2570 signis
3815 2495 4100 2569 pulsatis,-

2453 2585 2757 2656 operatrici
2791 2585 3080 2654 majestati
3113 2585 3347 2642 devotas
3377 2585 3690 2642 concinnat
3722 2585 3944 2642 laudes.

2527 2675 2576 2728 4.
2611 2675 2899 2730 Accrescit
2949 2673 3238 2730 devotioni
3291 2675 3543 2746 devotio,
3573 2679 3630 2731 et
3669 2673 4088 2746 omnipotentis

2456 2763 2640 2819 virtus
2661 2763 2853 2818 dilecti
2879 2763 2968 2818 sui
3000 2763 3246 2836 Remigii
3277 2765 3486 2822 merita
3509 2763 3800 2838 reciproco
3835 2760 4092 2819 declarat

2457 2851 2757 2907 miraculo.
2786 2851 3098 2924 Postquam
3157 2852 3314 2908 enim
3369 2869 3547 2926 super
3573 2853 3752 2925 pedes
3805 2847 4090 2924 paulatim

2457 2941 2719 2995 ﬁrmatos
2749 2940 2902 2994 idem
2933 2939 3192 2996 constitit
3211 2955 3451 3012 pauper,
3473 2954 3604 2996 ecce
3623 2937 3961 2996 scabellulis
3978 2941 4094 2993 tra-

2458 3029 2604 3084 hens
2627 3045 2753 3084 sese
2775 3031 3107 3084 contractus
3128 3028 3470 3086 adveniebat
3483 3027 3785 3102 alter,qni,
3799 3030 4096 3100 comperta

2458 3117 2743 3174 Dominici
2773 3117 2962 3188 operis
2993 3117 3245 3174 novitate
3275 3134 3454 3190 super
3487 3116 3764 3187 invalido,
3793 3116 4096 3189 ingressus

2459 3209 2547 3262 est
2571 3209 2964 3277 properanter,
2997 3208 3062 3260 ut
3103 3210 3158 3261 et
3179 3205 3304 3278 ipse
3333 3207 3651 3262 mereretur
3678 3205 3896 3278 perii-ui
3924 3219 4094 3260 recu-

2461 3298 2668 3367 peratae
2681 3293 2949 3350 sanitatis
2972 3293 3383 3350 emolumento.
3403 3293 3516 3350 Nec
3536 3292 3758 3350 diutius
3773 3307 3940 3350 caesa
3959 3305 4095 3363 spes

2461 3383 2825 3456 properantis
2856 3381 3110 3450 exstitit;
3145 3383 3243 3438 sed
3267 3385 3580 3456 antequam
3603 3383 3675 3438 ad
3697 3379 3881 3439 sancti
3903 3395 4096 3454 penis-

2463 3471 2583 3526 niat
2605 3469 2956 3543 sepulcrum.
2981 3475 3178 3542 optata
3199 3468 3358 3528 salus
3379 3471 3568 3528 adfuit
3591 3489 3602 3526 :
3629 3470 3787 3528 nervi
3809 3470 3918 3526 sub
3937 3469 4098 3543 geni-

2463 3560 2593 3628 bus,
2627 3561 2728 3632 qui
2779 3560 3136 3631 jamdudum
3194 3561 3424 3617 retracti
3485 3560 3865 3634 diriguerant,
3897 3562 4100 3614 exten-

2463 3651 2701 3718 duntur,
2725 3649 2915 3705 officio
2936 3649 3151 3722 pedum
3175 3650 3274 3705 diu
3295 3650 3525 3708 insueto
3546 3651 3646 3722 qui
3679 3647 3916 3705 acclinis
3938 3646 4104 3703 adve-

2468 3743 2652 3806 nerat,
2686 3755 2747 3793 se
2780 3754 3033 3810 superna
3063 3739 3251 3811 gratia
3280 3740 3540 3812 erigente
3593 3739 3820 3806 nititur,
3861 3741 3920 3793 et
3970 3738 4103 3790 ante

699 3802 1152 3884 summabilem.
1199 3825 1346 3880 Nam
1405 3823 1505 3880 uhi
1566 3842 1668 3896 per
1721 3823 1924 3896 viginti
1975 3829 2030 3880 et
2073 3828 2199 3878 octo
2240 3824 2355 3879 fere
2385 3802 2428 3868 (ἶ
2467 3802 2664 3882 sacros
2697 3802 3184 3898 illius-artusvper
3202 3802 3785 3898 cujusvinterventnm
3807 3802 3921 3882 sibi
3941 3821 4103 3880 salus

700 3931 885 3972 annos
919 3913 1228 3989 pastorale
1259 3913 1515 3968 officium
1547 3912 1998 3977 administravit,
2033 3912 2194 3968 senio
2221 3929 2356 3966 con-

703 4003 886 4060 fectus
924 4009 1244 4077 coeptoque
1276 4001 1434 4074 operi
1493 4001 1668 4058 finem
1702 4017 1816 4056 non
1859 3999 2186 4072 imponens,
2243 3999 2361 4054 vita

702 4092 976 4150 decessit.

759 4179 822 4238 3.
856 4182 1058 4254 Hujus
1085 4196 1224 4254 ergo
1257 4183 1512 4252 tempore
1534 4178 1604 4234 ad
1629 4177 1780 4234 beati
1801 4175 2045 4249 Remigii
2065 4177 2359 4232 tumulum

703 4269 898 4326 divina
929 4273 1131 4328 virtu
1163 4285 1224 4324 se
1255 4265 1525 4340 plurimis
1547 4266 1858 4322 declaravit
1873 4265 2192 4333 miraculis,
2219 4283 2360 4337 quo-

702 4374 830 4414 rum
864 4360 986 4416 duo
1036 4355 1335 4430 quaedam,
1370 4371 1494 4426 qua:
1551 4370 1656 4425 ego
1689 4370 1830 4426 puer
1883 4353 2178 4426 conspexi,
2228 4353 2364 4408 huic

703 4445 1031 4502 narrationi
1066 4445 1266 4500 insere
1288 4459 1473 4516 operae
1505 4442 1754 4514 pretium
1787 4442 1944 4498 duxi.
2007 4443 2181 4498 Debet
2209 4441 2363 4498 enim

703 4533 938 4591 dilectio
969 4537 1176 4590 vestra
1202 4531 1433 4587 veniam
1466 4531 1622 4598 dare,
1659 4530 1704 4586 si
1738 4535 1944 4602 praeter
1972 4547 2038 4586 ea
2078 4547 2203 4603 qua:
2235 4548 2364 4602 pro-

705 4622 865 4678 misit
893 4621 1192 4695 prologus
1243 4618 1440 4691 aliqua
1496 4620 1863 4686 interseram,
1910 4636 2036 4690 quae
2091 4625 2283 4674 tamen
2316 4621 2364 4676 si

703 4709 902 4766 sciatis
935 4727 1058 4766 non
1097 4708 1179 4764 sit
1207 4707 1431 4764 inutile.
1467 4709 1532 4763 In
1562 4707 1698 4762 villa
1716 4707 1904 4763 sancti
1932 4708 2185 4781 Dionysii
2219 4725 2369 4764 mar-

703 4799 845 4869 tyris
879 4816 1015 4871 quae
1048 4795 1272 4853 dicitur
1305 4795 1496 4851 Cnr'tis
1527 4794 1803 4866 Superior
1847 4799 2213 4863 (Consevreu),
2246 4803 2371 4852 erat

705 4887 944 4956 quidam
979 4883 1300 4942 mendicus
1323 4881 1548 4938 occulto
1580 4883 1918 4952 Deijudicio
1941 4889 2110 4938 tanta:
2136 4883 2370 4940 calami-

706 4975 841 5030 tatis
877 4971 1221 5032 infortunio
1279 4987 1536 5042 pressus,
1571 4975 1636 5026 ut
1680 4972 1856 5043 pe'des
1891 4971 1974 5026 illi
2031 4972 2370 5028 ambulandi

704 5063 1047 5119 subsidium
1081 5060 1460 5132 denegarent,
1493 5063 1552 5116 et
1571 5058 1827 5116 caleanei
1852 5061 1980 5132 ejus
2007 5065 2156 5116 retro
2177 5060 2372 5118 inﬂexi

775 5251 852 5322 (1)
872 5251 928 5308 Is
952 5255 1051 5307 est
1069 5246 1315 5322 primus
1337 5247 1517 5304 abbas
1537 5245 1820 5322 regularis
1841 5264 1992 5322 anno
2015 5248 2118 5322 954
2135 5248 2371 5322 electus,

2399 5167 2447 5231 D

2465 3932 2526 3988 p1
2538 3914 2835 3970 oveniebat
2861 3914 3079 3986 gratias
3109 3921 3346 3972 acturus
3375 3915 3718 3988 ingredi-tur.
3755 3915 3882 3970 Hinc
3899 3911 4104 3967 videns

2471 4005 2715 4058 fratrum
2748 4007 3064 4058 conventus
3095 4003 3322 4060 divinas
3342 4001 3905 4075 ingeminatlaudes,
3924 4002 3982 4054 et
4000 3995 4102 4069 qui

2468 4092 2526 4148 in
2558 4090 2744 4145 vicino
2777 4090 2948 4162 positi
2980 4107 3047 4145 ea
3077 4090 3342 4158 audiunt,
3373 4090 3446 4146 ad
3478 4094 3601 4151 tam
3625 4088 3956 4162 jucundum
3979 4099 4106 4158 spe-

2471 4184 2762 4237 ctaculum
2795 4179 3095 4234 conﬂuunt
3115 4177 3354 4235 alacres.
3375 4179 3532 4236 Duos
3553 4179 3756 4250 inopes
3777 4173 3950 4250 paulo
3970 4176 4105 4229 ante

2471 4268 2858 4340 corruptionis
2884 4267 3151 4324 humanae
3185 4263 3422 4324 miseria
3451 4267 3582 4324 licet
3609 4265 3830 4338 dispari
3873 4277 4102 4334 compe-

2473 4359 2645 4425 ditos,
2678 4356 2793 4412 illic
2825 4357 3120 4428 expeditos
3177 4355 3490 4428 aspiciunt,
3549 4355 3802 4426 indeque
3833 4357 4014 4412 Deum
4045 4349 4105 4404 in

2474 4447 2694 4504 sanctis
2719 4445 2842 4502 suis
2867 4445 3188 4501 mirabilem
3212 4444 3608 4502 collaudantes
3624 4444 3698 4500 ad
3717 4459 3826 4500 sua
3845 4440 3961 4497 laeti
3982 4438 4108 4495 red-

2475 4541 2632 4592 eunt.
2665 4535 2880 4591 Eorum
2915 4540 3111 4590 autem
3153 4551 3328 4604 unu,
3387 4535 3488 4606 qui
3544 4533 3751 4606 majori
3805 4532 4110 4601 exemptus

2475 4630 2600 4682 erat
2627 4624 2966 4691 infortunio,
3015 4623 3412 4681 intercessoris
3460 4623 3552 4680 sui
3607 4637 3804 4680 amore
3855 4615 4110 4694 aggluti-

2479 4720 2650 4770 natns
2682 4715 2992 4787 praecipuo,
3028 4731 3214 4786 usque
3269 4713 3341 4769 ad
3373 4716 3620 4770 mortem
3653 4713 3713 4770 in
3771 4707 4112 4768 monasterii

2478 4804 2776 4875 obsequiis
2805 4803 3191 4876 perseveravit
3223 4819 3236 4858 :
3270 4801 3418 4858 alter
3442 4818 3574 4858 vero
3605 4800 3922 4875 pistoribus
3963 4798 4112 4856 sola-

2477 4892 2626 4946 tium
2647 4889 2950 4963 aliquanto
2973 4895 3230 4964 tempore
3251 4888 3550 4956 exhibens,
3565 4891 3803 4948 tandem
3825 4887 4114 4957 discessit,

2552 4980 2607 5033 5.
2639 4979 2742 5034 His
2773 4980 2952 5050 igitur
2967 4979 3222 5048 omissis,
3248 4984 3316 5035 ut
3335 4981 3406 5036 ad
3433 4978 3740 5052 propositis
3766 4977 4118 5035 sanationis

2482 5057 2689 5114 seriem
2721 5059 3048 5128 redeamus,
3081 5060 3278 5116 abbati
3311 5060 3388 5132 (2)
3419 5061 3686 5132 Airardo,
3717 5065 3783 5118 ut
3809 5060 4119 5134 prafatum

2554 5247 2630 5320 (2)
2650 5245 2928 5320 Airardus
2957 5245 3102 5302 obiit
3125 5263 3276 5302 anno
3319 5249 3474 5316 1031,
3506 5265 3576 5304 ex
3614 5248 3898 5320 Marloto;
3931 5249 4120 5306 Theo-

707 5317 843 5378 cum
859 5328 1042 5380 antea
1064 5317 1394 5395 Remenses
1411 5317 1734 5395 pontifices.
1757 5317 1935 5395 simul
1958 5317 2378 5395 archiepiscopi
2485 5317 2716 5395 doricas
2735 5319 2862 5395 ejus
2873 5333 3176 5395 successor
3192 5320 3345 5386 1048,
3359 5321 3451 5395 cui
3467 5325 3750 5395 successit
3761 5317 4117 5395 Herimarus.

707 5397 904 5448 essent
933 5400 995 5450 et
1028 5391 1288 5462 abbates
1312 5387 1514 5462 ;quod
1539 5393 1732 5462 tamen
1749 5389 1994 5462 aprima
2017 5387 2379 5450 institutione
2487 5390 2708 5462 Horum
2721 5387 3014 5462 epitaphia
3031 5389 3208 5462 etiam
3230 5406 3386 5462 nunc
3399 5390 3666 5448 visuntur
3687 5393 3744 5448 in
3772 5389 4122 5450 monasterio

708 5462 967 5520 alienum
990 5459 1306 5538 erattlSam
1327 5459 1692 5538 phanins
1712 5459 1891 5515 abbas
1913 5460 2108 5516 Sancti
2133 5463 2381 5538 Remigii
2489 5459 2856 5538 ᾕρειῑίςὶεῇοΑ
2877 5459 3003 5530 quae
3033 5459 3246 5538 videsis
3267 5461 3427 5516 edita
3457 5463 3613 5538 apud
3633 5463 3945 5521 Marlotum
3963 5465 4122 5516 torno

706 5538 973 5618 tempore
1015 5529 1243 5618 ιθΕεὶᾀῇτὶ
1277 5529 1716 5618 erebi-episcopi
1733 5538 2148 5618 memoratu-rho.
2171 5534 2208 5589 S
2235 5529 2378 5593 eis-

709 5600 870 5680 gori°o
893 5600 1130 5664 Turon'.
1169 5600 1274 5658 lib.
1309 5620 1344 5658 x
1381 5600 1657 5659 Historiae
1677 5602 1875 5671 Frane,
1909 5619 2016 5678 cap
2057 5603 2135 5658 19.

1040 5733 1319 5794 PATROL.
1369 5729 1598 5791 CXLII.

2489 5534 2512 5590 Ι
2543 5529 2786 5607 Meti-op.
2821 5529 3006 5600 Herm,
3041 5529 3142 5587 lib.
3176 5548 3258 5599 Ill,
3293 5547 3421 5605 cap.
3458 5529 3542 5591 il.

3725 5727 3807 5793 43
