2493 3277
461 246 536 276 1419

922 244 1092 275 ANSELMI
1116 242 1290 275 MONACHI
1314 242 1464 274 REMIGII
1489 242 1695 274 REMENSIS.

2072 242 2135 272 “20

460 315 513 345 est,
530 312 589 339 vita
603 313 737 346 exempto
754 311 894 338 successit
909 311 1113 344 Theodericus,
1128 310 1276 338 a\\'idone
1292 309 1319 342 Α
1337 310 1460 336 maxime
1477 312 1581 337 sancte
1599 309 1746 345 religionis
1757 311 1904 337 amatores
1913 309 2013 337 devota
2023 308 2135 337 excoleris

460 356 596 383 Remensi
610 355 828 391 archiepiscopo
843 355 951 383 ibidem
968 356 1127 383 ordinatus.
1144 355 1195 388 Qui
1212 363 1278 383 cum

460 400 588 436 plurima
606 400 808 428 ecclesiasticae
825 399 943 427 utilitati
954 400 1104 435 profutura
1114 400 1281 427 decerneret

460 443 973 480 disponere,deliberavitreparationi
981 444 1106 471 ecclesia:
1117 452 1279 479 sure,quam

461 496 534 516 suus
551 489 743 524 prazdecessor
766 488 930 524 inceperat,
959 496 1079 515 manum
1095 487 1280 524 perfectionis

462 532 622 567 imponere.
639 532 745 559 Verum
764 533 832 568 quia
847 541 932 568 grave
948 533 1035 560 nimis
1051 534 1079 560 et
1108 532 1279 568 inexplebile

462 576 517 603 sibi
530 576 600 603 illud
611 578 672 604 erat
684 577 850 612 inemptum,
867 577 1036 604 deliberatio
1049 586 1163 613 quoque
1180 585 1243 608 sua,
1255 576 1278 602 si

461 620 489 647 id
505 620 665 648 intenderet
681 620 809 657 implere,
825 621 978 648 videbatur
992 630 1048 648 non
1065 621 1201 648 habitura
1216 621 1279 647 effc-

461 667 550 692 etuzrz.
568 665 705 696 Quocirca
720 674 819 693 eorum
850 665 899 701 qui
925 666 999 692 inter
1028 665 1082 693 sibi
1105 665 1278 692 commissos

459 709 660 744 prudentiores
684 709 876 742 habebantur,
895 713 922 737 et
949 710 1096 737 seniorum
1128 709 1278 736 Remensis

460 753 613 788 provincia:
628 754 750 782 consilio
767 763 849 786 usus,
875 754 1033 781 difficulter
1060 762 1215 789 aggressus
1235 755 1279 780 est

460 797 628 825 inchoatum
650 798 765 826 diruere
781 806 876 834 opus:
893 807 950 834 quo
968 806 1038 833 pene
1054 798 1159 831 diruto,
1174 800 1201 824 et
1215 798 1278 824 fun-

457 841 603 869 damentis
619 842 795 878 quibusdam
811 842 928 874 relictis,
946 851 1008 878 qum.
1037 842 1202 869 architectis
1217 842 1278 869 visa

460 887 530 912 sunt
545 886 709 913 necessaria
724 887 784 914 fore
800 887 905 914 futuris
922 886 1063 920 aedificiis,
1079 886 1206 913 divinam
1228 887 1277 914 do-

458 937 540 956 mum
557 930 642 965 σωρίὶ
658 930 766 958 facilori
784 931 901 966 quidem
918 933 1073 963 structura,
1092 931 1141 958 sed
1158 940 1214 957 non
1231 931 1277 957 in-

458 974 621 1003 decentiorc
637 978 814 1008 construere,
836 978 868 1002 ut
892 967 1050 1011 aspectum.
1069 975 1275 1002 adhibentibus

457 1018 540 1046 facile
555 1020 599 1046 est
613 1021 804 1053 cernere.Qua
815 1020 939 1055 inempta
951 1020 1072 1047 feliciter
1087 1028 1162 1046 anno
1174 1019 1275 1055 quinto

457 1070 517 1089 suae
533 1063 738 1096 ordinationis,
755 1065 866 1091 accensi
884 1067 952 1091 sunt
966 1063 1064 1099 plures
1080 1063 1211 1090 catholici
1225 1064 1274 1090 viri

458 1106 568 1134 fervore
582 1107 686 1134 divinis
699 1107 860 1143 religionis,
877 1111 906 1135 ut
922 1117 972 1143 pro
985 1108 1143 1135 facinorum
1155 1117 1273 1135 suorum

458 1149 613 1178 abolitione
634 1154 846 1187 parentumque
862 1161 993 1185 suorum,
1011 1161 1134 1188 quorum
1155 1161 1275 1188 corpora

458 1193 496 1220 ibi
514 1194 632 1222 humata
645 1198 736 1229 erant,
755 1196 863 1231 requie,
877 1205 926 1232 pro
943 1205 1027 1232 posse
1038 1197 1073 1223 ad
1089 1197 1115 1223 id
1127 1205 1199 1233 opus
1210 1206 1274 1224 con-

457 1237 544 1273 digna
550 1238 681 1266 subsidia
688 1240 837 1267 studerent
844 1240 1177 1275 suppeditare.Nonnulli
1186 1242 1272 1268 etiam

456 1281 491 1308 de
507 1282 699 1310 ecclesiastica
715 1283 826 1310 familia
851 1292 938 1311 suum
970 1284 1108 1311 auxilium
1140 1288 1273 1320 prompta

457 1325 644 1361 impederunt
659 1327 866 1361 benevolentia,
881 1327 1001 1363 suisque
1018 1328 1156 1363 plaustris
1172 1331 1199 1355 et
1223 1329 1271 1355 bo-

456 1370 521 1403 bus,
536 1371 625 1398 tantis
637 1371 769 1407 inemptis
780 1372 972 1407 competentia
981 1373 1155 1400 advexerunt
1165 1381 1252 1400 onera
1265 1383 1270 1405 ;

457 1413 555 1449 sicque
573 1415 770 1443 fundamentis
786 1416 814 1443 in
831 1416 937 1452 quibus
955 1417 1023 1444 locis
1041 1426 1096 1444 non
1108 1421 1188 1444 erant
1201 1418 1272 1444 locu-

457 1458 506 1493 tis,
523 1461 551 1486 et
577 1459 721 1487 columnis
737 1468 770 1487 ex
786 1460 881 1487 diruto
912 1461 997 1496 priori
1022 1461 1142 1488 a-diticio
1156 1470 1270 1497 compe-

454 1503 548 1530 tenter
561 1503 720 1539 dispositis,
738 1512 821 1532 arcus
837 1513 925 1540 super
939 1514 987 1532 eas
1008 1505 1160 1541 diligenter
1182 1506 1270 1533 voluti

454 1550 669 1583 consurgere,et
680 1549 805 1576 basilica:
813 1549 1000 1577 fabricaintcr
1011 1558 1116 1577 manus
1126 1550 1270 1578 artiﬁcum

453 1591 538 1626 cmpit
549 1591 714 1620 clarescere.
727 1593 809 1620 Tunc
817 1593 879 1628 jam
890 1593 1098 1621 vestibulorum
1111 1594 1270 1630 parietibus

452 1636 580 1672 undique
596 1637 708 1670 erectis,
725 1639 753 1665 et
768 1637 913 1665 interioris
930 1638 1028 1674 templi
1041 1639 1164 1674 fastigiis
1180 1639 1270 1667 altius

450 1680 695 1714 elevatis,vetusta
704 1681 826 1709 ecclesia
836 1682 1027 1710 abliincmaro
1040 1683 1268 1719 archiepiscopo,

451 1727 484 1752 ut
497 1725 607 1753 dictum
623 1728 676 1759 est,
684 1726 847 1761 antiquitus
862 1726 1051 1760 dedicata,est
1067 1735 1166 1758 eversa
1177 1728 1269 1755 fundi-

450 1772 512 1803 tus;
522 1772 550 1797 et
560 1770 626 1797 vilis
637 1770 753 1798 interim
763 1770 829 1798 tecti
842 1771 1082 1806 coopertoriolum
1095 1772 1267 1799 fabricatum

451 1822 539 1849 super
555 1814 676 1842 chorum
698 1814 831 1849 fratrum,
849 1815 898 1844 ubi
916 1815 1026 1852 absque
1056 1816 1268 1852 iniquietudine

449 1859 601 1885 ventorum
617 1861 644 1886 et
658 1858 821 1894 pluviarum
837 1859 943 1887 divinis
957 1862 1076 1896 possent
1089 1869 1190 1888 vacare
1206 1860 1267 1888 lau-

453 1901 550 1929 dibus.
565 1904 659 1938 Supra
674 1902 839 1938 sepulcrum
855 1912 920 1931 vero
937 1904 1010 1932 beati
1029 1905 1151 1941 Remigii
1168 1907 1269 1941 crypta

451 1949 617 1974 constructa
631 1949 685 1980 est,
702 1946 769 1975 licet
780 1956 875 1983 parva,
888 1948 1011 1984 ideoque
1022 1950 1081 1976 toto
1092 1950 1204 1985 corpori
1214 1958 1266 1977 suo

450 1990 743 2028 incongrua,pulchre
752 1993 848 2019 tamen
860 1992 1006 2020 columnis
1016 1993 1175 2020 etarcubus
1184 1993 1265 2021 fulta.

451 2035 590 2064 Przefatus
601 2044 726 2071 namque
735 2036 825 2064 abbas
833 2036 970 2064 assiduus
977 2036 1108 2064 hortator
1114 2037 1265 2071 assistens,

449 2079 608 2108 conabatur
618 2089 802 2116 summopere
810 2082 955 2116 quatenus
967 2081 1043 2108 idem
1055 2089 1128 2116 opus
1138 2081 1172 2108 ad
1185 2090 1264 2109 sum-

448 2132 526 2152 mam
534 2125 719 2160 perfectionis
725 2125 913 2160 consurgeret
923 2132 981 2151 sua:
988 2125 1051 2151 vitae
1063 2127 1266 2161 tempore,ma-

447 2168 582 2204 ximoque
588 2167 878 2197 aestuadatdesiderio
890 2170 923 2195 ut
932 2176 1005 2205 papa
1012 2169 1152 2203 Romano,
1160 2170 1183 2197 si
1196 2179 1264 2206 quo-

447 2214 532 2241 modo
547 2213 663 2248 valeret,
679 2213 710 2241 in
725 2212 834 2241 Gallias
849 2214 974 2247 evocato,
1003 2213 1075 2241 illud
1101 2216 1263 2242 consecrari

446 2259 552 2286 faceret
566 2258 724 2295 apostolica
733 2257 1024 2290 benedictione.0uod
1039 2258 1104 2286 licet
1115 2267 1149 2286 ex
1159 2259 1262 2287 atI'ectu

1335 354 1496 387 devotione,
1509 354 1675 389 quibusque
1692 354 1807 389 magnis
1822 355 1851 381 et
1864 353 1995 382 miminis
2010 353 2134 386 affabilis;

1335 398 1457 434 ideoque
1465 407 1553 434 quam
1565 397 1699 434 plurimis
1711 399 1887 426 Francorum
1900 398 2063 435 proceribus
2072 406 2135 426 aina-

1334 442 1412 475 bilis,
1430 442 1569 470 honorem
1581 442 1713 470 Ecclesia:
1727 442 1781 470 sibi
1795 443 1910 471 creditae
1922 451 1973 479 pro
1987 450 2066 479 posse
2075 441 2135 470 exal-

1334 486 1404 514 tavit
1419 489 1447 514 et
1461 487 1587 514 exaltare
1598 486 1698 514 voluit.
1715 488 1768 514 Sed
1780 487 1918 523 quoniam
1929 487 2040 516 occasio
2050 486 2136 515 mortis

1335 531 1529 558 interveniens
1545 532 1679 559 etl‘eetum
1694 531 1746 567 pias
1758 531 1917 559 voluntatis
1930 531 2056 565 abstulit,
2070 531 2135 566 ejus-

1334 575 1399 602 dem
1417 575 1469 603 loci
1487 576 1685 612 praepositum,
1702 576 1885 604 llerimarum
1912 576 2038 609 nomine,
2055 574 2136 604 adhuc

1333 620 1431 647 vivens
1447 620 1547 655 λΜιινΙη
1560 621 1708 655 juvenem]
1724 620 1779 648 sibi
1805 628 2004 648 successorem
2025 618 2134 656 delegit;

1334 664 1429 700 ipsum
1447 665 1553 700 quippe
1570 665 1647 700 quod
1664 665 1807 692 habuerat
1821 665 1850 692 in
1874 665 2018 693 desiderio
2031 663 2136 693 credidit
2183 698 2184 701 η

1333 709 1559 744 adimpleturum
1577 712 1695 736 strenue
1709 709 1757 745 qui
1775 709 1830 736 sibi
1846 709 1966 745 adjutor
1980 711 2009 738 et
2021 715 2137 744 coopera-

1333 756 1377 780 tor
1393 754 1540 780 cxstiterat
1556 756 1621 780 ante
1638 762 1741 781 omnes
1756 754 1785 781 in
1801 753 1913 789 praefati
1929 754 2025 790 operis
2037 759 2137 781 exsecu-

1332 798 1420 832 tione,
1437 798 1621 832 maximaque
1636 797 1837 833 snppeditarat
1847 797 1982 826 subsidia
1991 806 2025 826 ex
2036 795 2136 826 redditu
2183 794 2184 797 “

1332 841 1465 869 villarum
1483 851 1540 869 sua:
1557 842 1781 870 commissarum
1797 841 2017 878 provindentim.

1367 909 1393 935 ϐ.
1411 908 1461 935 llic
1477 917 1543 944 ergo
1560 908 1621 935 loco
1637 909 1765 936 defuncti
1780 908 1874 938 Patris
1888 909 2071 946 subrogatus,
2089 907 2136 935 fra-

1333 955 1409 979 trum
1436 961 1508 988 pene
1532 953 1663 980 omnium
1688 953 1819 981 unanimi
1836 953 1991 988 sententia,
2018 953 2136 982 ordinata
2183 955 2184 965 ‘

1291 993 1313 1025 Β
1329 997 1479 1024 memorati
1503 997 1636 1024 \Vidonis
1659 998 1816 1025 Remorum
1842 997 2068 1035 archiprasulia,
2088 1004 2136 1025 non
2183 989 2184 1008 ³

1331 1042 1381 1068 diu
1408 1050 1513 1077 passus
1528 1044 1571 1069 est
1597 1042 1793 1077 interruptum
1810 1042 1936 1078 pendere
1964 1039 2137 1072 memorabile

1330 1088 1454 1121 emptum
1471 1085 1516 1112 sui
1529 1085 1730 1119 antecesseris,
1748 1086 1797 1114 sed
1815 1085 1910 1122 primo
1926 1086 2044 1123 quidem
2057 1085 2138 1114 dexte-

1331 1138 1389 1157 ram
1403 1130 1527 1157 basilicae
1543 1139 1669 1162 crucem,
1686 1130 1813 1158 maxima
1823 1139 1857 1159 ex
1870 1133 1951 1166 parte
1959 1129 2137 1167 juminchoa-

1329 1176 1401 1206 tam,
1416 1177 1443 1201 et
1459 1174 1606 1202 sinistram
1625 1174 1696 1202 nihil
1716 1174 1812 1203 adhuc
1834 1177 1940 1211 praeter
1962 1175 2138 1205 fundamenta

1330 1218 1493 1250 habentem,
1511 1227 1577 1245 cum
1594 1218 1710 1251 cocleis,
1727 1218 1836 1255 quibus
1851 1219 1887 1247 ad
1903 1221 2055 1256 superiora
2073 1219 2138 1248 esset
2183 1248 2184 1251 η

1328 1271 1477 1296 ascensus,
1493 1262 1558 1289 fecit
1574 1262 1720 1290 mdiﬁcari.
1736 1263 1841 1299 Crypta
1862 1267 1961 1292 autem
1977 1272 2040 1301 qua
2061 1269 2137 1300 super

1329 1306 1401 1333 beati
1415 1307 1534 1342 Remigii
1552 1306 1717 1342 sepulcrum
1735 1310 1903 1335 constructa
1913 1307 2020 1343 fuerat,
2029 1307 2102 1345 quia,
2111 1307 2137 1334 ut

1327 1351 1462 1385 superius
1477 1351 1598 1378 relatum
1611 1352 1664 1384 est,
1678 1359 1734 1386 prie
1746 1352 1887 1387 parvitate
1898 1352 1943 1380 sui
1955 1351 2137 1387 alteriusope-
2183 1357 2184 1360 ‘

1329 1395 1367 1421 ris
1378 1395 1537 1429 incongrua
1545 1395 1708 1429 videbatur,
1715 1395 1730 1422 d
1737 1395 1825 1423 iruiet
1831 1395 1918 1424 aliam
1928 1395 2136 1425 eminentiorem
2183 1423 2184 1426 η

1327 1438 1392 1466 fecit
1404 1439 1527 1466 restitui.
1544 1439 1650 1466 Deinde
1663 1440 1796 1467 trabibus
1807 1440 1843 1468 de
1854 1440 2024 1477 saltujuxta
2032 1439 2137 1469 Orbacis

1326 1483 1535 1511 monasterium
1553 1483 1607 1511 sito
1623 1484 1760 1518 advectis,
1774 1484 1890 1521 fastigia
1900 1485 2034 1520 ejusdem
2045 1491 2137 1514 conse—
2183 1521 2184 1524 η

1326 1530 1456 1563 quuntur
1470 1528 1579 1563 templi,
1593 1529 1692 1564 sicque
1704 1529 1911 1558 decentissima
1921 1529 1961 1566 (3)
1971 1530 2078 1560 domus
2087 1530 2138 1557 ωω

1325 1572 1461 1607 apparuit
1476 1572 1505 1599 in
1522 1573 1655 1607 partibus
1671 1572 1744 1600 suis.

1360 1639 1385 1665 7.
1399 1639 1578 1674 Quapropter
1590 1638 1666 1667 idem
1676 1640 1766 1668 abbas
1774 1640 1943 1670 Herimarus
1951 1649 2021 1670 cum
2031 1639 2139 1679 quibus-
2170 1659 2173 1662 -

1325 1690 1380 1718 que
1392 1683 1573 1719 sapientibus
1583 1683 1735 1712 Remensis
1747 1684 1901 1720 provinciae
1913 1682 2052 1722 prudenti
2063 1683 2140 1722 cepit

1324 1729 1446 1754 tractare
1455 1727 1575 1755 consilio
1582 1730 1727 1764 quatenus
1734 1729 1866 1756 eamdem
1875 1729 2035 1766 apostolica
2040 1727 2139 1758 faciens

1324 1772 1484 1799 consecrari
1502 1772 1711 1805 benedictione,
1732 1775 1764 1800 ut
1791 1773 1901 1801 scilicet
1925 1772 2140 1810 praedecessor-is

1323 1815 1368 1843 sui
1380 1816 1480 1843 devoto
1491 1816 1670 1844 satisfaceret
1677 1817 1832 1851 desiderio,
1843 1817 1890 1845 cui
1901 1821 1932 1846 ut
1942 1817 2079 1847 fulcultas
2089 1825 2139 1846 non

1323 1860 1437 1888 deesset
1452 1862 1549 1896 optata
1566 1861 1733 1897 peragendi,
1747 1862 1996 1897 opportunitatem
2007 1861 2140 1900 temporis

1323 1903 1427 1931 obtulit
1442 1904 1572 1938 dignatio
1588 1905 1692 1932 divina:
1716 1905 1918 1941 dispositionis
1939 1906 1989 1942 (4).
2008 1907 2140 1936 Defuncto

1322 1948 1466 1984 siquidem
1479 1957 1553 1985 papa
1564 1949 1698 1984 Damaso,
1711 1950 1760 1985 qui
1775 1950 1802 1977 in
1814 1950 1928 1979 civitate
1941 1950 2139 1984 Brixenorum,

1322 2001 1384 2027 qua:
1401 1995 1445 2020 est
1460 1992 1489 2020 in
1502 1993 1650 2029 provincia
1661 1993 1785 2028 Histriae,
1798 1995 1892 2022 fuerat
1901 1994 2102 2032 episcopus,et
2111 1995 2136 2023 in

1320 2037 1479 2072 apostolica
1495 2038 1562 2065 sede
1579 2037 1804 2072 inthronizatus,
1819 2038 1940 2075 triginta
1954 2039 2138 2068 solummodo

1320 2080 1358 2107 ibi
1375 2081 1483 2109 vixerat
1497 2082 1617 2115 diebus;
1637 2082 1918 2119 Romani,legatione
1932 2083 1969 2111 de
1982 2084 2051 2121 ejus
2065 2083 2139 2113 obitu

1320 2125 1354 2152 ad
1377 2125 1581 2161 imperatorem
1606 2126 1762 2154 llenricum
1792 2127 1910 2160 directa,
1938 2128 2091 2164 petierunt
2111 2129 2141 2156 ut

1319 2168 1450 2197 Ecclesia:
1467 2172 1581 2205 pastore
1596 2170 1718 2198 viduatae
1734 2171 1769 2199 ab
1785 2179 1818 2199 eo
1829 2171 2044 2208 subrogaretur
2058 2172 2139 2202 alius.

1318 2213 1370 2245 Qui
1387 2222 1475 2250 super
1488 2214 1541 2242 hoc
1557 2215 1671 2251 negotio
1696 2214 1901 2252 episcoporum
1917 2217 1947 2244 et
1965 2217 2141 2253 optimatum

1317 2257 1431 2294 imperii
1443 2258 1488 2286 sui
1501 2267 1635 2294 quaerens
1646 2258 1928 2294 consilium,invenit
1938 2260 2018 2289 inter
2026 2263 2142 2290 ceteros

445 2303 499 2338 pim
513 2302 673 2331 voluntatis
680 2301 865 2338 processerit,
881 2302 978 2330 divina
991 2305 1086 2330 tamen
1111 2303 1263 2340 dispesitio
1317 2302 1457 2329 domuum
1474 2302 1638 2330 Brunonem
1652 2302 1821 2331 Tulleusem
1837 2303 1994 2340 presulem
2008 2305 2053 2334 'ad
2068 2305 2141 2334 idem

447 2349 501 2377 hoc
516 2348 662 2380 diﬂ'erens,
677 2347 742 2382 ejus
757 2347 917 2374 successori
929 2347 1125 2384 peragendum
1137 2356 1263 2376 reserva-
1278 2357 1301 2389 Β
1317 2346 1446 2374 ofﬁcium
1455 2346 1641 2374 subeundum
1649 2355 1712 2375 esse
1720 2347 1980 2384 idoneum,utpote
1987 2349 2042 2386 qui
2051 2349 2142 2378 atatis

443 2392 493 2420 vit.
510 2392 583 2419 Nam
600 2393 692 2419 morte
708 2391 864 2419 immatura
879 2395 1042 2427 praeventus
1064 2392 1141 2420 diem
1157 2392 1263 2420 clausit

444 2439 617 2470 extremum,
634 2435 766 2463 maeroris
790 2436 906 2464 maximi
924 2445 955 2464 se
969 2436 1159 2473 diligentibus
1174 2437 1260 2465 relin-

444 2489 537 2517 quens
552 2479 754 2514 infortunium,
769 2480 888 2517 expletis
899 2481 927 2508 in
939 2481 1080 2516 regimine
1091 2481 1260 2509 monasterii

443 2526 528 2553 annis
544 2524 681 2552 undecim
697 2526 725 2552 et
740 2525 890 2552 mensibus
905 2525 1040 2556 octo.Qui
1053 2533 1119 2552 cum
1137 2526 1261 2554 deducta

443 2578 459 2597 a
473 2569 587 2604 proavis
603 2569 723 2605 polleret
737 2568 940 2605 generositate,
956 2577 1071 2596 morum
1082 2569 1169 2597 etiam
1184 2570 1260 2607 vige-

442 2613 493 2641 bat
506 2613 611 2640 eximia
625 2612 796 2644 nobilitate;
812 2611 868 2639 sibi
884 2613 1075 2641 reverentiam
1095 2613 1257 2642 exhibenti-

441 2657 496 2684 bus
506 2665 537 2684 se
544 2654 858 2692 priscipuabumilians
866 2654 998 2691 lenitate;
1010 2657 1144 2686 subditos
1153 2667 1222 2687 suos
1232 2661 1260 2687 et

475 2736 512 2798 S3)
528 2736 608 2764 Hanc
623 2733 779 2771 ecclesiam
799 2733 904 2773 iterum
932 2735 1012 2762 auxit
1039 2736 1140 2779 Petrus
1155 2739 1257 2779 abbas,

439 2772 476 2799 Ge
489 2771 578 2799 tensis
592 2766 814 2806 vulgo‘rdth-US;
834 2772 883 2802 qui
901 2771 999 2806 postea
1025 2771 1130 2800 Joanni
1160 2774 1256 2802 Sams-

437 2806 562 2834 beriensi
577 2802 756 2840 6⁸νᾶιῇίεῖηεί
767 2802 909 2840 ρρίείξορεξ
919 2804 1057 2840 suffectus
1071 2810 1124 2836 est.
1143 2809 1172 2836 ld
1189 2818 1206 2837 α
1224 2818 1256 2837 se

435 2842 606 2876 susceptum
621 2835 753 2876 πεδιειῑιξι*
767 2835 795 2860 in
804 2835 925 2876 epistola
939 2839 975 2865 ad
990 2840 1093 2876 fratres
1109 2835 1255 2873 deiminio

434 2876 496 2909 Dei.
507 2869 673 2904 (Ξαιιᾶίῃαιὶε
682 2869 895 2898 Leuuncurtius
906 2873 1044 2902 nonnulla
1055 2869 1253 2916 iustitiam:

1318 2390 1496 2423 maturitate,
1512 2398 1686 2427 morumque
1702 2393 1730 2419 et
1740 2392 1868 2420 scientia:
1880 2391 2061 2422 claritudine
2070 2393 2142 2422 vide-

1315 2434 1401 2462 batur
1408 2435 1595 2471 conspicuus,
1607 2435 1722 2471 sibique
1733 2435 1886 2472 sanguinis
1896 2436 2043 2467 affinitate
2050 2437 2140 2475 proxi-

1315 2485 1392 2506 mus.
1408 2478 1489 2506 Unde
1504 2479 1669 2515 apostolica:
1686 2479 1836 2515 dignitatis
1849 2480 1875 2508 ei
1890 2480 2064 2516 adiudicata
2074 2482 2142 2510 sunt

1314 2522 1463 2558 insignia.j
1469 2531 1613 2559 ussusque
1625 2524 1660 2551 ab
1671 2524 1803 2560 Augusto
1813 2526 1846 2552 ut
1861 2525 1897 2552 ad
1906 2524 1966 2553 haec
1975 2526 2141 2555 secundum

1313 2565 1524 2595 ecclesiasticas
1539 2568 1704 2596 sanctiones
1719 2568 1908 2605 suscipienda
1922 2568 2061 2599 Romana
2074 2569 2141 2602 iuvi-

1313 2612 1390 2638 scret
1405 2611 1510 2639 mmnia
1522 2620 1530 2646 ',
1540 2612 1590 2640 sed
1602 2612 1672 2648 quia
1679 2612 2027 2643 solemniaimminebant
2041 2613 2142 2644 nutivi-

1315 2655 1384 2683 tatis
1398 2655 1564 2691 Dominicaa,
1581 2656 1642 2684 hinc
1650 2665 1716 2685 cum
1731 2657 1908 2694 clero,cujus
1919 2658 2016 2687 fuerat
2030 2662 2138 2696 pastor.

1312 2734 1413 2771 sicque
1435 2735 1561 2764 ecclesiae
1587 2736 1679 2765 moles
1708 2745 1742 2765 ex
1765 2737 1855 2766 variis
1881 2737 2098 2768 additumentia
2112 2738 2139 2766 in

1311 2771 1524 2820 amplissimam
1560 2771 1723 2807 basilicam,
1752 2773 1850 2809 qualis
1887 2780 1967 2802 nunc
2007 2774 2140 2820 cernitur

1309 2808 1462 2882 efﬂigi-uae
1479 2842 1573 2882 fusius
1584 2843 1752 2873 referuntur
1766 2843 1796 2872 in
1807 2843 1874 2873 Vita
1885 2845 1915 2874 8.
1927 2844 2048 2882 Leonis,
2062 2844 2138 2875 infra

1307 2876 1470 2906 ad'annum
1489 2879 1568 2907 1054.
