2493 3251
387 288 472 320 1428

886 286 987 318 HIST.
1009 286 1136 317 DEDlC.
1161 284 1359 317 ECCLESLE
1381 287 1412 319 S.
1436 288 1602 321 REMIGII.

2015 287 2093 321 1426

427 355 473 383 11.
489 353 540 382 Die
554 355 654 382 autem
670 351 872 388 subsequenti,
886 355 1020 380 metuens
1034 360 1069 380 ne
1080 350 1216 388 praepedi-
1229 350 1256 385 Α
1272 351 1381 381 ferendi
1408 353 1596 392 ecclesiaeque
1610 354 1777 384 dedicandis
1803 353 1983 384 inhiberetur
1997 355 2089 393 copia,

385 402 474 429 retur
489 398 654 434 frequentia
667 397 932 425 circumﬂuentium
949 396 1132 433 populorum,
1142 396 1214 423 duo-

386 446 448 473 bus
464 446 564 472 tantus
580 443 737 470 comitatus
753 442 922 477 capellanis,
939 443 1009 469 dum
1035 444 1179 468 nocturna;
1198 448 1215 469 α

386 489 531 517 fratribus
546 487 731 523 explerentur
743 486 856 521 vigilias,
875 487 908 513 ad
926 488 1060 513 sanctum
1078 485 1214 512 remeavit

386 533 556 569 Remigium
571 541 577 565 ;
591 532 722 566 factoque
734 530 789 558 sibi
798 531 910 562 balneo,
923 531 998 558 lotus
1010 533 1053 557 est
1061 533 1088 557 et
1099 532 1211 561 tonsus,

386 580 491 613 utpote
507 576 556 612 qui
572 576 773 603 imminentem
790 575 859 602 tanti
882 575 973 602 Patris
999 574 1212 602 solemnitatem

387 623 421 650 in
438 621 564 649 crastino
580 620 947 654 celebraturus,transferre
964 619 1137 654 disponebat
1152 622 1212 645 tam

386 666 524 703 pretiosae
539 672 659 700 gemmze
682 663 844 691 venerabile
868 663 986 699 pignus,
1002 666 1029 690 et
1054 666 1213 698 przeparata

385 710 445 738 sibi
463 710 590 746 quadam
606 709 691 735 domo
706 708 841 743 contigua
857 707 1056 739 ccclesim,illic
1068 709 1211 734 secretum

385 754 557 783 remorandi
583 753 711 789 expetiit,
736 752 805 787 quia
831 752 978 779 metuebat
1002 752 1036 779 ad
1063 752 1210 787 publicum

385 798 599 836 procedere.Ad
616 796 782 832 sepulcrum
797 796 874 823 enim
891 797 992 828 sancti,
1005 796 1087 831 quasi
1104 804 1137 823 ex
1153 798 1211 824 toto

385 844 459 871 orbe
475 843 568 870 excita
583 844 664 868 tanta
675 841 827 868 hominum
835 840 1210 872 confluebatnumcrositas,

384 890 421 915 ut
435 886 652 914 introeuntibus
664 884 784 921 spatiosi
801 884 902 920 templi
917 885 963 911 vix
974 885 1211 920 sufticeretcapa-

385 933 472 960 citas.
492 930 673 958 Advolabant
696 929 773 956 enim
796 931 856 956 tam
881 937 914 956 ex
937 928 1041 956 vicinis
1066 938 1152 964 quam
1178 937 1212 955 ex

384 974 559 1011 longinquis
575 973 743 1009 regionibus
760 973 917 1009 promiscui
939 982 1022 1000 sexus
1047 973 1211 1000 innumera-

383 1019 473 1053 biles,
490 1018 658 1065 eﬂundebat
673 1026 777 1065 aspera
792 1018 912 1044 Francia
927 1017 962 1044 ad
986 1017 1125 1044 honorem
1149 1017 1210 1052 glo—
1226 1034 1248 1065 Β

384 1063 459 1092 riosi
475 1062 597 1099 apostoli
613 1062 658 1090 sui
680 1061 803 1090 villsnos
827 1061 968 1097 opidanos
991 1064 1018 1088 et
1043 1061 1118 1088 cives
1136 1070 1141 1088 :
1159 1062 1208 1088 sed

384 1111 415 1137 et
430 1107 527 1135 Gallia
542 1115 613 1142 pene
629 1115 663 1134 ex
676 1106 812 1133 omnibus
827 1105 889 1133 suis
902 1106 1034 1141 partibus
1050 1105 1105 1132 huc
1118 1107 1211 1133 trans-

384 1153 523 1180 mittebat
537 1151 711 1187 populorum
729 1150 912 1177 millia.[nter
925 1159 999 1185 quos
1012 1150 1211 1177 accelerabant

384 1196 603 1233 episcoporum,
621 1195 770 1227 abbatum,
796 1194 1015 1227 monachorum,
1039 1194 1208 1221 clericorum

384 1248 529 1278 generosa
544 1238 816 1275 agminalgnobilis
834 1238 932 1271 nobili,
946 1241 995 1265 aut
1011 1238 1094 1273 inops
1110 1238 1210 1264 cedere

385 1284 536 1313 nesciebat
552 1283 643 1315 diviti,
661 1284 711 1310 sed
735 1291 836 1310 omnes
855 1291 912 1310 una
927 1281 1121 1318 conglobatim
1139 1290 1209 1308 con-

383 1329 544 1357 currebant
570 1327 730 1355 intentione
757 1328 867 1358 devota,
896 1327 1039 1361 bustoque
1063 1325 1209 1353 caelestem

384 1373 575 1409 margaritam
593 1371 752 1399 continenti
770 1371 868 1398 dulcia
882 1371 1082 1406 imprimentes
1100 1369 1207 1401 oscula,

381 1416 568 1445 oblationum
585 1424 706 1443 suarum
722 1415 845 1451 quisque
865 1423 916 1451 pro
941 1423 1026 1450 posse
1052 1414 1210 1442 olferebant

380 1461 516 1489 donaria.
533 1460 586 1492 Qui
603 1468 668 1487 vero
684 1459 915 1495 constipatorum
939 1458 1076 1486 violentia
1100 1457 1208 1493 repulsi

380 1505 523 1543 proprius
550 1504 687 1532 accedere
711 1513 769 1531 non
794 1503 938 1535 valebant,
962 1503 1037 1530 heu!
1065 1503 1208 1537 quantum

379 1551 536 1586 gementes
551 1557 582 1576 se
597 1548 731 1575 desiderii
750 1547 795 1575 sui
815 1548 917 1574 effectu
933 1547 1048 1582 privari,
1066 1547 1100 1573 de
1124 1545 1209 1581 longe

380 1593 523 1631 projectis
535 1593 707 1620 muneribus
716 1601 779 1627 quae
790 1591 1043 1626 attulerant,quasi
1051 1590 1207 1627 lapidibus,

381 1637 478 1667 sancti
494 1637 663 1673 sepulcrum
680 1636 727 1672 pia
741 1636 891 1664 devotione
907 1636 1077 1663 obruebant.
1095 1636 1144 1663 Est
1160 1644 1209 1664 au-

379 1684 445 1711 tem
459 1684 526 1709 ante
543 1681 618 1709 fores
633 1681 727 1716 ipsius
744 1680 868 1708 basilica:
884 1681 1031 1716 quoddam
1047 1680 1206 1715 spatiosum

1268 396 1407 433 delegatis
1422 398 1535 427 clericis
1550 400 1622 434 suis,
1636 400 1769 435 ejusdem
1785 400 1840 428 loci
1860 402 2019 429 memorato
2043 401 2091 429 ab-

1268 441 1327 468 bati
1343 443 1554 478 spatiositatem
1570 444 1669 480 templi
1680 445 2088 480 prmcepitpenitusevacuari,

1269 487 1468 522 obseratisque
1482 488 1635 523 diligenter
1651 487 1771 521 foribus,
1786 488 1924 516 omnibus
1936 488 2087 516 intercludi

1268 531 1435 558 facultatem
1451 531 1630 565 introeundi;
1649 532 1786 567 praecepit
1800 531 1888 559 etiam
1900 540 1934 560 ex
1945 540 1999 560 sua
2009 534 2090 567 parte

1268 575 1320 602 hoc
1338 575 1451 610 populis
1472 575 1649 607 annuntiari,
1667 578 1699 602 ut
1723 576 1758 603 ad
1784 576 1886 603 horam
1911 576 2088 610 accederent,

1267 622 1295 646 et
1309 619 1419 654 absque
1438 619 1495 647 ulla
1510 620 1554 647 sui
1571 620 1698 655 impetus
1718 619 1920 655 inquietudine
1943 619 2090 649 solemnes

1267 662 1345 690 illius
1359 664 1452 691 noctis
1465 663 1611 697 excubias,
1628 672 1695 691 cum
1711 664 1800 700 digna
1823 664 1982 697 devotione,
2000 673 2017 692 a
2029 665 2089 692 Deo

1267 707 1461 735 militantibus
1476 708 1613 735 celebrari
1631 708 1777 741 sinerent;
1787 717 1818 735 se
1834 707 1932 744 procul
1943 708 2032 736 dubio
2041 709 2088 737 die

1267 752 1457 787 subsequenti
1474 760 1574 779 eorum
1590 752 1743 780 desideriis
1758 753 1901 788 promittit
1920 752 2086 780 satisfactu-

1267 798 1373 829 rum,et
1389 795 1559 824 thesaurum
1571 796 1894 832 desiderabilem,quem
1905 797 2083 833 quaerebant,

1266 840 1382 868 illorum
1398 841 1603 876 conspectibus
1619 840 1835 876 expositurum;
1847 840 1872 868 si
1882 849 1948 869 vero
1964 841 2084 868 manda-

1265 886 1303 912 tis
1325 886 1518 913 detracterent
1540 893 1679 918 annuere,
1695 885 1802 913 infecto
1827 885 1942 921 negotio
1969 887 2086 922 propter

1266 930 1343 965 quod
1359 930 1532 962 advenisset,
1550 937 1732 957 recessurum
1759 930 1818 956 fore
1843 929 1924 962 Quod
1940 938 2006 957 cum
2019 931 2084 957 tan-

1266 975 1330 1001 dem
1349 974 1475 1001 maxima
1490 973 1660 1001 difﬁcultate
1671 973 1774 1001 fuisset
1782 972 2085 1009 obtentum,pleraque

1266 1022 1362 1046 tamen
1380 1018 1575 1045 numerositas
1591 1018 1765 1053 populorum
1777 1026 1843 1044 cum
1859 1017 1983 1053 copiosis
1997 1016 2084 1044 lumi-

1266 1063 1385 1090 naribus
1406 1062 1512 1090 deforis
1538 1062 1695 1096 excubans,
1713 1062 1845 1097 ejusdem
1870 1061 2085 1098 pollicitationis

1265 1106 1480 1143 praestolaretur
1504 1107 1638 1134 effectum
1669 1114 1818 1134 cereorum
1843 1105 1973 1134 ubertate
2001 1105 2086 1141 quasi

1265 1151 1418 1186 multiplici
1435 1151 1563 1178 siderum
1581 1149 1735 1186 splendore
1749 1149 1873 1177 interius
1889 1148 2029 1177 irradiata
2044 1158 2086 1177 ec-

1265 1196 1361 1228 clesia,
1370 1196 1427 1222 Deo
1443 1195 1630 1223 servientium
1646 1193 1725 1221 chori
1743 1193 1772 1221 in
1788 1193 1909 1221 canticis
1925 1192 2084 1229 spirituali-

1265 1241 1319 1268 bus
1331 1239 1534 1267 decentissime
1550 1239 1629 1266 illius
1646 1238 1737 1266 noctis
1752 1239 1910 1274 exegerunt
1924 1236 2028 1273 spatia.

1301 1286 1343 1312 12.
1360 1285 1443 1311 Mane
1466 1285 1562 1310 autem
1588 1283 1672 1315 facto,
1690 1284 1842 1318 susceptus
1867 1284 1911 1309 est
1936 1290 1952 1308 a
1975 1281 2082 1309 domno

1265 1337 1339 1364 papa
1362 1328 1440 1355 intra
1466 1327 1616 1355 ecclesiam
1643 1328 1761 1354 sanctus
1788 1329 1897 1362 martyr
1921 1325 2081 1359 Cornelius,

1264 1381 1350 1408 quem
1368 1381 1433 1399 cum
1441 1371 1505 1398 aliis
1515 1374 1681 1399 sanctorum
1692 1371 1862 1407 pignoribus
1873 1369 2082 1405 Compendien-

1265 1425 1311 1444 ses
1334 1416 1429 1443 clerici
1456 1415 1505 1443 illo
1530 1415 1703 1448 detulerant,
1730 1424 1782 1450 pro
1811 1414 1912 1442 multis
1939 1413 2084 1442 violentiis

1264 1469 1337 1496 quas
1351 1460 1473 1487 ecclesia
1488 1468 1542 1487 sua
1561 1460 1726 1495 patiebatur
1740 1467 1757 1486 a
1771 1459 1948 1494 quibusdam
1964 1457 2083 1486 malefa-

1264 1504 1401 1531 ctoribus.
1418 1503 1499 1530 Circa
1523 1503 1624 1530 horam
1650 1503 1754 1530 deinde
1780 1502 1908 1537 tertiam,
1928 1501 2083 1529 redimitus

1264 1549 1338 1575 idem
1356 1547 1532 1583 apostolicus
1548 1546 1649 1574 infulis
1662 1545 1903 1579 sacerdotalibus,
1919 1545 1955 1574 ad
1966 1544 2084 1582 gloriosi

1263 1592 1355 1620 Patris
1372 1591 1495 1627 Remigii
1510 1591 1677 1626 sepulcrum
1692 1589 1823 1626 procedit
1833 1598 1900 1617 cum
1910 1589 2074 1626 thymiama

1263 1637 1344 1664 teriis
1359 1638 1386 1664 et
1399 1635 1545 1668 crucibus,
1562 1635 1679 1662 sociatis
1695 1634 1751 1662 sibi
1771 1633 1998 1670 archiepiscopis
2011 1640 2084 1668 qua-

1263 1679 1490 1713 tuorgliiemensi
1511 1679 1651 1712 videlicet,
1677 1677 1856 1710 Treverensi,
1883 1677 2083 1714 Lugdunensi,

336 1739 340 1742 ι
380 1726 504 1758 atrium,
519 1726 549 1753 in
564 1734 621 1761 quo
638 1715 751 1760 quoties
763 1724 936 1752 densitatem
963 1724 1007 1752 sui
1024 1725 1133 1760 perpeti
1151 1733 1206 1752 non
1223 1715 1244 1748 (ἶ
1263 1723 1494 1756 Vesontionensi,
1511 1732 1577 1751 cum
1594 1723 1771 1758 quibusdam
1783 1721 1860 1756 aliis,
1876 1722 1928 1749 sed
1946 1723 1974 1749 et
1988 1720 2083 1757 ipsius

380 1770 678 1808 poterat,frequentia
693 1771 841 1796 tantorum
856 1778 886 1796 se
902 1769 1206 1804 explicabatcmtuum,

380 1823 419 1843 eo
434 1814 523 1842 ducta
535 1814 671 1841 aviditate
686 1813 821 1841 cernendi
835 1813 932 1848 ipsum
954 1812 1027 1840 beati
1046 1812 1120 1839 Petri
1136 1813 1209 1840 vica-

381 1860 463 1888 rium
477 1868 484 1892 ;
496 1858 729 1894 postbsatienim
737 1857 859 1893 Remigii
872 1859 1020 1892 captatum
1036 1857 1208 1893 suffragium

382 1904 422 1932 ad
446 1903 537 1939 hujus
562 1910 748 1938 summopere
770 1901 901 1929 inhiabat
925 1903 1085 1936 aspectum,
1102 1901 1152 1936 qui
1177 1903 1210 1928 ut

382 1947 576 1983 magnanimo
610 1945 840 1974 desiderantium
875 1945 1056 1973 satisfaceret
1082 1945 1207 1979 aifectui,

379 1990 566 2020 eminentius
577 1990 719 2018 solarium
730 1990 836 2017 domus
847 1989 876 2017 in
883 1998 941 2024 qua
952 1989 1154 2016 remorabatur
1164 1998 1209 2024 pe-

380 2039 461 2068 tens,
479 2035 557 2063 unde
572 2037 600 2062 et
615 2036 745 2062 astantes
760 2033 901 2067 contueri,
918 2036 946 2061 et
961 2034 996 2060 ab
1012 2034 1122 2061 eisdem
1140 2042 1208 2060 con-

380 2079 470 2116 spici,
495 2081 524 2106 et
548 2079 670 2114 loquens
694 2078 788 2113 possit
810 2077 917 2110 audiri,
941 2077 1099 2113 apostolica
1123 2077 1208 2104 bene-

381 2123 515 2152 dictione
539 2130 588 2150 eos
615 2121 788 2154 lzetiﬁcavit;
814 2121 918 2157 hisque
944 2121 1155 2154 recedentibus,
1183 2124 1211 2149 et

381 2167 453 2197 aliis
468 2166 592 2194 subinde
603 2168 690 2201 atque
704 2165 768 2193 aliis
782 2164 854 2192 illud
870 2165 1023 2200 [al.,aliud]
1039 2165 1145 2192 atrium
1163 2174 1209 2192 ca-

380 2211 522 2240 tervntim
537 2210 727 2246 replentibus,
744 2212 787 2238 ter
798 2210 827 2237 in
843 2210 944 2237 eadem
961 2209 1016 2242 die,
1033 2218 1092 2237 sua:
1108 2210 1210 2237 exhor-

379 2255 507 2284 tationis
523 2255 635 2282 monita
650 2254 819 2291 impertiens
842 2253 981 2285 salubria,
995 2254 1105 2289 liquido
1131 2256 1209 2289 pate~

380 2300 456 2330 fecit
467 2307 532 2335 quae
545 2299 673 2332 vitanda,
699 2307 823 2334 qumque
839 2299 874 2325 ad
896 2298 1020 2326 salutem
1045 2299 1210 2326 animarum

381 2351 508 2373 suarum
524 2343 582 2371 sibi
601 2343 695 2371 forent
710 2342 884 2378 expetibilia.
903 2343 933 2370 ln
957 2343 1059 2370 eadem
1083 2342 1210 2378 denique

1262 1769 1315 1797 loci
1332 1768 1614 1802 abbate,domnoque
1630 1767 1750 1802 Hugone
1763 1765 1920 1794 venerabili
1936 1765 2018 1794 Patre
2029 1773 2085 1793 c03-

1262 1814 1341 1841 nobii
1356 1812 1564 1845 Cluniacensis,
1581 1814 1609 1838 et
1623 1811 1703 1838 illius
1718 1810 1830 1838 ordinis
1852 1810 1998 1847 plurimis,
2013 1817 2080 1837 cum

1263 1858 1370 1894 quibus
1389 1857 1491 1884 litania
1506 1857 1591 1889 facta,
1608 1859 1635 1883 et
1650 1864 1739 1892 super
1753 1857 1887 1883 sanctum
1903 1862 2008 1891 corpus
2023 1862 2081 1882 non

1263 1902 1378 1929 modica
1392 1901 1610 1929 thimiamatum
1634 1908 1757 1928 accensa
1783 1899 1952 1935 fragrantis,
1980 1898 2085 1926 cecinit

1262 1946 1480 1982 responsorium
1498 1946 1640 1980 Dirigatur
1654 1945 1740 1971 oratio
1754 1952 1824 1978 mea,
1842 1951 1899 1979 quo
1917 1951 1985 1971 cum
2000 1951 2084 1970 versu

1263 1990 1530 2027 expleto,feretrum
1547 1988 1687 2022 sancti,ut
1698 1988 1866 2024 praeparatis
1882 1986 2086 2015 instrumentis

1264 2037 1394 2070 aptatum
1406 2034 1441 2061 ad
1455 2034 1604 2061 ferendum
1620 2032 1789 2059 redderetur
1804 2030 1938 2064 habile,a
1952 2038 2006 2058 suo
2022 2029 2086 2058 loco

1264 2079 1416 2115 paululum
1430 2078 1591 2109 removit,et
1607 2076 1797 2111 antiphonam
1811 2075 1954 2110 Confessor
1965 2074 2086 2107 Domini,

1263 2124 1378 2158 Remigi,
1394 2121 1567 2150 decantavit.
1584 2122 1619 2147 At
1636 2119 1685 2147 ubi
1710 2120 1917 2155 competenter,
1932 2120 2019 2154 prout
2043 2126 2088 2145 res

1264 2168 1405 2203 exigebat,
1423 2166 1597 2202 dispositum
1614 2165 1678 2198 fuit,
1694 2164 1756 2200 ipse
1771 2165 1837 2191 ante
1848 2162 1920 2190 alios
1936 2170 2002 2190 cum
2018 2170 2090 2198 prae-

1265 2212 1333 2240 fatis
1349 2210 1573 2246 archiepiscopis
1583 2212 1610 2237 et
1618 2208 1772 2236 abbatibus
1785 2206 1944 2243 suppositis
1955 2206 2087 2234 humeris

1264 2256 1336 2283 illud
1354 2256 1454 2283 devote
1469 2254 1633 2290 lacrymans
1650 2252 1792 2286 extulit,et
1807 2250 2025 2287 responsorium
2035 2250 2086 2277 Iste

1265 2302 1303 2327 est
1326 2300 1358 2328 de
1380 2299 1545 2326 sublimibus
1570 2297 1734 2330 inchoavit;
1749 2296 1833 2331 cujus
1858 2302 1957 2322 vocem
1981 2294 2084 2322 subse-

1266 2346 1386 2379 qucntes
1408 2342 1487 2370 chori
1514 2341 1713 2378 psallentium,
1733 2342 1850 2368 ovantes
1874 2339 2032 2375 erumpunt
2055 2338 2086 2365 in

380 2390 474 2418 domo
488 2396 573 2416 sacra
588 2387 725 2423 mysteria
748 2386 804 2414 sibi
819 2387 886 2414 fecit
901 2387 1049 2419 celebrari,
1068 2387 1136 2423 quia
1152 2395 1209 2414 non
1226 2394 1248 2426 D
1260 2387 1445 2424 jubilationis
1466 2386 1638 2422 tripudium,
1662 2393 1779 2421 praeque
1804 2383 1955 2412 alacritate
1978 2382 2085 2416 cordis,

380 2433 513 2464 dabatur
531 2432 647 2467 uspiam
672 2431 755 2459 locus
779 2433 960 2467 opportunus
985 2431 1136 2459 ecclesiam
1165 2431 1209 2459 in-

381 2475 536 2510 troeundi,
552 2484 607 2503 nec
617 2475 673 2511 ipsi
698 2476 812 2508 fratres,
829 2484 886 2511 pra:
912 2475 1134 2511 importunitate
1151 2476 1209 2511 ple-

380 2521 481 2554 bium,
494 2519 616 2549 solitum
632 2519 690 2549 illic
707 2527 830 2556 pensum
843 2519 931 2547 divini
949 2519 1084 2547 valebant
1103 2519 1210 2555 persol-

379 2574 453 2595 vere
475 2564 576 2593 officii.
593 2564 769 2592 Adveniente
793 2564 903 2593 interea
926 2567 1018 2597 nocte,
1036 2572 1087 2591 nec
1113 2566 1209 2591 tamen

381 2609 599 2640 conﬂuentium
614 2610 787 2641 rarescente,
804 2608 854 2636 sed
872 2608 965 2644 magis
980 2608 1133 2644 magisque
1147 2617 1210 2636 cre—

380 2654 540 2684 brescente
550 2653 773 2688 copia,domnus
789 2661 864 2688 papa
878 2655 1012 2680 metuens
1029 2660 1064 2679 ne
1079 2652 1108 2680 in
1120 2653 1210 2680 sacris

379 2697 496 2735 vigiliis
509 2697 568 2725 Deo
583 2697 759 2724 famulantes
774 2696 992 2732 importunitate
1003 2696 1093 2731 plebis
1106 2705 1211 2732 prtepe-

380 2743 522 2772 dir-eatur
535 2741 655 2777 exsequi
684 2740 787 2769 divino:
813 2741 960 2769 servitutis
980 2740 1130 2772 solemnis,
1148 2743 1210 2768 tum

1264 2441 1280 2460 ο
1296 2434 1471 2468 quantorum
1486 2439 1536 2458 ora
1556 2429 1738 2457 manantium
1763 2428 1867 2466 rigavit
1893 2426 2088 2456 redundantia

1265 2475 1404 2504 ﬂetuum!
1421 2477 1631 2511 quantorumve
1648 2473 1812 2505 mentes.ad
1829 2472 1900 2501 tanti
1925 2471 2020 2500 Patris
2041 2479 2087 2499 ca-

1264 2520 1373 2556 ptanda
1388 2518 1526 2555 sutt‘ragia
1538 2520 1607 2546 sunt
1618 2519 1798 2553 compunctaa
1815 2516 1844 2544 in
1855 2515 1983 2552 suspiria
1993 2515 2090 2543 beato-

1265 2573 1331 2592 rum
1346 2562 1654 2600 gemituumlTradens
1670 2563 1770 2589 autem
1784 2561 1911 2588 domnus
1926 2567 2002 2596 papa
2009 2567 2090 2587 eum-

1265 2609 1331 2636 dem
1361 2608 1521 2643 pretiosum
1545 2606 1716 2634 thesaurum
1741 2613 1773 2633 se
1796 2604 1873 2632 ultro
1887 2602 2087 2640 ingerentium

1264 2652 1349 2685 votis,
1367 2652 1403 2679 ab
1425 2650 1628 2687 inquietudine
1643 2649 1797 2677 turbarum
1813 2647 1934 2677 secessit
1947 2646 1978 2674 in
1993 2647 2089 2674 orato-

1256 2697 1342 2724 rium
1358 2698 1463 2723 sancta:
1472 2693 1714 2728 Trinitatis,quod
1726 2693 1761 2720 ad
1774 2692 1964 2720 meridianam
1971 2690 2088 2726 plagam

1266 2741 1295 2768 in
1300 2741 1341 2768 fra
1363 2748 1409 2766 am
1414 2739 1439 2766 bi
1444 2741 1473 2766 tu
1478 2747 1504 2765 m
1514 2737 1607 2773 ipsius
1614 2736 1740 2764 ecclesias
1747 2732 1834 2764 decen
1839 2738 1881 2764 ter
1888 2735 2087 2763 constructum

380 2786 481 2818 etiam,
491 2793 533 2814 ne
542 2785 599 2814 sibi
612 2774 735 2822 pretiosi
751 2785 865 2821 coporis
888 2785 981 2813 sancti
1006 2784 1092 2811 istius
1119 2786 1213 2813 trans—
1265 2786 1337 2818 erat,
1354 2782 1495 2811 Harduini
1511 2782 1549 2817 (9)
1572 2780 1726 2815 cujusdam
1752 2779 1808 2807 loci
1835 2778 1914 2806 illius
1937 2774 2086 2804 coenobita

421 2854 460 2940 (31)
476 2874 530 2903 Hic
546 2874 600 2902 sub
617 2874 759 2902 Ludovico
784 2874 831 2909 pio
856 2874 1028 2913 imperatore
1053 2872 1160 2905 ﬂoruit,
1178 2874 1214 2901 de
1238 2881 1295 2909 quo
1320 2872 1385 2899 vide
1410 2870 1609 2898 Frodoardum
1630 2867 1680 2894 lib.
1691 2875 1709 2894 ιι
1726 2865 1856 2893 Historiae
1870 2863 2033 2894 Rem.,cap.
2052 2847 2087 2886 19

400 2915 412 2940 ι
461 2909 589 2938 arlotum
605 2911 683 2937 tomo
700 2910 721 2940 Ι.
738 2909 889 2940 Metronol.
907 2908 1096 2940 Rem.11b.m,
1107 2916 1172 2940 cap.
1188 2910 1214 2936 2.
1728 2920 1734 2925 ι

380 2920 412 2941 θι
429 2920 589 2940 ΜᾶῐῚΟιιΠῐ]
605 2920 683 2937 tumo
700 2920 721 2941 ι,
739 2920 889 2941 ΜϐιῐῸβοι.
908 2920 988 2936 nam.
999 2920 1096 2940 ιιυ.ιιι,
1107 2920 1172 2941 cup.
1189 2920 1214 2936 ι.
1728 2920 1734 2925 ‘

461 2909 589 2938 arlotum
605 2911 683 2937 tomo
700 2910 721 2945 Ι,
738 2908 988 2945 Metrop01fRem.
999 2908 1096 2940 lib.m,
1107 2916 1172 2944 cap.
1188 2910 1214 2936 2.
