2493 3246
344 295 417 328 “20

844 295 946 327 HIST.
968 294 1094 326 DEDlC.
1117 294 1314 326 EGCLESL/E
1336 295 1367 326 S.
1392 294 1557 327 HEMIGII.

1969 293 2046 328 1430

349 361 482 391 omnibus
497 363 651 398 appareret
664 361 758 390 oculis
773 361 803 390 in
818 361 991 390 celebranda
1005 360 1125 398 synodo,
1137 359 1166 389 in
1180 362 1208 396 Α
1222 361 1290 390 inde
1306 365 1500 391 memoratum
1513 362 1666 400 populum,
1681 363 1843 392 secundum
1855 361 2045 401 institutionis

348 415 413 443 qua,
423 406 447 435 si
458 407 526 443 quis
540 415 680 435 erroneus
696 406 806 443 aliquid
819 406 965 439 frivolum,
975 406 1018 434 vel
1033 406 1170 434 ecclesia-

348 452 422 480 stica
434 451 568 488 religioni
579 452 733 480 adversum
747 460 876 479 asserere
891 453 1089 487 praesumeret,
1101 459 1170 487 erga

345 497 421 524 hunc
431 497 477 524 vir
484 496 535 524 Dei
548 495 751 524 illiusvirtutis
760 496 917 532 potentiam
931 505 982 532 per
990 495 1034 523 sui
1041 495 1170 531 corporis

345 540 527 577 praesentiam
539 540 789 577 exbiberet,quam
801 541 897 568 adhuc
907 540 936 567 in
952 540 1061 568 mundo
1071 540 1169 567 vivens

343 594 409 621 erga
419 585 561 612 Arianum
578 584 747 612 bmreticum
763 585 902 617 exhibuit,
917 585 962 612 cui
980 585 1007 612 in
1026 586 1167 611 conventu

343 630 546 666 episcoporum
558 629 706 657 catholicae
718 629 784 657 fidei
798 629 891 657 lucem
905 629 1037 657 nebulosi
1052 629 1169 665 dogma-

341 673 378 701 tis
389 674 495 701 umbra
511 674 682 701 obnubilare
698 673 838 706 molienti,
852 674 887 701 ad
901 674 1057 701 adventum
1069 682 1168 706 suum,

341 718 439 745 divina
458 718 567 745 virtute
588 718 717 745 ofﬁcium
743 718 822 745 vocis
847 718 981 751 extorsit;
1007 718 1055 745 sed
1081 716 1168 753 paulo

339 764 404 798 post
419 771 489 790 curn
505 762 611 790 humili
631 762 830 790 satisfactione
845 764 957 790 reatum
974 770 1061 790 suum
1078 770 1167 797 agno-

339 809 479 842 scentem,
487 807 592 834 animas
605 807 792 842 corporisque
803 807 939 834 eumdem
949 806 1072 834 sanitate
1081 807 1168 833 dona-

338 852 411 883 tum,
423 851 461 879 ad
479 851 557 879 ﬁlios
570 851 735 887 adoptionis
752 851 911 878 transtulit.
922 852 988 883 Quae
1003 850 1166 886 perorantis

336 903 416 931 papae
433 895 561 923 intentio
577 904 611 922 ex
626 904 752 931 superno
765 895 904 922 instinctu
922 895 1092 930 procedens,
1104 895 1168 922 etfe'

334 942 381 967 ctu
397 940 481 967 nullo
506 940 594 967 modo
609 940 712 973 caruit,
730 939 807 966 velut
833 939 888 966 hoc
904 939 1078 975 opusculum
1104 939 1166 966 loco

333 992 385 1012 suo
400 983 576 1012 declarabit.
589 984 647 1011 Hac
668 992 735 1019 ergo
751 984 786 1011 de
807 992 895 1011 causa
910 984 951 1010 sic
973 983 1067 1011 locato
1089 983 1164 1010 beati

333 1028 458 1065 Remigii
470 1037 603 1064 corpore,
616 1029 760 1056 universis
771 1029 833 1064 [al.,
847 1029 1023 1063 numerosis]
1040 1028 1163 1063 agmini—

331 1073 386 1101 bus
406 1074 628 1109 episcoporum,
643 1073 793 1105 abbatum,
812 1073 1032 1105 monachorum,
1045 1072 1163 1099 clerico-

332 1126 408 1154 rum,
422 1127 476 1154 per
491 1117 597 1145 choros
612 1117 817 1145 decentissime
832 1117 992 1152 dispositis,
1005 1117 1162 1144 missarum

331 1162 477 1190 solemnia
494 1162 573 1190 idem
591 1162 721 1198 pontifex
744 1170 778 1189 ex
801 1161 993 1189 dedicationis
1008 1160 1164 1188 celebravit

330 1206 504 1240 festivitate;
532 1206 664 1242 lectoque
686 1206 850 1242 Evangelio,
862 1206 1008 1242 pulpitum
1024 1213 1163 1232 conscen-

330 1250 403 1279 dens
418 1250 635 1279 exhortationis
651 1259 815 1278 sermonem
832 1251 900 1278 fecit
919 1251 954 1278 ad
971 1250 1163 1277 circumstan-

332 1297 389 1323 tem
404 1295 565 1332 populum,
579 1295 627 1331 qui
643 1294 789 1330 plurimus
807 1295 987 1327 monasterii,
1000 1296 1032 1321 ut
1050 1294 1161 1321 dictum

329 1342 382 1374 est,
395 1340 514 1368 foribus
526 1339 679 1371 obseratis,
692 1348 743 1374 per
754 1339 894 1366 fenestras
906 1338 1094 1374 irrumpendo
1106 1337 1162 1365 sibi

329 1383 436 1412 fecerat
449 1384 578 1412 aditum.
586 1384 627 1411 Ad
638 1392 724 1419 quem
739 1383 832 1411 multa
841 1392 874 1411 cx
886 1383 978 1418 ipsius
988 1382 1088 1418 templi
1099 1390 1163 1409 san-

329 1428 508 1457 ctificatione
522 1428 711 1455 concionatus
726 1427 818 1460 utilia,
832 1427 909 1455 diem
923 1427 1002 1454 illam
1019 1426 1160 1454 celebrem

328 1480 390 1500 esse
405 1472 551 1509 praecepit
565 1480 616 1508 per
627 1472 781 1500 Remensis
793 1471 931 1508 episcopii
943 1471 1077 1505 conﬁnia,
1091 1479 1161 1498 ana~

329 1515 470 1545 thematis
482 1525 572 1553 poena
580 1516 725 1544 damnans
737 1516 801 1543 illos
810 1524 911 1543 omnes
920 1515 969 1551 qui
980 1516 1014 1542 ad
1025 1516 1159 1542 eumdem

328 1559 425 1589 locum
440 1561 539 1597 hujus
549 1560 745 1588 solemnitatis
758 1560 850 1596 gratia
866 1568 915 1595 per
925 1559 1057 1595 singulos
1068 1567 1160 1586 annos

328 1606 563 1638 conﬂuentibus,
579 1604 622 1633 vel
638 1605 704 1632 inde
720 1604 921 1637 redeuntibus,
934 1604 1059 1638 alicujus
1072 1603 1161 1639 impe-

328 1649 451 1678 dimenti
468 1650 637 1686 irrogarent
651 1649 844 1676 incommoda.
857 1648 1013 1676 Constituit
1025 1648 1113 1675 etiam
1130 1649 1161 1674 ut

327 1693 360 1721 ad
377 1694 471 1723 altare
488 1694 582 1731 quod,
597 1695 628 1721 ut
643 1693 794 1729 praefatum
810 1695 867 1726 est,
883 1693 911 1720 in
927 1693 1036 1720 honore
1049 1693 1160 1727 aposte-

326 1737 422 1767 lorum
432 1727 514 1767 Petri
530 1740 560 1766 et
571 1727 823 1772 Pauli,Clementis
834 1736 1072 1774 etChristophori
1084 1745 1159 1763 mar-
1176 1727 1197 1759 ί]

327 1783 434 1818 tyrum,
448 1782 635 1820 gloriosique
645 1782 819 1809 confessoris
835 1781 958 1817 Remigii
973 1789 1159 1808 consecrave-

327 1829 379 1861 rat,
391 1836 452 1855 non
469 1827 632 1855 indiscrete
648 1835 665 1854 a
679 1826 856 1862 quibusque,
864 1826 939 1853 sicut
949 1825 1100 1858 hactenus,
1117 1833 1160 1852 sa-

325 1874 486 1900 crosancta
506 1871 651 1907 mysteria
665 1872 829 1907 agerentur,
844 1871 893 1898 sed
910 1870 1071 1898 secundum
1098 1878 1159 1896 mo-

326 1923 385 1943 rem
401 1917 551 1945 Romanis
568 1914 713 1949 Ecclesiae,
726 1917 836 1951 septem
852 1914 1056 1942 tantummodo
1069 1922 1160 1942 sacer.

325 1958 417 1997 dotes,
429 1960 484 1997 qui
502 1960 534 1988 in
556 1959 606 1987 illa
621 1959 842 1995 congregatione
857 1959 1004 1995 digniores
1019 1959 1160 1986 haberen-

324 2005 380 2038 tur,
393 2005 430 2032 ad
445 2005 505 2033 hoc
517 2003 650 2032 ofﬁcium
662 2004 882 2039 deputarentur,
895 2003 948 2031 soli
965 2004 1098 2031 Remensi
1115 2013 1160 2031 ar-

325 2048 517 2086 chiepiscopo
526 2048 681 2084 ipsiusque
689 2047 811 2075 cccnobii
820 2048 931 2082 abbati,
938 2048 1045 2075 ibidem
1055 2048 1160 2077 missas

324 2093 428 2128 agendi
445 2094 599 2130 potestate
626 2091 740 2125 collata,
752 2093 780 2119 et
794 2092 841 2119 cui
866 2091 943 2119 idem
965 2092 1055 2119 abbas
1080 2093 1162 2120 daret

324 2136 487 2170 licentiam,
505 2139 587 2165 certe
607 2136 754 2164 interdum
770 2135 892 2163 rationis
906 2135 1036 2171 exigente
1049 2136 1159 2172 gratia;

324 2189 375 2209 nec
390 2190 451 2210 non
464 2181 549 2210 clero
564 2180 701 2208 Remensi
714 2180 759 2207 bis
771 2180 801 2207 in
816 2179 983 2211 anno.feria
995 2179 1105 2207 scilicet
1119 2189 1162 2208 se—

324 2224 590 2262 cundapascbalis
601 2225 676 2257 festi,
690 2226 719 2251 et
729 2223 828 2260 vigilia
837 2223 1023 2251 Aseensionis
1034 2224 1162 2251 Domini-

324 2277 372 2303 crs,
385 2270 513 2306 quando
529 2268 679 2297 solemnes
691 2267 751 2295 illic
767 2267 906 2295 stationes
926 2276 961 2295 ex
983 2269 1104 2304 antiqua
1120 2269 1160 2296 fa-

324 2313 405 2342 ciunt
419 2314 598 2343 traditione.
619 2313 684 2340 Haec
704 2313 819 2340 decreta
843 2320 878 2339 ne
899 2311 1056 2348 aliquando
1081 2313 1162 2340 irrita

324 2357 428 2387 ﬁerent
440 2357 626 2394 antiquitate
646 2357 797 2393 temporis,
813 2356 919 2384 litteris
942 2357 1073 2384 mandari
1092 2358 1160 2393 (12),

1225 407 1289 442 ejus
1304 407 1391 435 verba
1405 408 1552 444 publicam
1565 408 1601 436 de
1616 408 1742 444 peccatis
1757 408 1819 436 suis
1835 408 2045 437 confessionem

1224 453 1369 487 agentem.
1382 451 1518 486 absolvit;
1535 451 1737 487 explicitisque
1747 452 1855 480 divinis
1865 453 1969 480 officiis
1981 461 2046 489 apo-

1224 496 1356 524 stololica
1378 496 1579 524 benedictione
1608 497 1794 525 sanctificans
1814 496 1899 524 illum
1921 497 2043 525 dimisit.

1224 540 1376 568 Pontiﬁces
1392 543 1501 575 autem,
1511 541 1767 577 ccenobiorumque
1782 543 1916 574 rectores,
1930 544 1959 569 et
1970 544 2045 570 cete-

1224 593 1270 612 ros
1283 585 1355 612 sacri
1370 585 1480 612 ordinis
1491 585 1650 619 ministros,
1663 585 1712 621 qui
1726 585 1762 612 ibi
1775 586 1905 620 aderant,
1915 584 1953 613 ad
1965 594 2045 613 eum-

1223 629 1289 656 dem
1305 629 1401 657 locum
1417 630 1544 657 crastino
1555 630 1645 665 jussit
1659 630 1772 664 reverti,
1789 632 1820 657 ut
1836 638 1902 658 cum
1918 630 1976 658 illis
1992 630 2043 658 ha—

1223 674 1303 701 beret
1316 674 1469 707 rationem,
1481 683 1567 710 quam
1582 674 1757 708 condixerat,
1772 675 1882 710 synodi.

1448 723 1559 750 PRIMA
1578 723 1656 750 DIES
1676 722 1816 750 SYNODI.

1260 763 1301 790 14.
1314 763 1364 790 Die
1380 771 1446 790 vero
1468 762 1568 796 altera,
1587 771 1649 798 quae
1670 764 1713 790 est
1730 763 1831 798 quinto
1847 763 1944 791 Nonas
1959 763 2042 791 Octo-

1222 807 1292 841 bris,
1305 807 1471 843 congregati
1486 810 1554 834 sunt
1570 807 1597 834 in
1612 809 1772 834 memorata
1782 806 1903 835 basilica
1914 807 2042 843 episcopi

1222 851 1354 879 videlicet
1376 860 1497 879 numero
1522 851 1634 887 viginti,
1653 859 1721 878 cum
1747 851 1960 887 quinquaginta
1984 852 2041 879 fere

1221 896 1386 928 abbatibus,
1394 898 1422 923 et
1433 895 1497 923 aliis
1509 896 1696 923 ecclesiastici
1705 895 1816 923 ordinis
1826 895 2040 932 complurimis.

1221 940 1274 967 Ubi
1291 941 1388 968 statim
1406 943 1486 968 vetus
1506 940 1621 975 querela
1638 940 1712 967 inter
1728 940 1878 968 Remensis
1894 942 1922 967 et
1937 941 2041 968 Treve-

1221 985 1315 1012 reusis
1331 985 1540 1020 archiepiscopi
1563 984 1682 1012 clericos
1696 986 1740 1012 est
1764 986 1914 1017 renovata;
1932 984 1978 1012 his
1994 993 2040 1012 as-

1220 1029 1387 1056 truentibus
1396 1029 1464 1065 quia
1474 1029 1625 1056 Remensis
1636 1029 1746 1064 primas
1754 1029 1891 1062 (13)essct
1899 1029 1928 1056 in
1937 1029 2038 1062 Gallia,

1219 1072 1340 1108 ideoque
1353 1073 1392 1100 illi
1404 1073 1555 1109 dispositio
1566 1075 1742 1108 competeret
1750 1073 1902 1108 synodica;
1916 1081 1930 1100 e
1941 1076 2041 1101 contra

1217 1126 1283 1145 vero
1300 1117 1340 1144 illi
1355 1118 1571 1153 archiepiscopo
1587 1117 1750 1144 Trevirensi
1766 1117 1898 1144 eamdem
1915 1117 2040 1154 dignita-

1217 1164 1275 1189 tem
1295 1163 1476 1189 conabantur
1495 1162 1649 1194 ascribere,
1662 1161 1845 1197 primamque
1860 1162 1959 1189 sedem
1974 1165 2041 1198 post

1218 1207 1353 1234 Romana:
1376 1206 1508 1234 Ecclesiae
1520 1206 1674 1242 praesulem
1691 1206 1719 1233 in
1733 1205 1904 1233 celebrando
1917 1206 2039 1234 concilio

1216 1252 1377 1287 acquirere.
1390 1251 1520 1278 Domnus
1531 1253 1628 1277 autem
1639 1259 1714 1286 papa
1726 1258 1782 1277 non
1791 1249 1947 1278 arbitratus
1958 1259 2040 1286 opor-

1216 1298 1322 1322 tunum
1347 1298 1463 1331 tempus
1480 1303 1537 1330 quo
1554 1294 1599 1321 his
1615 1294 1779 1322 rationibus
1799 1294 1909 1330 imponi
1931 1294 2040 1323 valeret

1216 1348 1364 1375 congruus
1379 1340 1457 1373 finis,
1469 1340 1518 1367 sed
1535 1340 1631 1375 potius
1644 1341 1777 1367 metuens
1789 1339 1958 1374 hujusmodi
1971 1348 2038 1367 con-

1216 1385 1386 1412 troversiam
1400 1392 1589 1420 prorumpere
1599 1384 1634 1411 ad
1649 1383 1820 1411 scandalum
1833 1384 2038 1417 contentionis,

1215 1429 1245 1456 in
1262 1429 1382 1456 modum
1397 1437 1509 1456 coronae
1529 1428 1632 1455 sedilia
1646 1428 1848 1463 episcoporum
1868 1428 1994 1463 disponi,
2011 1430 2040 1455 et

1215 1474 1244 1500 in
1260 1473 1355 1500 medio
1371 1481 1470 1500 eorum
1484 1481 1543 1499 sua:
1559 1472 1637 1499 sedis
1657 1474 1829 1508 suggestum
1846 1471 1981 1507 przecepit
1994 1471 2038 1499 lo-

1215 1518 1284 1552 cari,
1296 1518 1380 1552 cujus
1391 1516 1582 1544 ordinationis
1596 1516 1715 1543 modum
1728 1525 1763 1543 ex
1777 1515 1896 1544 arbitrio
1913 1517 2036 1544 Remen-

1214 1562 1255 1589 sis
1263 1560 1478 1597 archiprzesulis
1487 1560 1581 1588 sanxit
1591 1560 1792 1588 adminiatrari
1800 1568 1806 1594 ;
1814 1560 2036 1596 quiconvocatis

1215 1606 1436 1638 archidiaconis,
1446 1607 1474 1633 et
1485 1605 1649 1640 quibusque
1660 1604 1728 1632 cleri
1740 1605 1784 1632 sui
1796 1605 1959 1640 praacipuis,
1967 1612 2034 1632 cum

1213 1658 1313 1677 eorum
1330 1649 1462 1682 consilio,
1479 1650 1507 1676 in
1529 1649 1658 1682 modum,
1670 1650 1702 1676 ut
1717 1649 1827 1676 dictum
1843 1650 1897 1681 est,
1911 1656 2034 1683 coronae,

1214 1695 1385 1730 pontiﬁcum
1398 1694 1509 1725 sedilia,
1522 1696 1550 1720 et
1560 1693 1588 1720 in
1601 1693 1696 1720 medio
1708 1693 1771 1728 ejus
1783 1691 1945 1728 apostolica
1956 1692 2034 1720 sedis

1215 1739 1349 1775 apparari
1365 1738 1431 1766 fecit
1446 1738 1583 1774 insignia.
1596 1737 1646 1765 His
1669 1738 1709 1765 ita
1733 1737 1893 1773 dispositis,
1910 1737 2036 1764 domnus

1214 1792 1288 1819 papa
1304 1782 1532 1811 sacerdotalibus
1545 1782 1628 1817 quasi
1645 1782 1681 1809 ad
1695 1781 1900 1809 celebrandum
1915 1782 2037 1809 missam

1215 1827 1315 1855 infulis
1327 1827 1490 1859 redimitus,
1504 1826 1646 1861 processit
1663 1834 1697 1853 ex
1712 1826 1838 1853 oratorio
1853 1828 1960 1854 sancta:
1975 1825 2038 1853 Tri—

1215 1871 1314 1899 nitatis
1329 1879 1395 1899 cum
1411 1879 1497 1898 cruce
1507 1872 1535 1898 et
1546 1870 1693 1906 Evangelii
1705 1870 1789 1903 libro,
1801 1870 2039 1898 antecedentibus

1214 1925 1281 1943 eum
1297 1915 1371 1943 sacri
1391 1915 1501 1943 ordinis
1518 1915 1671 1947 ministris,
1689 1923 1795 1950 sexque
1820 1914 1869 1941 alii
1893 1923 1989 1942 coram
2006 1922 2039 1942 eo

1215 1961 1414 1996 procedentes,
1427 1962 1493 1986 ante
1508 1962 1643 1986 sanctum
1659 1958 1749 1985 altare
1763 1967 1798 1986 ex
1812 1959 1926 1994 integro
1940 1959 2037 1986 canta-

1215 2006 1318 2032 verunt
1328 2003 1517 2039 antipbonam
1529 2003 1639 2030 Exaudi
1653 2010 1702 2029 nos
1712 2002 1841 2035 Domine;
1851 2010 1911 2037 qua
1925 2001 2038 2037 expleta

1215 2057 1282 2076 cum
1307 2048 1420 2083 psalmo
1438 2050 1466 2074 et
1482 2048 1584 2079 Gloria,
1601 2046 1836 2081 archiepiScOpus
1859 2045 2038 2073 Trevirensis

1215 2093 1345 2120 litaniam
1362 2092 1428 2119 fecit
1440 2099 1446 2119 :
1459 2099 1549 2126 eaque
1562 2090 1654 2123 finita,
1666 2092 1840 2118 conventum
1851 2090 2038 2123 diaconus,ut

1215 2138 1250 2164 ad
1262 2137 1353 2164 Deum
1366 2143 1465 2171 preces
1477 2134 1647 2168 effunderet,
1656 2134 1817 2167 admonuit,
1825 2135 1853 2161 et
1863 2133 1905 2160 sic
1913 2133 2036 2168 tempori

1215 2182 1420 2216 congruentem
1437 2179 1544 2206 domno
1559 2177 1717 2213 apostolico
1739 2178 1899 2205 orationem
1912 2177 2036 2211 dicente,

1214 2226 1322 2253 lectum
1347 2226 1391 2251 est
1416 2222 1601 2258 Evangelium
1616 2223 1695 2250 Dixit
1709 2222 1816 2249 Simoni
1836 2223 1917 2249 Petro
1939 2222 2014 2249 Iesus
2027 2230 2038 2249 :

1216 2270 1246 2297 Si
1259 2269 1411 2305 peccaverit
1427 2269 1454 2295 in
1472 2272 1496 2295 lc
1507 2269 1595 2302 frater
1607 2270 1678 2294 tuus.
1692 2266 1759 2294 Post
1772 2266 1832 2293 haec
1843 2265 2038 2293 consederunt

1216 2313 1435 2346 omnes,ordine
1446 2320 1503 2347 quo
1515 2311 1666 2338 Rcmensis
1682 2309 1868 2345 archiproasul
1880 2309 2038 2345 disposuit,

1217 2359 1342 2386 domnus
1353 2356 1469 2393 quidem
1482 2365 1556 2391 papa
1568 2355 1594 2382 in
1608 2355 1753 2387 medio,ut
1762 2354 1872 2382 dictum
1884 2353 2037 2387 est,cbori,

324 2409 434 2440 easque
447 2401 570 2440 signari
580 2401 678 2438 sigillo
689 2409 749 2429 sua;
763 2401 898 2437 praacepit
909 2401 1102 2429 auctoritatis.
1117 2404 1166 2429 De-
1181 2407 1203 2438 ι)
1219 2410 1301 2430 verso
1315 2400 1394 2429 vultu
1411 2400 1446 2428 ad
1463 2399 1628 2436 sepulcrum
1645 2399 1721 2426 beati
1742 2397 1875 2434 Remigii,
1887 2400 1953 2426 ante
1968 2405 2038 2425 ocu-

358 2465 414 2500 (12)
427 2465 514 2494 Hanc
521 2463 640 2500 bullam
650 2462 741 2491 babes
752 2463 836 2500 infra.
847 2462 933 2500 Porro
944 2462 1021 2500 idem
1033 2464 1160 2500 pontifex

325 2498 422 2538 simile
435 2499 634 2538 privilegium
649 2499 792 2538 concessit
804 2498 886 2538 altari
903 2498 1023 2538 majoris
1033 2498 1161 2538 ecclesiae

324 2533 524 2568 Coloniénsis,
542 2533 595 2562 ibi
611 2536 723 2570 septem
739 2533 779 2561 illi
798 2533 960 2570 presbyteri
977 2534 1161 2570 appellantur

324 2571 495 2606 cardinales,
513 2569 598 2606 quod
614 2569 676 2598 et’a
691 2569 870 2606 Remigianis
894 2569 1002 2606 nostris
1015 2570 1159 2606 robserva-

325 2607 382 2634 tur.
397 2607 468 2636 Hec
487 2603 598 2634 alitem
613 2613 711 2634 rerum
726 2603 878 2641 dispositio
893 2613 910 2631 a
925 2605 1060 2640 pontifice
1070 2603 1159 2633 'ordi-

325 2645 394 2682 nata
407 2642 567 2678 hodieque
581 2640 611 2668 in
622 2640 743 2669 basilica
762 2639 933 2676 Remigiana
947 2642 1079 2668 servatur
1095 2641 1160 2669 reli-

325 2685 417 2751 ειῖῖέδ
430 2713 623 2751 Remensem
633 2711 786 2751 epclesiam
801 2712 924 2751 omnium
943 2711 1021 2751 regni
1035 2712 1159 2751 ecclesia-

326 2745 386 2776 min
396 2745 484 2786 éaput
492 2745 628 2784 appellat
633 2747 808 2787 .Qerbertus.
815 2746 926 2787 .Ea'rum
940 2745 1056 2787 matrem
1066 2747 1161 2788 appel:

325 2783 366 2822 l_at
375 2784 507 2822 Gal-edux
518 2790 586 2811 rex.
597 2783 653 2822 Ain
666 2782 734 2822 aliis
743 2783 838 2822 verbis
852 2789 982 2822 meignes
995 2783 1161 2822 sedisbeati

327 2819 466 2857 Remigii,
476 2825 592 2857 regum
601 2820 630 2846 et
639 2818 734 2854 gentis
744 2820 849 2857 nostra:
859 2817 981 2857 apostoli
994 2819 1159 2857 etpatroni,

326 2852 545 2893 prem‘gativis
556 2852 772 2889 expresserunt.
786 2852 938 2880 Romensis
952 2852 1160 2889 archiepiscopi

326 2899 390 2920 esse
398 2891 496 2920 totius
507 2887 614 2919 Gallias
624 2889 776 2920 episcopos
787 2889 822 2916 ad
839 2888 993 2916 concilium
1005 2897 1160 2917 convocare

325 2899 390 2920 esse
398 2897 496 2920 mnus
507 2897 614 2919 uanus
624 2897 776 2925 episcopos
787 2897 822 2916 au
839 2897 993 2916 consulum
1005 2897 1162 2917 convocare

326 2927 429 2956 scribit
441 2929 604 2956 Manassen
624 2925 655 2954 in
673 2923 797 2961 epistola
809 2924 846 2952 ad
862 2924 1032 2960 Gregorium
1047 2924 1098 2952 VII
1112 2934 1161 2961 pa-

1215 2471 1383 2500 pam,qucm
1394 2461 1520 2500 diadema
1531 2460 1849 2500 regni,_etc.,possidere
1860 2460 1968 2487 fatetur
1978 2459 2037 2500 Υγο

1214 2495 1499 2527 Carnbtensisﬂnde
1523 2505 1556 2525 ex
1580 2497 1609 2524 S.
1623 2495 1778 2531 Bernardo,
1797 2503 1934 2523 coronam
1960 2495 2037 2531 regis

1215 2533 1396 2570 capiti,quod
1408 2532 1708 2570 singulisfcstistunc
1719 2532 1780 2559 ﬁeri
1794 2531 1916 2570 solebat,
1930 2531 2038 2570 ubique

1215 2566 1374 2598 Galliarum
1391 2569 1420 2596 in
1434 2566 1564 2596 ecclesiis
1579 2568 1804 2603 quibuscumque
1820 2566 1989 2602 imponebat
2004 2574 2039 2594 ex

1215 2606 1292 2634 sedis
1305 2613 1363 2632 suae
1379 2603 1621 2641 privilegioLDuae
1637 2611 1737 2641 cruces
1750 2611 1819 2641 eum
1836 2611 1951 2641 semper
1965 2610 2037 2641 pra;-

1214 2641 1365 2671 cedebant,
1377 2637 1409 2666 ex
1427 2637 1514 2666 vete’ri
1531 2639 1684 2666 Remensis
1699 2638 1828 2666 ecclesias
1841 2637 2036 2666 RitualifPri-

1215 2679 1326 2704 matum
1338 2674 1473 2711 Remensi
1486 2674 1614 2711 ecclesia
1624 2674 1653 2701 in
1667 2673 1937 2711 universasGallias
1947 2681 1962 2700 ε
1974 2673 2038 2711 beat

1213 2715 1242 2740 to
1259 2712 1341 2739 Petro
1370 2709 1508 2738 collatum
1539 2710 1629 2737 fuisse
1650 2709 1753 2737 scribit
1778 2709 1865 2736 Fuleo
1889 2709 2035 2736 Hincmari

1215 2754 1470 2781 successor,qnarn
1483 2745 1654 2781 dignitatem
1671 2744 1719 2772 alii
1735 2745 1769 2772 all
1783 2743 1949 2781 SLRemigii
1959 2741 2035 2768 vica-

1216 2783 1321 2810 riatum
1338 2778 1529 2817 apostolicum
1547 2780 1659 2817 malunt
1675 2780 1790 2817 referre.
1807 2778 1896 2817 Hodie
1912 2778 2033 2817 Remen-

1447 2817 1524 2843 sedis
1535 2815 1699 2852 apostolicae
1713 2807 1925 2852 legatusnatus
1932 2807 2033 2852 attigi:

1216 2844 1322 2881 liarum
1344 2852 1524 2888 Belgicarum
1542 2844 1663 2888 primas
1692 2844 1884 2888 nuncupatur,
1900 2846 1929 2884 et

1216 2875 1295 2924 regni
1314 2875 1445 2924 proce‘i‘es
1462 2875 1690 2924 primifFruncias
1713 2875 1798 2913 ducis.
1809 2890 1841 2909 ac
1855 2879 1933 2915 paris
1946 2875 2028 2905 titulo

1218 2923 1461 2960 ac’prcesogativis
1478 2923 1593 2958 gaudet.
