3940 6370
276 591 425 656 1431

1151 593 1492 655 ANSELMI
1541 591 1886 654 MONACHI
1937 591 1997 650 S.
2051 585 2353 649 Rl°‘.\llflll
2401 582 2818 646 REMENSIS.

3540 573 3708 636 1433

272 725 368 788 los
393 733 587 786 autem
619 725 768 800 ejus,
798 726 872 784 ad
902 726 1238 784 orientalem
1269 727 1522 802 plagam,
1546 728 1780 800 (Wido),
1813 727 1921 783 Re-
1953 727 2005 792 Α
2037 724 2232 787 visset,
2264 719 2497 793 publica
2517 717 2879 773 confessione
2907 712 3274 786 patefaceret.
3294 709 3540 802 Primus
3564 726 3710 802 ergo

281 818 503 876 mensis
530 819 588 874 in
612 819 866 883 dextera,
893 818 1302 888 (Eherhardus)
1327 819 1684 874 Trevircnsis
1708 835 1838 872 vero
1863 819 1918 871 in

285 907 698 980 parte,resedit
714 907 968 963 sinistra.
987 907 1116 962 Post
1136 908 1476 962 Remensem
1497 909 1702 962 deinde
1723 923 1925 961 secun-

290 997 432 1057 dum
490 996 863 1050 subnotatum
928 996 1188 1050 ordinem
1253 998 1590 1051 rescierunt
1649 996 1926 1050 Beroldus

293 1085 750 1147 Suessionensis,
798 1087 983 1156 Drogo
1031 1085 1396 1148 Moriue‘nsis,
1440 1085 1756 1139 Rollandus
1803 1086 1928 1153 [al.,

296 1173 653 1240 Frollandus]
687 1172 1152 1238 Silvanectensis,
1194 1174 1478 1228 Adalbero
1521 1174 1824 1238 Metensis;
1859 1173 1928 1226 ad

297 1262 679 1318 meridianam
737 1261 989 1334 plagam,
1041 1262 1403 1334 Aylenardus
1460 1262 1933 1332 archiepiscopus

300 1352 732 1424 Lugdunensis,
791 1353 954 1421 Αυςο
1009 1351 1412 1422 Lingoncnsis,
1463 1351 1740 1405 Joll'ridus
1788 1351 1933 1404 Con-

299 1439 654 1504 stantiensis,
715 1439 808 1494 Ivo
865 1439 1164 1508 Sugensis,
1225 1441 1538 1494 Herhertus
1600 1441 1935 1503 Lisoicnsis,

298 1529 462 1601 Hugo
509 1528 942 1600 Bajogacensis,
990 1528 1153 1599 Hugo
1205 1529 1594 1599 Avriugensis,
1629 1529 1938 1584 Theoderi-

301 1634 404 1672 cus
431 1616 846 1682 Virduuensis;
877 1617 948 1671 ad
977 1618 1486 1687 septentrionalem
1513 1635 1643 1672 vero
1684 1617 1940 1690 plagam,

304 1707 471 1778 Hugo
515 1704 986 1777 archiepiscopus
1016 1705 1512 1772 Vesontionensis,
1541 1707 1705 1778 [iugo
1745 1708 1944 1762 Niver-

308 1795 530 1860 neusis,
557 1795 842 1850 Eusebius
880 1796 1326 1869 Andegavensis,
1375 1797 1624 1851 Pudicus
1656 1797 1769 1864 (14)
1795 1796 1946 1850 Nan-

311 1882 586 1951 netensis,
645 1885 954 1956 episcopus
1019 1885 1334 1958 Anglorum
1397 1885 1533 1955 (t5),
1587 1889 1643 1939 et
1694 1885 1952 1939 Joannes

313 1972 670 2029 Portuensis.
701 1973 839 2028 Post
875 1987 1124 2044 quorum
1155 1977 1319 2044 terga
1363 1973 1419 2026 in
1453 1973 1692 2028 modum
1747 1970 1953 2026 simili-

2032 811 2390 868 Trevirensis
2432 807 2903 878 archiepiscopus
2935 803 3007 859 ad
3040 802 3158 857 hazc
3188 801 3366 856 verba
3419 801 3712 865 surrexit,

2034 919 2208 972 seque
2243 917 2344 954 nec
2373 898 2591 968 aliquid
2622 896 2854 949 dedisse
2877 893 2961 948 vel
2997 890 3338 964 promisisse
3362 907 3468 962 pro
3492 890 3712 960 adepto

2035 993 2396 1062 epismp'itu,
2425 1004 2612 1057 neque
2646 985 2815 1040 alicui
2848 999 3045 1038 sacros
3074 981 3309 1037 ordines
3339 979 3712 1045 vendidisse,

2039 1080 2357 1151 rcSpnndit,
2401 1077 2618 1132 Deinde
2667 1073 3080 1146 Lugdunensis
3127 1075 3183 1125 et
3221 1067 3717 1124 Vesontionensis

2041 1168 2446 1236 surgentesnb
2467 1162 2868 1235 hujuscemodi
2887 1161 3058 1232 culpa
3076 1157 3320 1232 professi
3341 1162 3485 1212 sunt
3499 1175 3564 1212 se
3583 1174 3716 1212 esse

2045 1260 2356 1312 immunes.
2391 1257 2554 1310 Tunc
2602 1255 2878 1324 praefatus
2911 1250 3194 1304 diaconus
3226 1247 3297 1302 ad
3356 1247 3716 1302 Remensem

2048 1345 2552 1416 archiepiscopum
2590 1359 2649 1396 se
2681 1339 2983 1405 convertit,
3008 1344 3062 1393 et
3095 1337 3234 1408 quid
3259 1337 3330 1390 de
3361 1335 3460 1391 his
3481 1353 3554 1390 ex
3586 1335 3718 1408 qui-

2048 1436 2158 1488 bus
2191 1451 2223 1485 a
2253 1431 2474 1486 ca'teris
2509 1431 2656 1483 facta
2687 1429 2875 1482 fuerat
2919 1426 3187 1497 purgatio
3230 1423 3485 1478 ediceret
3519 1423 3720 1494 requi-

2052 1523 2205 1577 sivit.
2241 1526 2312 1573 At
2342 1519 2438 1572 ille
2467 1535 2716 1589 surgens
2744 1515 3010 1570 inducias
3038 1513 3390 1586 petituque
3423 1512 3486 1566 in
3516 1511 3728 1566 crasti-

2055 1629 2218 1677 num,
2251 1610 2450 1663 dicens
2483 1624 2544 1662 se
2591 1606 2862 1679 privatim
2895 1603 3038 1658 velle
3089 1602 3247 1674 loqui
3299 1602 3372 1656 ad
3423 1601 3723 1656 domuum

2057 1699 2476 1772 apostolicum;
2513 1712 2765 1765 cumque
2797 1695 2942 1748 data:
2985 1691 3254 1759 fuissent,
3290 1689 3480 1744 caeteri
3514 1704 3726 1745 omnes

2063 1791 2441 1845 surrexerunt
2493 1785 2551 1839 in
2602 1785 2826 1848 ordine,
2861 1780 3186 1836 secundum
3215 1779 3396 1834 verba
3454 1777 3726 1850 priorum

2063 1881 2383 1950 purgantes
2416 1891 2477 1928 se
2518 1874 2590 1927 ab
2623 1870 3029 1943 hujuscemodi
3079 1867 3434 1941 suspicione,
3470 1871 3734 1938 quatuor

2064 1964 2476 2020 tantummodo
2526 1961 2802 2032 exceptis,
2844 1957 3197 2029 Lingonensi
3247 1955 3490 2022 scilicet,
3523 1955 3734 2011 Niver-

316 2066 406 2118 ter
435 2075 659 2118 corona:
701 2061 1044 2115 resederunt
1089 2060 1328 2116 abbates
1376 2060 1484 2115 hoc
1531 2061 1768 2116 ordine:
1794 2060 1954 2114 dom-
1991 2094 2036 2157 Β
2071 2054 2259 2114 ucnsi,
2285 2049 2743 2114 Constantiensi,
2766 2045 3155 2112 Nannetensi;
3183 2061 3435 2118 quorum
3459 2059 3734 2100 causaeo

534 2146 590 2157 ..α
670 2151 679 2157 .
753 2147 766 2157 .
795 2147 808 2157 .
1075 2149 1108 2157 ..
1133 2149 1172 2157 κ
1283 2149 1294 2157 .
1345 2149 1377 2157 ..
1411 2149 1455 2157 -..
1529 2149 1538 2157 .
1814 2149 1827 2157 .
2085 2144 2121 2157 ιο
2235 2143 2248 2157 1
2294 2141 2330 2157 ιι
2452 2140 2513 2157 .-,
2590 2139 2604 2157 I
2637 2155 2704 2157 πμ
2743 2137 2935 2157 ,,_I:_A-
2987 2136 3265 2157 J:_--_-__
3287 2133 3588 2157 ---ΑΔ-ἔ,
3613 2149 3718 2157 ----

320 2166 436 2206 nus
465 2146 688 2204 scilicet
717 2147 898 2203 abbas
927 2149 1110 2204 sancti
1133 2149 1378 2220 Remigii
1411 2149 1765 2212 Herimarus,
1797 2149 1958 2203 dom-

324 2255 438 2294 nus
494 2237 660 2310 Hugo
725 2235 1143 2308 Cluniacensis,
1214 2238 1537 2309 Sigefridus
1609 2238 1963 2302 Gorziensis,

328 2326 495 2384 Folco
525 2325 875 2391 Corbiensis,
901 2323 1188 2382 Robertus
1230 2327 1606 2393 Prumiensis,
1645 2325 1964 2382 Rainoldus

327 2416 524 2474 Sancti
573 2415 852 2486 Medardi,
884 2415 1157 2472 Girvinus
1197 2417 1390 2472 Sancti
1444 2417 1964 2484 Richarii,Godl‘ri-

331 2508 442 2564 dus
472 2504 972 2573 Verzelliaceusis,
992 2504 1282 2559 Arnoldus
1317 2506 1716 2570 Pultariensis,
1762 2505 1970 2560 Rodul-

332 2597 426 2652 fus
449 2593 857 2663 Mosomensis,
881 2591 1166 2664 Oylardus
1195 2592 1654 2659 Catalaunensis,
1684 2594 1818 2650 Milo
1842 2595 1972 2648 Der-

332 2685 548 2751 vensis,
597 2682 945 2756 Norgaudus
990 2681 1430 2744 Altvillarensis.
1462 2684 1731 2738 Albertus
1777 2682 1972 2738 Sancti

337 2771 702 2838 Theoderici,
759 2769 1088 2842 Stephanus
1142 2770 1335 2825 Sancti
1396 2772 1632 2838 Urbani,
1695 2773 1973 2826 \Vlt‘ricus

339 2859 538 2918 Sancti
566 2856 873 2932 Augustini
905 2856 1356 2924 Cantuariensis,
1386 2858 1651 2914 Alwinus
1684 2861 1793 2930 (16)
1827 2861 1975 2914 Sau-

341 2950 417 3007 cti
456 2945 750 3004 Benedicti
797 2946 868 3002 de
923 2949 1074 3001 terra
1117 2947 1464 3018 Anglorum;
1526 2949 1733 3004 deinde
1791 2948 1979 3004 caeteri

345 3039 467 3112 qui,
500 3041 566 3094 ut
593 3035 865 3108 superius
909 3034 1157 3092 relatum
1204 3041 1312 3100 cst,
1362 3037 1538 3092 simul
1590 3037 1824 3092 fuerunt
1872 3055 1980 3092 nu-

348 3142 509 3184 mero
539 3124 656 3181 fere
693 3123 1136 3196 quinquaginta.
1169 3124 1392 3188 Quibus
1441 3126 1522 3180 ita
1571 3126 1982 3189 residentibus,

348 3216 632 3287 imperato
679 3211 930 3278 silentio,
963 3229 1030 3267 ex
1067 3220 1350 3284 praecepto
1399 3215 1598 3269 domui
1647 3233 1806 3286 papae
1855 3232 1984 3269 sur-

349 3304 496 3362 rexit
542 3302 746 3360 Petrus
797 3305 1010 3358 sancta
1043 3302 1316 3357 Romanis
1369 3302 1631 3358 Ecclesiae
1685 3305 1986 3358 diaconus.

353 3393 618 3466 expedito
649 3407 914 3448 sermone
957 3407 1287 3462 proponens
1331 3392 1401 3446 de
1433 3392 1646 3464 quibus
1697 3393 1753 3447 iu
1786 3393 1987 3448 eadem

2067 2144 2159 2200 die
2182 2143 2252 2196 ad
2277 2139 2712 2195 discutiendum
2742 2137 2963 2202 relicta,
2981 2136 3267 2190 diaconus
3287 2133 3590 2190 sermonis
3609 2149 3740 2188 cur-

2071 2249 2203 2289 sum
2235 2231 2305 2285 ad
2337 2231 2574 2284 abbates
2606 2227 2705 2298 qui
2739 2226 2981 2280 aderant
3009 2223 3201 2290 vertit,
3229 2239 3449 2294 eosque
3481 2239 3558 2277 ne
3586 2223 3734 2278 forte

2073 2326 2130 2377 et
2157 2321 2267 2392 ipsi
2293 2320 2348 2373 in
2373 2317 2519 2373 ovile
2543 2314 2913 2371 Dominicum
2937 2312 3194 2377 aliunde,
3219 2327 3336 2366 non
3359 2326 3462 2383 per
3484 2312 3734 2376 ostium,

2075 2408 2434 2471 introissent,
2459 2403 2718 2459 confiteri
2763 2401 3086 2457 admonuit.
3122 2399 3354 2456 Primus
3395 2400 3590 2455 sancti
3624 2399 3734 2455 Re-

2079 2496 2242 2568 migii
2273 2497 2455 2550 abbas
2483 2494 2816 2547 Heritnarus
2849 2480 3116 2556 surrexit,
3143 2505 3324 2560 seque
3352 2488 3426 2543 ab
3459 2487 3736 2559 hujusce-

2079 2584 2236 2640 modi
2266 2585 2437 2654 culpa
2467 2598 2722 2653 congrua
2761 2577 3138 2650 responsione
3183 2577 3492 2649 purgavit;
3523 2576 3740 2632 deinde

2081 2675 2333 2729 domnus
2358 2677 2520 2742 Ηυᾳο
2541 2668 2940 2725 Cluniacensis
2959 2667 3312 2721 subsecutus
3338 2665 3491 2720 hanc
3523 2681 3744 2737 purga-

2083 2763 2258 2818 tionis
2289 2779 2406 2815 sua:
2442 2759 2721 2814 rationem
2756 2754 3086 2820 subintulit,
3119 2755 3324 2810 dicens
3355 2771 3372 2809 :
3403 2754 3514 2808 Pro
3549 2752 3743 2825 adipi-

2085 2853 2298 2909 scendo
2343 2847 2587 2904 alihatire
2637 2847 2876 2911 honore,
2903 2845 3020 2899 Deo
3071 2846 3238 2910 teste,
3268 2841 3415 2896 nihil
3464 2841 3628 2908 dedi,
3659 2839 3750 2896 vel

2088 2941 2352 3016 promisi,
2377 2938 2530 3009 quod
2557 2936 2792 3008 quidem
2820 2950 2954 2989 caro
2976 2931 3176 2997 voluit,
3197 2931 3299 2987 sed
3325 2947 3495 2985 meus
3517 2935 3579 2984 et
3602 2929 3750 2986 ratio

2089 3029 2450 3104 repugnavit.
2477 3028 2610 3082 Post
2641 3025 2797 3079 hunc
2828 3039 2889 3078 se
2920 3021 3163 3093 quidam
3185 3035 3440 3092 congrue
3466 3032 3750 3074 excusare

2093 3121 2561 3175 studuerunt.....
2583 3113 2690 3169 Alii
2719 3128 2853 3167 vero
2877 3109 3022 3166 nihil
3046 3107 3490 3180 respondentes,
3514 3112 3750 3162 reatum

2095 3225 2268 3264 suum
2300 3203 2561 3261 occulere
2592 3219 2767 3273 quam
2821 3198 3143 3272 patefacere
3191 3195 3549 3252 maluerunt.
3587 3196 3752 3251 Tunc

2097 3294 2480 3368 Lingonensis
2500 3292 2808 3363 episcopus
2833 3302 3294 3360 surgens,supcr
3321 3285 3533 3340 abbate
3557 3283 3755 3339 Pulta-

2097 3385 2273 3441 rieusi
2293 3383 2615 3438 dimcesano
2634 3397 2738 3434 suo
2759 3377 3078 3450 plurimum
3099 3380 3186 3430 est
3203 3371 3755 3446 conquestus,quod

347 3461 566 3555 synodo
594 3497 784 3538 sermo
815 3461 973 3536 esset
1015 3461 1339 3536 habendus.
1373 3461 1467 3537 De.
1502 3481 1700 3537 multis
1728 3481 1989 3536 videlicet
2020 3461 2062 3526 C
2097 3473 2363 3528 videlicet
2393 3471 2450 3524 in
2484 3471 2659 3524 fetore
2691 3465 2928 3523 luxuriae
2959 3465 3176 3530 vivens,
3210 3462 3479 3555 pluribus
3511 3461 3759 3555 ﬂagitiis

348 3570 570 3627 illicitis
599 3586 728 3640 qua:
766 3573 969 3624 contra
996 3584 1284 3624 canonum
1332 3570 1599 3625 instituta
1647 3571 1705 3624 in
1758 3569 1992 3626 Gallicis

351 3657 571 3713 ﬁnibus
597 3657 1032 3717 exercebantur.
1064 3657 1121 3711 id
1155 3661 1260 3723 est,
1295 3659 1364 3714 de
1395 3658 1726 3714 Simoniaca
1765 3643 1989 3722 haeresi,

353 3746 425 3802 de
482 3743 824 3800 ministeriis
873 3743 1278 3802 ecclesiasticis
1334 3753 1389 3802 ct
1443 3746 1726 3802 altaribus
1785 3764 1911 3818 quae
1961 3764 1995 3802 a

351 3833 517 3890 laicis
556 3833 924 3900 tenebantur,
955 3835 1025 3890 de
1073 3834 1262 3906 pravis
1313 3835 1838 3892 consuetudinibus
1867 3853 1994 3906 qua:

353 3923 426 3979 ab
454 3921 628 3979 eisin
677 3920 840 3978 atriis
883 3922 1258 3980 ecclesiarum
1309 3923 1761 3995 accipiebantur,
1793 3925 1864 3979 de
1907 3924 1996 3978 in-

355 4011 530 4068 cestis
559 4011 868 4084 conjugiis,
899 4016 956 4068 et
997 4012 1082 4068 eis
1123 4012 1246 4084 qui,
1280 4011 1574 4084 legitimas
1607 4011 1998 4084 relinquentes

355 4117 584 4167 uxores,
610 4099 954 4158 adulterinis
985 4101 1199 4157 iterum
1248 4101 1473 4172 nuptiis
1523 4101 1996 4172 implicabantur,

357 4189 427 4245 de
456 4188 759 4246 monachis
804 4193 861 4246 et
905 4189 1132 4245 clericis
1163 4205 1197 4244 ει
1226 4196 1426 4244 sancto
1457 4191 1750 4262 proposito
1797 4195 1852 4246 et
1899 4191 2000 4245 ha-

357 4278 482 4334 bitu
515 4277 936 4346 recedentibus,
960 4277 1100 4332 item
1123 4277 1194 4332 de
1214 4276 1437 4334 clericis
1466 4278 1746 4334 mundiali
1781 4279 2000 4334 militia:

359 4366 766 4434 studentibus,
823 4365 896 4421 de
968 4363 1191 4436 rapinis
1267 4382 1707 4438 pauperumque
1765 4367 2002 4439 injustis

359 4453 748 4526 captionibus,
772 4453 846 4510 de
870 4453 1225 4510 Sodomitico
1245 4455 1404 4524 vitio,
1429 4461 1485 4512 et
1518 4456 1868 4527 quibusdam
1896 4456 2008 4510 hae-

361 4542 588 4600 resibus
619 4559 746 4616 quis
773 4541 834 4598 in
862 4542 1084 4599 eisdem
1113 4543 1541 4616 pullulaverant
1569 4545 1851 4615 partibus.
1877 4543 2007 4606 Qui-

362 4632 474 4687 bus
496 4630 830 4704 propositis,
851 4631 1159 4688 admonuit
1179 4649 1380 4688 omnes
1407 4633 1506 4705 qui
1529 4635 1769 4688 aderant
1789 4636 1853 4686 ut
1872 4632 2006 4688 inde

365 4734 563 4776 secum
593 4719 867 4792 prudenti
900 4718 1318 4777 deliberatione
1351 4726 1666 4778 tractarent
1697 4720 2006 4776 consilium

2098 3561 2477 3623 inserviehat;
2511 3558 2677 3612 beato
2711 3571 2942 3626 quoque
2993 3557 3184 3618 Petro,
3217 3553 3482 3622 ejusque,
3510 3550 3758 3616 vicario,

2101 3653 2371 3708 Romanis
2385 3647 2604 3702 scilicet
2620 3643 2886 3699 Ecclesia:
2905 3639 3183 3714 pontifici,
3200 3641 3372 3710 cujus
3395 3638 3644 3694 abbatia
3663 3637 3764 3693 illa

2101 3744 2244 3802 erat,
2266 3737 2528 3792 debitum
2560 3749 2799 3788 censum
2839 3729 3155 3803 quotannis
3203 3727 3531 3800 persolvere
3565 3728 3762 3784 detre-

2103 3832 2384 3892 ctaverat;
2409 3831 2466 3880 et
2489 3823 2622 3879 inde
2648 3819 3189 3877 excommunicatus
3210 3816 3527 3872 missarum
3565 3832 3766 3871 sacra-

2106 3922 2302 3973 menta
2327 3915 2616 3969 celebrare
2647 3911 3120 3984 praesumpserat,
3144 3903 3766 3960 excommunicationi-

2107 4023 2219 4078 que
2250 4003 2438 4058 adhuc
2469 4001 2781 4070 subjacens
2809 3997 2998 4052 eidem
3047 3994 3266 4066 synodo
3318 3993 3624 4048 intererat.
3657 3990 3768 4058 Qui

2109 4095 2434 4158 discussus,
2460 4105 2562 4144 nec
2587 4089 2660 4143 ab
2691 4085 2934 4157 objectis
2963 4100 3026 4138 se
3051 4081 3251 4138 valens
3281 4095 3627 4152 expugnare
3655 4079 3764 4134 cri-

2111 4183 2389 4246 minibus,
2414 4180 2484 4234 ab
2509 4176 2744 4232 honoris
2769 4173 2856 4230 sui
2883 4177 2970 4228 est
2993 4171 3278 4243 dignitate
3298 4167 3633 4240 depositus.
3668 4167 3766 4223 His

2110 4272 2191 4327 ita
2207 4271 2368 4325 difiiu
2380 4265 2691 4331 itis,edictu
2704 4281 2755 4318 m
2776 4267 2865 4318 est
2880 4261 2989 4316 sub
3009 4259 3378 4314 anathemate
3395 4256 3768 4312 auctoritatis

2112 4357 2440 4432 apostolicae
2464 4357 2594 4410 utsi
2620 4353 2753 4424 quis
2779 4347 3162 4406 assidentium
3183 4344 3518 4418 quempiam
3547 4345 3780 4432 univer-

2114 4430 2254 4503 salis
2277 4443 2545 4502 Ecclesiae
2567 4443 2873 4515 primatem
2908 4441 3114 4510 praeter
3144 4435 3420 4490 Romane
3447 4433 3613 4488 sedis
3638 4430 3782 4488 anti-

2116 4537 2312 4592 stitem
2344 4551 2472 4589 esse
2505 4533 2808 4592 assereret,
2841 4527 3061 4583 ibidem
3107 4522 3340 4596 publica
3372 4520 3780 4578 satisfactione

2116 4624 2483 4698 patefaceret.
2525 4623 2785 4690 Cumque
2836 4616 2908 4672 ad
2958 4615 3079 4670 haec
3132 4610 3388 4668 universi
3439 4609 3782 4698 reﬁcerent,

2115 4697 2280 4769 lectis
2312 4709 2614 4767 sententiis
2655 4723 2832 4778 super
2860 4705 2971 4760 hac
3001 4719 3064 4758 re
3096 4700 3234 4762 olim
3281 4697 3682 4772 promulgatis
3712 4697 3779 4752 ab

365 4823 493 4878 quae
523 4785 658 4863 cuin
689 4811 1016 4878 opportuno
1048 4809 1337 4881 adjutorio
1367 4812 1581 4865 domno
1613 4827 1773 4880 papae
1801 4811 2010 4881 prabe-
2043 4824 2086 4890 Β
2119 4799 2462 4890 orthodoxis
2482 4797 2778 4890 Patribus,
2801 4791 3167 4890 declaratum
3183 4793 3274 4890 est
3293 4786 3452 4890 quod
3475 4785 3647 4886 solus
3671 4785 3782 4890 Ro:

367 4899 516 4963 rent,
541 4894 834 4966 quomodo
862 4894 985 4951 haec
1031 4897 1252 4954 zizania
1290 4897 1498 4954 divinae
1549 4897 1763 4970 segetis
1809 4914 2008 4954 semen

369 4981 716 5038 suﬁ'ocantia
741 4981 1042 5056 exstirpari
1073 4985 1352 5042 valerent.
1379 4985 1511 5040 Post
1541 4985 1662 5040 haec
1693 4986 1763 5041 ad
1795 4986 2012 5058 episco-

369 5086 478 5142 pos
506 5083 780 5126 couverso
799 5073 1458 5142 sermone,commonuit
1487 5072 1616 5130 illos
1638 5075 1747 5130 sub
1771 5073 2010 5130 anathe-

372 5159 534 5212 mate
571 5157 895 5229 apostolica
926 5159 1290 5216 auctoritatis
1323 5165 1383 5214 ut
1416 5159 1463 5213 si
1495 5161 1627 5232 quis
1681 5179 1880 5217 eorum
1914 5180 2015 5233 per

371 5242 758 5303 simoniacam
781 5247 1046 5304 haeresim
1071 5249 1140 5304 ad
1165 5262 1361 5303 sacros
1382 5247 1614 5304 ordines
1637 5250 2011 5321 pervenisset,

373 5335 462 5389 vel
479 5333 714 5406 praemio
725 5337 1050 5410 quemlibet
1064 5336 1134 5391 ad
1147 5335 1412 5390 eamdem
1427 5335 1768 5407 dignitatem
1790 5355 2018 5410 promo-

446 5436 560 5521 (M)
594 5439 802 5498 Mirum
829 5443 925 5521 est
949 5437 1430 5521 Sammarthanos
1458 5438 1616 5521 hunc
1648 5442 1924 5521 Pudicum
1961 5445 2016 5521 in

375 5510 780 5584 episcoporum
829 5511 1288 5584 Nannetensium
1321 5510 1581 5580 catalogo
1629 5515 1914 5580 omisisse,
1949 5517 2020 5568 de

379 5580 492 5656 quo
524 5580 718 5650 tamen
750 5585 960 5656 praeter
989 5580 1329 5656 Anselrnum
1362 5585 1760 5656 nostrumalii
1791 5602 2020 5656 quoque

378 5651 929 5724 scripserunt—Vide
958 5666 1086 5724 quis
1116 5651 1186 5706 de
1213 5651 1311 5724 illo
1341 5669 1408 5708 ex
1439 5653 1718 5709 (lhronico
1767 5651 2022 5710 ecclesia:

379 5719 769 5777 Nan'netensis
803 5719 987 5774 retcrt
1020 5719 1218 5778 Petrus
1265 5723 1494 5778 Lebaud
1531 5726 1585 5780 in
1622 5726 1871 5780 Historia
1902 5726 2021 5780 Bri-

383 5793 890 5866 t_au_uia3,‘cap._22,
926 5789 1023 5866 ubi
1047 5807 1193 5866 eum
1234 5794 1514 5850 Gualterii
1545 5797 1798 5866 episcOpi
1838 5795 2021 5851 (ilium

384 5860 544 5914 dicit.
577 5858 732 5914 Idem
766 5859 1016 5913 habetur
1045 5859 1212 5930 intra,
1247 5881 1409 5919 num.
1451 5866 1534 5920 16.

2121 4907 2302 4946 Π]αηίῐὲ
2345 4887 2500 4943 sedis
2549 4883 2806 4958 pontifex
2855 4877 3203 4937 universalis
3235 4875 3506 4932 Ecclesia:
3558 4874 3781 4946 primas

2123 4982 2276 5035 esset
2303 4981 2359 5032 et
2387 4971 2911 5048 apostolicus.Post
2930 4969 3050 5024 haec
3073 4967 3324 5022 domnus
3355 4979 3509 5035 papa
3541 4963 3658 5018 sub
3690 4979 3780 5016 ex-

2121 5063 2649 5124 communicatione
2691 5058 2994 5132 prohibuit
3022 5072 3095 5112 ne
3125 5053 3259 5126 quis
3307 5051 3534 5122 absque
3583 5050 3680 5106 sui
3713 5049 3781 5103 li-

2123 5157 2314 5212 centia
2345 5153 2633 5208 recederet
2663 5153 2975 5219 antequam
3002 5143 3176 5200 tertia
3206 5141 3305 5196 lux
3335 5153 3778 5194 consummare-

2124 5251 2220 5301 tur
2251 5245 2309 5299 in
2341 5240 2725 5298 celebratione
2751 5233 3008 5305 concilii;
3044 5231 3245 5304 sicque
3267 5230 3396 5302 jam
3445 5233 3616 5283 nocte
3653 5242 3778 5299 pro-

2125 5335 2444 5407 pinquante
2475 5331 2826 5384 conventum
2857 5321 3099 5379 dimisit.

2197 5441 2308 5509 (15)
2343 5437 2580 5490 nuduco
2628 5429 2854 5509 scilicet
2898 5429 3209 5509 episcopus
3238 5422 3574 5486 Wellensis,
3609 5425 3679 5476 ut
3727 5420 3780 5473 in

2128 5501 2632 5567 observationibus
2664 5502 2892 5567 praeviis
2923 5501 2993 5555 ad
3005 5501 3357 5554 notavimus.

2200 5561 2319 5652 (liti)
2341 5561 2612 5634 alvvinus
2633 5561 2814 5652 abbas
2835 5567 3231 5652 Ramcsiensis
3259 5568 3322 5621 in
3345 5561 3786 5652 agro‘lli‘iptidp-

2130 5633 2494 5720 ne\nsri',cujus
2513 5646 2756 5720 (εφηοῇἰί
2779 5642 3082 5720 ecclesiam
3106 5640 3163 5694 in
3186 5633 3466 5720 honorem
3489 5635 3555 5690 B.
3572 5633 3781 5720 Maria:

2131 5706 2922 5788 omniumUSSNirginumet
2957 5717 3018 5767 8.-
3040 5709 3328 5788 Benedicti
3363 5706 3786 5788 cpusecrarupt

2131 5775 2561 5848 Sivﬁunstauus
2615 5775 3576 5858 archiepiscopusuQantuariensis
3624 5781 3684 5830 et
3727 5775 3778 5828 S.

2134 5861 2446 5919 Oswaldus
2479 5853 2876 5921 Eboracensis,
2903 5853 3057 5912 anno
3085 5853 3209 5908 974.
