3940 6546
250 740 400 802 H33

637 873 960 932 SECUNDA
1000 875 1158 934 DIES
1199 877 1480 934 SYNODI.

322 965 406 1020 15.
437 963 717 1036 Sequenti
749 970 942 1021 autem
961 966 1054 1021 die
1076 967 1142 1020 ad
1180 974 1556 1023 memoratam
1591 968 1896 1024 basilicam

253 1070 386 1108 cum
420 1053 732 1110 abbatibus
772 1059 829 1110 et
859 1053 1012 1110 clero
1058 1056 1534 1112 convenientibus
1583 1059 1892 1130 episcOpis,

253 1142 502 1197 domnus
554 1159 705 1214 papa
749 1159 883 1198 cum
936 1145 1286 1216 quibusdam
1331 1163 1530 1201 eorum
1569 1147 1810 1201 secessit
1843 1148 1898 1201 in

253 1231 570 1286 oratorium
601 1235 812 1286 sanctae
845 1231 1168 1300 Trinitatis,
1203 1233 1298 1288 ubi
1334 1235 1474 1290 dum
1499 1252 1630 1290 cum
1669 1253 1734 1290 eo
1766 1254 1900 1291 eou-

251 1319 522 1375 fessionis
539 1337 655 1376 suze
671 1321 958 1392 privatum
977 1321 1329 1393 colloquium
1347 1323 1560 1378 Remcn
1572 1325 1653 1380 sis
1668 1325 1902 1379 habuis-

259 1413 344 1464 set
395 1408 894 1482 archiepiscopus,
923 1416 978 1465 et
1035 1412 1105 1466 de
1160 1411 1558 1467 ecclesiasticae
1610 1413 1902 1485 religionis

257 1497 520 1569 profectu
553 1502 863 1554 tractatum
897 1503 1051 1554 esset
1082 1500 1322 1562 diutius,
1349 1518 1414 1555 eo
1445 1503 1646 1556 ordine
1704 1519 1818 1573 quo
1849 1507 1905 1558 ct

253 1590 554 1642 transacta
583 1585 678 1642 die
725 1587 1076 1659 apostolicus
1121 1589 1255 1644 inde
1305 1591 1603 1660 processit,
1639 1591 1906 1662 dictaque

254 1675 596 1747 antiphona,
633 1681 690 1731 et
721 1675 922 1730 lilania
956 1678 1101 1732 f'acla
1143 1695 1177 1732 a
1213 1679 1549 1734 Trevirense
1602 1680 1908 1749 archipres-

253 1762 401 1832 sule,
436 1763 807 1837 evangelium
843 1766 1028 1821 Omnis
1065 1767 1228 1821 arbor
1259 1768 1392 1822 bona
1425 1768 1716 1823 Diaconus
1746 1769 1900 1841 legit.

252 1850 561 1908 Universis
592 1852 800 1908 deinde
831 1870 937 1909 suo
970 1855 1095 1909 loco
1127 1856 1903 1922 residentidus,Remensem

253 1940 768 2014 archiepiscopum
798 1947 862 1998 ut
893 1943 962 1999 de
992 1943 1325 2000 Simoniaca
1355 1945 1665 2011 haeresi,de
1689 1945 1910 2018 quahe-

252 2032 482 2086 sternas
547 2031 880 2087 obtinuerat
935 2031 1222 2097 inducias,
1281 2033 1562 2090 rationem
1619 2035 1905 2098 redderet,

251 2117 536 2190 praefatus
592 2119 897 2174 admonuit
951 2121 1352 2188 cancellarius,
1384 2124 1672 2194 impetens
1731 2123 1906 2176 etiam

1233 742 1436 806 HIST.
1485 744 1738 807 DEDIC.
1787 743 2180 807 ECCLESl/E
2227 747 2292 808 S.
2342 743 2665 810 REMIGIi.

3493 746 3648 810 1434

1921 881 1973 947 Α
2004 877 2108 942 Qui
2141 877 2339 936 statim
2370 895 2437 936 ex
2463 880 2810 937 auctoritate
2840 879 3158 954 apostolica
3187 881 3422 938 vocatus
3462 885 3550 938 est
3578 881 3649 940 ad

2007 968 2343 1036 concilium,
2380 969 2555 1041 quod,
2585 975 2649 1024 ut
2697 971 3003 1042 praefatum
3060 975 3167 1038 est,
3205 971 3397 1028 medio
3452 989 3652 1028 mense

2007 1057 2189 1129 Aprili
2225 1058 2416 1112 Roma
2435 1062 2558 1112 erat
2575 1058 3008 1127 celebrandum,
3031 1061 3186 1115 utibi
3219 1061 3462 1118 rationis
3476 1060 3655 1133 hujus

2011 1145 2287 1215 agitaretu
2301 1163 2324 1198 r
2345 1145 2657 1216 judicium.
2681 1146 2813 1202 Post
2838 1147 2956 1202 haec
2984 1152 3342 1203 memoratus
3375 1148 3654 1204 diaconus

2012 1235 2068 1288 in
2103 1234 2436 1306 episcopum
2472 1235 2897 1306 Lingonensem
2931 1235 3512 1308 invehitur,eumque
3543 1236 3658 1310 epi-

2013 1322 2302 1394 scopalem
2337 1323 2674 1397 dignitatem
2711 1341 2812 1396 per
2840 1325 3228 1380 Simoniacam
3263 1325 3527 1381 haeresim
3562 1327 3658 1381 ob-

2014 1411 2281 1475 tinuisse,
2315 1428 2510 1467 sacros
2571 1412 2802 1467 ordines
2862 1412 3210 1478 vendidisse,
3243 1411 3451 1469 bellica
3493 1429 3656 1469 arma

2013 1505 2212 1554 contra
2247 1501 2332 1554 fas
2365 1501 2596 1556 ferendo
2623 1501 2937 1556 homicidia
2950 1505 3332 1573 perpetrasse,
3349 1500 3656 1557 alienima-

2014 1588 2425 1660 trimoniijura
2457 1589 2723 1656 violasse,
2760 1591 2817 1644 in
2850 1590 3088 1646 clericos
3119 1607 3255 1645 suos
3285 1590 3650 1662 tyrannidem

2014 1677 2728 1744 exercuisse,Sod0mitico
2758 1679 2933 1734 etiam
2966 1678 3180 1752 ﬂagitio
3212 1678 3496 1750 pollutum
3528 1694 3654 1734 esse

2015 1765 2617 1830 criminatur.Quibus
2637 1768 2826 1822 verbis
2857 1767 3032 1822 ﬁdem
3067 1765 3647 1839 praabebantplurimi

2015 1853 2300 1909 delatores
2333 1855 2429 1926 qui
2464 1855 2724 1922 aderant,
2759 1855 2909 1910 inter
2939 1873 3088 1927 quos
3127 1855 3367 1928 quidam
3415 1851 3658 1912 clericus

2016 1943 2270 1998 asseruit
2300 1943 2454 2014 quod
2486 1943 2596 1998 sibi
2630 1943 2818 1998 adhuc
2848 1943 2993 1999 laico
3015 1944 3320 2016 conjugem
3355 1958 3523 1999 suam
3546 1942 3661 1998 vio-

2017 2030 2200 2086 lenter
2229 2030 2642 2097 abstulerat,et
2671 2036 2802 2104 post
2833 2035 3224 2104 perpetratum
3243 2047 3376 2087 cum
3409 2045 3478 2086 ea
3501 2029 3661 2086 adul-

2017 2119 2228 2174 terium
2259 2119 2605 2174 monacham
2641 2120 2868 2175 fecerat.
2902 2121 2982 2174 Ad
2996 2119 3101 2174 [‘uit
3126 2123 3181 2174 et
3210 2119 3511 2192 presbyter
3531 2118 3659 2192 qui-

251 2217 384 2262 eum
419 2209 492 2264 de
523 2207 727 2263 multis
759 2226 884 2280 qua:
917 2225 998 2274 se,
1033 2211 1188 2266 fama
1230 2211 1520 2284 vulgante,
1555 2213 1909 2282 comperisse
1939 2244 1990 2309 Β
2019 2208 2154 2262 dam
2187 2225 2248 2262 se
2279 2208 2350 2263 ab
2383 2208 2584 2262 eodem
2618 2207 2887 2280 episcopo
2921 2223 3281 2280 conquerens
3303 2211 3560 2280 captum,
3604 2209 3664 2262 et

251 2298 559 2352 asserebat
585 2296 952 2352 criminibus.
981 2299 1064 2353 Ad
1109 2299 1230 2354 haec
1279 2299 1749 2372 archiepiscOpus
1781 2317 1908 2355 sur-

256 2398 421 2456 gens,
450 2389 518 2440 ut
535 2384 650 2441 sibi
679 2383 1021 2441 consiliandi
1048 2387 1288 2442 facultas
1320 2390 1729 2444 concederetur
1750 2405 1912 2460 expc-

263 2471 374 2526 tiit.
419 2475 548 2539 Qua
579 2473 908 2544 impetrata,
941 2474 1484 2543 Vesontionensem,
1530 2477 1914 2533 Suessioncn-

258 2562 921 2634 sem,Andcgavensem.
943 2564 1377 2632 Nivernenscm,
1402 2565 1914 2632 Silvanectensem,

263 2646 665 2706 Morinensem
697 2651 998 2722 episcopos
1027 2669 1370 2719 convocans,
1406 2671 1536 2708 cum
1565 2655 1649 2710 eis
1709 2661 1917 2727 myste-

263 2735 415 2792 rium
443 2737 658 2794 habuit
687 2739 911 2794 consilii
947 2739 1036 2795 sui
1065 2758 1078 2806 ;
1103 2741 1354 2814 indeque
1387 2760 1670 2807 reversus,
1703 2748 1766 2798 ut
1788 2761 1918 2798 cau-

255 2837 381 2881 sam
415 2825 1072 2884 suam-Silvanectensis
1098 2835 1412 2900 peroraret,
1447 2850 1480 2886 a
1511 2833 1722 2888 domno
1767 2849 1920 2904 papa

261 2913 540 2972 obtinuit.
577 2915 836 2987 Surgens
867 2916 1060 2972 autem
1095 2917 1274 2988 episct
1292 2937 1402 2990 pus
1447 2919 1914 2987 Silvanecteusis,

266 3004 546 3058 eumdem
579 3003 1082 3074 archiepiscopum
1117 3007 1414 3078 respondit
1446 3025 1558 3063 non
1582 3025 1708 3063 esse
1755 3025 1919 3064 reum

265 3089 622 3147 Si-moniacae
650 3090 908 3148 haeresis.
942 3093 1044 3148 His
1065 3094 1299 3157 auditis,
1333 3097 1688 3168 apostolicus
1713 3113 1919 3168 praece-

263 3177 351 3249 pit
383 3183 450 3234 ut
480 3177 706 3237 hacita
727 3196 854 3235 esse
873 3187 1236 3236 sacramento
1251 3185 1519 3254 probaret
1537 3184 1922 3257 archiepisco-

263 3281 393 3336 pus,
421 3267 724 3326 mandans
755 3267 927 3322 etiam
961 3269 1188 3324 recitari
1219 3273 1562 3327 sententiam
1597 3289 1714 3344 qua
1745 3273 1924 3328 Maxi-

262 3369 431 3412 mum
466 3354 882 3412 Saloni-tamur:
917 3357 1274 3431 episcopum,
1308 3378 1374 3416 ex
1405 3361 1581 3416 simili
1613 3361 1784 3433 culpa
1822 3379 1924 3416 no-

264 3442 632 3517 tatum,pari
665 3445 836 3500 modo
869 3461 928 3500 se
964 3446 1095 3500 inde
1126 3465 1374 3520 purgare
1404 3451 1609 3506 beatus
1639 3467 1928 3522 papasan—

263 3529 346 3586 xit
379 3531 732 3606 Gregorius.
765 3531 953 3588 Atille
985 3535 1292 3590 canonicas
1334 3537 1600 3592 inducias
1657 3538 1791 3593 inde
1821 3557 1921 3610 po-

2020 2295 2338 2352 satellitnm
2361 2297 2486 2368 ejus
2521 2296 2700 2352 fuisse
2720 2296 2990 2368 potestati
3025 2296 3328 2362 traditum,
3361 2294 3481 2368 qui,
3529 2311 3662 2351 eum

2021 2385 2221 2440 multis
2253 2385 2556 2456 suppliciis
2589 2385 3010 2451 excruciantes,
3035 2385 3188 2456 quod
3221 2383 3522 2440 scelestius
3553 2388 3662 2452 est,

2023 2473 2199 2529 clavis
2229 2472 2586 2528 acutissimis
2615 2472 2890 2544 genitalia
2911 2472 3038 2544 ejus
3059 2474 3432 2542 conﬁxerant,
3451 2471 3666 2544 talique

2022 2561 2295 2617 violentia
2311 2563 2381 2618 ab
2401 2579 2464 2617 eo
2491 2561 2688 2616 decem
2712 2561 2890 2617 libras
2903 2563 3272 2617 denariorum
3285 2565 3662 2620 extorserant.

2025 2650 2125 2706 His
2155 2650 2390 2716 auditis,
2425 2651 2733 2722 episcopus
2764 2649 3107 2705 consiliandi
3156 2649 3448 2705 licentiam
3501 2649 3662 2723 petit.

2027 2739 2150 2803 Qua
2181 2739 2512 2810 impetrata,
2540 2739 3006 2810 archiepiscopos
3055 2737 3572 2793 Vesontionensem
3612 2742 3669 2794 et

2029 2829 2190 2900 Lugd
2201 2845 2276 2882 un
2285 2844 2481 2883 ensem
2497 2828 2760 2899 accersit,
2776 2828 2974 2900 eisque
2987 2828 3227 2883 credens
3241 2843 3517 2883 arcanum
3531 2843 3666 2882 con-

2028 2916 2138 2972 silii
2173 2916 2283 2983 sui,
2319 2917 2461 2988 petit
2497 2922 2558 2970 ut
2589 2917 2698 2972 sibi
2726 2917 2846 2971 sint
2877 2917 3156 2972 causidici
3191 2935 3204 2972 :
3239 2917 3339 2971 sed
3381 2914 3502 2988 qui,
3535 2931 3668 2970 cum

2027 3005 2207 3060 tantis
2241 3003 2475 3077 ﬂagitiis
2509 3003 2651 3058 foret
2678 3002 2998 3076 implicitus
3017 3005 3074 3060 in
3091 3003 3276 3060 oculis
3297 3001 3535 3060 alterius
3554 3019 3673 3058 ma-

2029 3094 2118 3166 gis
2152 3109 2331 3164 quam
2363 3093 2422 3146 in
2473 3091 2597 3148 suis
2629 3093 2850 3148 trabem
2883 3092 3085 3147 videns
3115 3092 3352 3147 fratrem
3402 3091 3670 3164 quamvis

2030 3179 2375 3252 culpabilem
2411 3179 2468 3234 in
2503 3179 2772 3235 hesterna
2821 3181 3038 3252 synodo
3069 3180 3414 3235 criminatus
3461 3180 3668 3246 fuerat,

2030 3271 2273 3342 ejusque
2295 3271 2364 3324 ad
2397 3267 2826 3323 damnationem
2853 3273 2904 3321 et
2937 3270 3060 3340 ipse
3075 3268 3280 3323 merito
3303 3267 3672 3323 damnandus

2033 3359 2406 3431 aspiraverat,
2423 3375 2535 3413 non
2550 3357 2738 3412 solum
2757 3375 2818 3412 se
2833 3359 2906 3412 ab
2921 3357 3162 3428 objectis
3186 3374 3334 3429 nequ
3345 3357 3673 3412 itexcusare

2033 3447 2400 3514 criminibus,
2434 3445 2533 3502 sed
2561 3447 2734 3501 etiam
2769 3447 2896 3516 ejus
2927 3445 3240 3513 causidico,
3275 3462 3344 3499 ne
3374 3443 3550 3500 adsui
3582 3444 3675 3500 de-

2036 3536 2354 3592 fensionem
2373 3535 2694 3607 quidquam
2722 3535 2972 3606 proferre
2996 3534 3200 3600 valeat,
3222 3533 3431 3607 lingua:
3455 3547 3674 3588 munus

265 3619 533 3691 stnlavit,
571 3637 757 3694 seque
789 3628 920 3693 post
947 3640 1147 3678 earum
1181 3623 1564 3698 expletionem
1596 3628 1748 3698 quod
1779 3607 1926 3683 ratio
1956 3607 1998 3673 C
2034 3620 3676 3694 [aL,motusladimiturdivinitus.Vesontionensisquippe

267 3709 652 3782 purgationis
675 3716 936 3782 posceret
970 3717 1342 3784 peractorum
1360 3715 1692 3786 spepondit,
1711 3715 1928 3788 quibus

262 3795 312 3850 ei
347 3798 683 3865 concessis,
719 3801 1002 3854 statutum
1035 3805 1123 3854 est
1155 3805 1217 3856 ut
1274 3803 1464 3856 medio
1511 3802 1690 3874 Aprili
1728 3821 1928 3860 mense

262 3884 516 3944 concilio
539 3885 662 3958 (17)
685 3888 838 3958 quod
875 3887 1068 3942 Roma
1100 3889 1509 3946 celebrandum
1543 3896 1668 3947 erat
1694 3892 1930 3948 interes-

2036 3715 2364 3786 episcopus,
2393 3713 2532 3767 dum
2558 3715 2894 3784 susceptum
2916 3713 3044 3783 ejus
3068 3711 3355 3785 negotium
3387 3726 3673 3784 perorare,

2037 3806 2093 3858 et
2125 3803 2194 3858 ad
2225 3800 2652 3856 excusationem
2693 3799 2990 3856 criminosi
3041 3800 3362 3874 incongrua
3410 3799 3677 3872 quaedam

1996 3887 2002 3892 ’
2038 3891 2370 3948 decerneret
2384 3905 2720 3962 proponere,
2736 3889 3032 3960 insperato
3045 3888 3152 3945 sibi
3169 3889 3512 3961 suffragium
3525 3887 3678 3944 vocis

261 3978 368 4030 set.
403 3979 638 4032 Caetera
655 3989 791 4031 vero
833 3993 958 4047 quae
985 3976 1036 4032 ei
1081 3978 1306 4048 objecta
1335 3984 1493 4044 sunt,
1517 3980 1655 4052 quia
1684 3981 1932 4053 legitimi

263 4063 640 4120 accusatoris
687 4061 1036 4120 videbantur
1063 4063 1350 4122 delatione
1381 4083 1598 4135 carere,
1631 4069 1928 4124 decretum

261 4155 351 4206 est
382 4152 462 4208 ad
488 4161 760 4226 praesens
791 4151 1124 4208 indiscussa
1151 4169 1468 4210 remanere.
1493 4155 1588 4211 Sic
1621 4154 1801 4229 igitur
1829 4157 1937 4212 hu-

256 4239 532 4308 jusmodi
569 4238 828 4296 difﬂnito
866 4241 1118 4313 negotio,
1151 4259 1326 4313 super
1375 4244 1610 4300 abbatia
1657 4245 1933 4302 Dervensi

263 4327 530 4386 domnus
545 4345 706 4403 papa
718 4335 1074 4403 conquestus
1089 4336 1194 4399 est,
1211 4331 1349 4402 quia
1359 4332 1562 4388 Tullen
1572 4335 1616 4388 si
1637 4334 1936 4390 subtracta

265 4416 461 4474 fuerat
493 4418 825 4492 episcopio,
861 4423 918 4474 et
947 4419 1096 4474 hanc
1123 4419 1310 4492 ipsius
1341 4420 1597 4477 ecclesia:
1647 4423 1934 4494 pertinere

260 4507 716 4577 possessionem
749 4522 852 4579 per
882 4506 1315 4580 privilegiorum
1365 4525 1491 4581 quae
1522 4510 1654 4566 inde
1685 4511 1936 4566 habebat

261 4593 707 4652 demonstravit
738 4595 1133 4652 recitationem
1171 4612 1184 4650 :
1220 4613 1250 4652 e
1283 4603 1486 4652 contra
1516 4598 1818 4656 Remensis
1849 4617 1935 4654 ar-

259 4679 693 4758 chiepiscopus
725 4683 1020 4739 abh-atiam
1055 4683 1215 4740 illam
1245 4686 1548 4758 respondit
1568 4686 1658 4742 sui
1663 4686 1818 4760 juris
1831 4705 1934 4760 po-

257 4769 378 4827 tius
413 4787 576 4839 esse,
615 4774 678 4827 et
706 4771 815 4827 hoc
845 4763 1278 4844 antiquioribus
1310 4773 1626 4848 privilegiis
1675 4776 1932 4832 ecclesia:
2043 4794 2201 4833 nunc
2231 4779 2422 4832 autem
2455 4773 2813 4841 vlrum,licet
2843 4771 3180 4840 ﬁdelem,ne
3211 4769 3555 4827 sceleratum
3587 4769 3684 4825 de-

259 4869 380 4916 θυαε
407 4877 479 4918 se
497 4859 817 4918 testiﬁcari
847 4860 1055 4917 valere.
1073 4859 1226 4935 Papa
1252 4878 1406 4930 vero,
1431 4863 1636 4936 quiain
1664 4865 1933 4936 praesenti
2043 4853 2330 4921 tendendo
2362 4863 2870 4936 delinqueret,usu
2903 4861 3176 4934 loquendi
3201 4859 3464 4932 privavit.
3498 4859 3570 4914 Et
3597 4873 3683 4914 re-

255 4960 372 5035 n‘on
392 4953 572 5006 erant
605 4947 817 5006 eadem
848 4949 1064 5021 scripta
1086 4967 1153 5005 ex
1175 4964 1426 5022 quorum
1455 4949 1699 5008 lectione
1719 4951 1933 5009 valeret
1963 4969 2010 5035 ι)
2042 4971 2176 5010 vera
2206 4952 2412 5008 divinae
2445 4951 2824 5008 sublimitatis
2855 4946 3462 5022 incomprehensibilis
3497 4947 3684 5004 virtus

256 5033 379 5094 hac
403 5035 821 5095 controversia
849 5037 1217 5109 finiri,jussit
1247 5055 1314 5094 ea
1337 5038 1571 5095 interim
1594 5039 1654 5096 in
1684 5041 1934 5098 archivis
1965 5033 1998 5035 ἡ
2041 5042 2102 5098 in
2127 5047 2374 5113 utroque
2404 5041 2511 5097 hoc
2542 5042 2689 5096 facto
2714 5038 3060 5096 mirabiliter
3096 5037 3328 5106 enituit,
3361 5053 3488 5110 quae
3517 5039 3575 5094 et
3602 5037 3682 5092 ibi

259 5124 581 5184 Remens’is
607 5123 868 5182 ecclesiae
898 5126 1294 5199 pcrquisitain
1326 5127 1579 5184 crastino
1605 5129 1662 5184 in
1679 5129 1936 5186 medium
2045 5131 2308 5204 gloriosae
2353 5129 2579 5195 animae,
2612 5127 2746 5185 licet
2776 5127 3067 5200 corporeis
3121 5127 3312 5182 adhuc
3370 5123 3685 5182 involucris

258 5213 480 5272 aﬂ‘erri.
515 5215 702 5272 Tunc
727 5213 1095 5270 Turonenses
1125 5214 1313 5270 clerici
1347 5219 1450 5288 per
1479 5217 1933 5290 Lugdunensem
2046 5220 2486 5291 septze,tantum
2513 5218 2820 5289 potestatis
2833 5215 3094 5284 contulit,
3114 5218 3401 5272 etauanta
3419 5231 3547 5270 eam
3556 5215 3684 5286 jam

257 5303 788 5378 archiepiscopum
821 5302 1122 5374 querelam
1150 5303 1478 5360 intulerunt
1498 5323 1675 5378 super
1694 5307 1806 5380 (18)
1829 5307 1938 5363 Do-
2045 5306 2459 5363 beatiﬁcaverit
2478 5305 2682 5378 gloria,
2700 5322 2856 5362 nunc
2877 5305 3030 5361 circa
3048 5305 3176 5376 ejus
3196 5302 3458 5359 exanime
3475 5317 3685 5374 corpus

257 5389 405 5450 lensi
439 5393 736 5467 episcopo
769 5391 1102 5459 Britanniae,
1123 5393 1222 5464 qui
1251 5409 1313 5448 se
1333 5410 1468 5448 cum
1491 5400 1713 5466 septem
1735 5396 1939 5452 suifra-
2046 5399 2308 5469 patenter
2329 5393 2603 5450 ostendit.
2651 5394 2965 5466 Postquam
2993 5410 3128 5466 ergo
3159 5395 3435 5465 praefatus
3465 5391 3684 5446 Veson-

253 5483 461 5553 g'aneis
486 5479 876 5539 a'Puronensi
909 5479 1363 5552 archiepiscopio
1395 5482 1778 5549 subtraxerat,
1804 5483 1938 5540 sihi-
2045 5481 2330 5538 tionensis
2362 5481 2670 5554 episcopus
2701 5497 2734 5536 a
2757 5499 2862 5537 suo
2920 5487 3131 5537 conatu
3183 5479 3282 5536 tali
3315 5478 3594 5535 miraculo
3625 5493 3685 5532 se

255 5581 378 5642 qu’e
403 5567 866 5643 archipresulis
895 5583 1108 5624 nomen
1158 5573 1361 5625 contra
1391 5570 1478 5626 fas
1523 5570 1936 5644 vindicaverat,
2049 5569 2340 5644 prohiberi
2392 5569 2676 5640 cognovit,
2713 5569 3088 5642 Lugdunensi
3119 5575 3185 5624 ut
3221 5568 3309 5624 sui
3343 5568 3464 5623 vice
3489 5565 3683 5621 fratris

2039 3980 2236 4035 divino
2263 3979 2446 4034 sensit
2476 3979 2750 4052 denegari
2781 3979 3042 4034 numine.
3076 3977 3282 4033 Procul
3331 3977 3508 4033 dubio
3557 3976 3677 4031 Ma-

2040 4085 2192 4141 gnus
2221 4071 2383 4138 pater
2413 4067 2710 4139 Remigius
2739 4067 2810 4121 ob
2843 4065 2952 4122 hoc
2982 4067 3198 4138 ipsum,
3240 4070 3306 4121 ut
3333 4065 3677 4138 praedictum

2040 4160 2298 4222 est,ante
2327 4157 2701 4230 conspectum
2733 4153 2937 4227 synodi
2959 4154 3328 4226 expositus,a
3349 4151 3674 4208 beataefldei

2042 4259 2192 4318 papa
2220 4243 2396 4298 etiam
2438 4243 2531 4297 hic
2561 4243 2824 4314 ejusdem
2866 4242 3100 4297 virtutis
3142 4241 3350 4298 enituit
3398 4239 3674 4313 potentia,

2042 4348 2218 4404 quam
2279 4329 2438 4396 olim,
2471 4330 2612 4384 dum
2670 4329 2860 4385 adhuc
2899 4329 3367 4402 peregrinaretur
3393 4328 3453 4384 in
3483 4329 3676 4396 terris,

2041 4419 2235 4477 Ariani
2268 4419 2428 4474 illius
2449 4417 2759 4474 exinanivit
2781 4417 3281 4474 molimina.Tunc
3315 4417 3472 4473 enim
3506 4417 3681 4472 haere-

2042 4511 2224 4566 ticum
2256 4509 2535 4564 adversus
2568 4503 2910 4562 catholicam
2931 4507 3104 4562 {idem
3123 4505 3515 4579 blasphemias
3537 4503 3680 4560 deli-

2045 4600 2340 4655 berantem
2388 4595 2626 4670 garrire,
2660 4612 2731 4651 ne
2762 4599 2968 4651 conata
3009 4599 3328 4668 perageret,
3356 4595 3456 4650 scd
3487 4593 3681 4667 potius

2043 4687 2438 4760 resipiscen-do
2495 4682 2684 4740 ﬁdelis
2751 4683 2932 4749 fieret,
2992 4683 3222 4740 silentio
3275 4680 3683 4739 condemnavit

2047 5731 2296 5804 decreto,
2317 5745 2434 5801 quo
2461 5727 2727 5804 Dolensis
2757 5733 2814 5784 et
2843 5725 2941 5804 alii
2971 5725 3281 5804 Britanniae
3309 5717 3677 5804 minprjsepi:

2047 5786 2207 5873 scopi
2235 5786 2560 5873 Turonensi
2593 5798 3038 5873 metropolitano
3081 5794 3281 5873 asserti
3305 5793 3460 5873 sunt.
3479 5786 3676 5873 iiusz

2047 5862 2446 5928 controversia:
2468 5877 2595 5926 acta
2626 5888 2658 5925 a
2677 5862 2872 5926 nostro
2891 5870 2966 5924 Ed
2977 5866 3190 5922 mundo
3216 5862 3672 5929 Martenerecens

2048 5943 2199 6016 typis
2235 5943 2388 5998 edita
2410 5946 2549 5999 sunt
2579 5941 2638 5998 in
2673 5957 2816 5998 nova
2845 5937 3184 5994 Collectione
3216 5933 3466 5982 veterum
3486 5936 3669 5988 scrip-

2049 6019 2304 6087 piorum.

331 5729 656 5803 (ιπηψίειρ
691 5728 890 5783 aedem
912 5745 1078 5803 suam
1102 5744 1290 5803 usque
1303 5729 1374 5784 ad
1403 5735 1650 5803 mortem
1676 5732 1935 5803 retinuit,

255 5799 684 5943 ἓὲὶιξὲἰεῗι
718 5814 870 5854 anno
903 5800 1041 5855 1055
1071 5799 1454 5872 sepultusque
1486 5807 1574 5858 est
1602 5802 1659 5857 in
1693 5799 1938 5860 ecclesia

327 5946 343 6018 (
355 5947 444 6016 18)
476 5941 1164 6018 Hanc_centroversiam,
1189 5957 1314 6018 qua:
1345 5943 1692 6018 to_t__sseculis
1722 5942 1940 6018 agitata

258 6010 472 6084 fuerat,
499 6010 704 6071 finivit
738 6011 972 6068 tandem
1005 6010 1374 6069 Innocentius
1401 6011 1498 6070 II'I.
1520 6031 1691 6088 papa,
1726 6010 1933 6071 cElebri
