3884 6380
200 527 206 532 ’
257 547 410 611 1435

1129 551 1474 642 ANSELMI
1517 547 1869 614 MONAGHI
1913 551 1980 614 S.
2025 549 2330 615 REMIGII
2377 549 2796 615 REMENSIS.

3533 547 3569 610 1
3581 543 3714 612 436

256 699 496 742 causam
527 691 824 760 peroraret
853 685 1062 744 innuit.
1097 686 1204 754 Qui
1237 702 1484 760 surgens
1515 685 1596 742 ait
1619 685 1894 742 eumdem
1923 684 1982 752 Α
2009 685 2428 740 nuntiaverunt
2457 701 2591 740 eum
2631 682 2958 740 facinorum
3017 697 3268 740 suorum
3317 685 3716 740 metuentem

259 776 689 848 Lingonensem
711 778 1048 848 episcopum
1073 776 1332 832 conﬁteri
1356 776 1510 846 quod
1533 792 1729 830 sacros
1754 775 1905 830 ordi-

257 882 362 920 nes
385 865 1200 934 vendiderit,etmemoratam
1221 865 1532 936 pecuniam
1561 865 1631 919 ab
1658 864 1755 918 illo
1781 881 1904 936 pre-

261 954 493 1026 sbytero
525 956 848 1020 extorserit,
881 955 980 1010 sed
1017 953 1322 1026 suppliciis
1357 955 1574 1026 quibus
1605 954 1904 1008 asserebat

258 1059 390 1098 eum
421 1043 736 1098 excruciari
795 1061 908 1098 non
969 1043 1196 1110 fecerit;
1231 1047 1436 1098 caetera
1467 1059 1599 1098 vero
1632 1059 1758 1114 quas
1789 1042 1901 1097 sibi

256 1132 488 1187 fuerant
518 1133 740 1203 objecta
771 1133 925 1188 hunc
950 1131 1181 1202 penitus
1199 1133 1490 1204 denegare
1513 1131 1782 1185 asseruit.
1801 1131 1901 1185 His

256 1219 713 1288 dictis,domnus
747 1238 896 1293 papa
915 1222 1117 1275 videns
1147 1221 1350 1275 eadem
1382 1221 1474 1274 die
1499 1237 1612 1274 non
1645 1235 1814 1291 posse
1829 1221 1901 1274 ad

254 1309 492 1382 plenum
526 1310 866 1381 hujusmodi
923 1310 1218 1381 negotium
1277 1307 1562 1374 ventilari,
1587 1309 1712 1378 jam
1745 1309 1900 1362 enim

254 1414 366 1452 nox
395 1397 672 1465 instabat,
706 1400 858 1470 quod
891 1398 950 1452 in
979 1397 1303 1453 canonibus
1335 1400 1404 1452 de
1428 1413 1726 1451 sacrorum
1741 1397 1900 1451 ordi—

252 1503 394 1540 num
423 1487 824 1543 venditoribus
855 1487 930 1541 sit
959 1487 1256 1542 decretum
1281 1485 1464 1556 jussit
1493 1486 1900 1540 tantummodo

251 1575 519 1641 recitari;
555 1574 817 1646 lectaque
851 1575 1136 1629 sententia
1166 1575 1236 1628 ad
1269 1579 1624 1646 praeceptum
1658 1575 1786 1644 ejus
1831 1591 1900 1628 ex

253 1661 497 1718 concilio
530 1661 1004 1728 Chalcedonensi,
1041 1661 1294 1734 capitulo
1317 1661 1583 1717 videlicet
1615 1663 1895 1731 secundo,

253 1749 447 1806 soluta
476 1755 565 1806 est
587 1753 865 1823 synodus,
887 1750 1066 1806 dilato
1099 1768 1284 1824 usque
1315 1752 1370 1806 in
1387 1750 1705 1807 crastinum
1719 1751 1899 1822 hujus

251 1839 496 1895 rationis
518 1839 760 1912 judicio.
1439 1903 1446 1910 ,

676 1929 942 1985 TERTIA
981 1929 1138 1984 DIES
1177 1929 1460 1984 SYNODI.

323 2019 410 2072 16.
435 2018 603 2074 Mane
635 2023 830 2072 autem
858 2017 1026 2082 facto,
1058 2017 1268 2072 iterum
1302 2017 1372 2072 ad
1406 2017 1676 2072 eumdem
1704 2017 1896 2074 locum
1929 2040 1974 2104 Β

253 2104 510 2176 episcopi
543 2121 860 2160 convenere
885 2122 1015 2160 cum
1039 2105 1348 2160 abbatibus
1379 2110 1434 2161 et
1463 2107 1683 2160 caeteris
1713 2105 1896 2160 Eccle-

254 2192 351 2248 εἰει)
384 2193 797 2259 ordinibus,ad
834 2211 980 2265 quos
1005 2195 1220 2250 domno
1243 2212 1394 2268 papa
1425 2195 1765 2266 procedente
1781 2211 1894 2248 non

251 2285 342 2337 est
371 2285 602 2336 cantata
629 2283 950 2354 antiphona
981 2284 1201 2339 Exaudi
1227 2300 1322 2340 nos
1351 2283 1898 2350 Domine,sicutheri

252 2375 308 2426 et
329 2369 778 2434 nudiustertius,
811 2371 912 2427 sed
944 2373 1016 2428 ad
1047 2375 1174 2444 ejus
1213 2374 1532 2428 adventum
1579 2373 1770 2428 clerus
1800 2372 1896 2427 de-

253 2458 586 2516 centissime
614 2460 825 2515 cecinit
855 2461 1162 2533 hymmum
1201 2465 1356 2522 Veni.
1389 2471 1598 2518 creator
1636 2463 1894 2533 Spiritus.

255 2548 376 2612 Quo
405 2547 695 2619 completo
727 2549 1198 2620 cumantiphona
1227 2551 1512 2605 desaneto
1538 2549 1901 2622 Remigio,li-

251 2636 412 2692 tania
433 2637 586 2692 facta
616 2643 704 2692 est
734 2654 770 2691 a
797 2637 1236 2694 Vesontionensi
1270 2639 1725 2710 archiepiscopo,
1741 2643 1897 2712 post-

254 2741 432 2796 quam
466 2725 538 2780 de
557 2725 774 2796 Spiritu
797 2729 996 2781 sancto
1010 2726 1320 2782 Collectam
1345 2727 1753 2783 dixitdomnus
1767 2746 1900 2800 apo-

251 2811 527 2880 stolicus;
557 2812 756 2885 sicque
787 2814 1000 2870 lectum
1026 2821 1115 2872 est
1145 2816 1524 2888 Evangelium
1549 2817 1655 2887 Ego
1671 2834 1794 2871 sum
1806 2834 1900 2889 pa-

248 2906 364 2957 διον
393 2904 580 2958 bonus.
598 2904 858 2976 Cumque
871 2904 1122 2960 universi
1147 2909 1424 2960 consueto
1443 2906 1896 2960 resedissentor-

253 2989 408 3058 dine,
425 2991 798 3062 supradictus
817 2993 1087 3048 Romanis
1102 2993 1368 3050 Ecclesia:
1384 2993 1664 3070 diaconus
1677 2995 1756 3049 ait
1768 3011 1902 3050 con-

255 3095 507 3150 sequens
538 3095 664 3135 esse
695 3085 758 3134 ut
785 3081 882 3135 ubi
916 3081 1190 3138 hesterna
1219 3084 1476 3155 synodus
1510 3082 1902 3138 fuerattermi-

255 3171 412 3235 nata,
447 3166 526 3222 ibi
560 3167 802 3224 rationis
833 3187 952 3224 suae
981 3171 1216 3226 iteraret
1242 3171 1407 3236 inita,
1441 3188 1474 3225 a
1513 3172 1898 3244 Lingonensis

253 3255 525 3312 videlicet
551 3257 805 3329 episcopi
835 3275 1034 3314 causa.
1051 3259 1156 3324 Qui
1181 3260 1901 3332 requisitusetasynodica

254 3345 684 3401 examinatione
711 3363 772 3402 se
803 3347 1157 3402 snbduxtsse
1189 3353 1474 3419 repertus,
1509 3365 1578 3403 ex
1607 3354 1770 3420 parte
1795 3349 1892 3404 Dei

249 3436 306 3488 et
327 3432 479 3489 beati
509 3433 657 3489 Petri
693 3434 1090 3506 apostolorum
1123 3435 1684 3508 principis,ejusque
1699 3435 1894 3492 vicarii

251 3521 354 3592 qui
387 3537 642 3593 praesens
672 3523 891 3588 aderat,
907 3525 978 3578 ab
1006 3523 1208 3578 eodem
1241 3525 1484 3579 diacono
1507 3526 1676 3580 tertio
1707 3530 1796 3580 est
1809 3543 1899 3580 vo-

251 3613 438 3664 catus.
466 3609 672 3664 Directi
701 3615 839 3665 sunt
867 3611 1042 3666 etiam
1075 3612 1331 3682 episcopi
1366 3611 1814 3668 Silvancctensis
1843 3617 1901 3669 et

250 3697 688 3769 Andegavensie
717 3698 788 3752 ad
825 3697 982 3752 illius
1010 3699 1352 3770 hospitium,
1387 3705 1450 3755 ut
1483 3701 1529 3756 si
1565 3702 1708 3756 forte
1764 3719 1898 3757 eum

250 3783 331 3840 ibi
364 3783 701 3856 reperirent,
739 3789 1074 3842 revocarent
1103 3787 1172 3842 ad
1225 3787 1558 3844 concilium.
1593 3789 1698 3853 Qui
1757 3791 1898 3846 dum

253 3874 542 3945 imperata
570 3873 895 3930 accelerant
953 3891 1246 3947 peragere,
1281 3876 1469 3948 ipsius
1527 3878 1898 3934 referendarii

254 3959 527 4018 allocutio
561 3963 624 4018 ﬁt
649 3963 719 4018 ad
746 3962 878 4020 illos
903 3965 1002 4036 qui
1033 3965 1292 4020 nondum
1318 3983 1378 4020 se
1395 3983 1428 4021 a
1447 3966 1768 4022 simoniaca
1783 3967 1897 4022 hae-

251 4049 364 4108 resi
387 4051 582 4108 debita
611 4059 998 4125 purgaverant
1027 4055 1418 4126 responsione.
1440 4059 1510 4110 At
1527 4056 1898 4112 Nivernensis

249 4139 557 4214 episcopus
589 4158 972 4214 surgens,pro
1005 4161 1110 4198 suo
1133 4143 1422 4216 episcOpio
1453 4144 1774 4217 plurimum
1801 4163 1897 4217 pe-

250 4228 431 4284 cunia:
464 4231 766 4286 confessus
796 4235 884 4288 est
912 4249 945 4287 a
976 4234 1318 4304 parentibus
1363 4233 1564 4288 datum
1601 4233 1803 4301 fuisse,
1837 4252 1900 4290 se

251 4322 449 4374 tamen
481 4319 825 4391 ignorante;
859 4337 1042 4392 eoque
1075 4322 1604 4393 adepto,nonnulla
1633 4321 1900 4378 ecclesia-

250 4407 407 4464 stica:
435 4405 736 4480 religionis
766 4410 1060 4464 contraria
1089 4411 1484 4480 commisisse;
1513 4413 1666 4466 unde
1685 4428 1900 4468 assere-

250 4496 568 4552 batdivinze
592 4497 829 4554 ultionis
843 4499 1156 4556 vindictam
1182 4501 1610 4572 pertimescere.
1629 4501 1896 4571 Ideoque,

253 4586 304 4641 si
333 4587 547 4644 domno
578 4605 740 4660 papae
773 4593 829 4643 et
858 4588 1130 4661 praesenti
1154 4590 1460 4645 conventui
1483 4589 1726 4661 dignum
1748 4589 1900 4645 vide-

251 4675 602 4742 retur,idem
633 4676 892 4734 officium
923 4677 1066 4734 velle
1095 4677 1386 4734 dimittere
1413 4679 1609 4751 potius
1640 4691 1816 4750 quam
1839 4678 1898 4732 in

2011 773 2630 846 discussionem,fugze
2663 773 2983 844 arripuisse
3015 771 3385 846 praesidium.
3419 771 3608 828 Tune
3643 787 3720 827 ex

2013 867 2297 935 praecepto
2331 863 2520 934 ipsius
2553 880 2736 935 papae,
2769 861 2929 917 lectae
2957 867 3099 918 sunt
3131 862 3446 917 sententia:
3509 877 3718 933 super

2013 951 2418 1022 hujuscemodi
2435 969 2492 1007 re
2507 951 2888 1024 promulgatae
2903 952 2976 1006 ob
3011 949 3356 1007 orthodoxis
3383 951 3716 1016 Patribus,

2012 1041 2212 1112 sicque
2235 1040 2492 1096 universi
2525 1039 2754 1096 concilii
2779 1039 3718 1110 judicio,excommunicationis

2011 1134 2101 1184 est
2131 1145 2300 1200 pinna
2325 1129 2969 1200 damnatus(19).Quod
3003 1127 3254 1184 audiens
3285 1127 3718 1199 archiepisco-

2011 1235 2121 1290 pus
2169 1217 2651 1274 Vesontionensis
2711 1217 2984 1282 surrexit,
3017 1221 3074 1272 et
3133 1217 3436 1288 quomodo
3499 1215 3716 1288 pridie

2011 1307 2282 1362 eumdem
2305 1325 2468 1362 reum
2500 1323 2774 1362 excusare
2807 1305 3020 1373 nitens,
3039 1323 3108 1361 ex
3133 1305 3582 1360 divinavirtute
3603 1321 3714 1376 per

2011 1395 2160 1450 beati
2185 1395 2432 1467 Remigii
2465 1395 2670 1450 merita
2692 1393 2922 1450 silentio
2941 1394 3374 1449 condemnatus
3405 1393 3512 1458 sit,
3529 1400 3716 1464 pate-

2011 1483 2146 1538 fecit
2175 1501 2372 1539 coram
2397 1485 2600 1540 eodem
2629 1487 2935 1549 conventu,
2969 1481 3117 1538 satis
3177 1482 3382 1537 devote
3443 1482 3709 1537 veniam

2011 1573 2402 1644 petens,quod
2436 1573 2700 1644 ejusdem
2731 1569 3000 1626 miraculi
3031 1571 3352 1626 novitatem
3377 1586 3446 1626 eo
3489 1587 3708 1643 usque

2011 1660 2370 1734 negligenter
2389 1660 2611 1715 celarit.
2649 1659 2748 1713 llic
2778 1676 2846 1714 ex
2878 1659 2974 1731 pia
3004 1658 3334 1727 devotione,
3361 1661 3422 1712 et
3469 1657 3705 1714 alacri-

2009 1753 2125 1804 tate
2147 1750 2630 1816 cordis,domnus
2665 1765 2818 1820 papa
2847 1747 2907 1802 in
2939 1747 3233 1819 lacrymas
3255 1751 3706 1818 compunctus,

2009 1838 2092 1892 sic
2121 1838 2200 1892 ait
2233 1855 2245 1892 :
2273 1841 2474 1895 Annua
2513 1856 2663 1894 vxvrr
2695 1854 2901 1892 BEATUS
2931 1835 3421 1892 REMIGius.Tunc
3451 1853 3522 1890 ex
3537 1853 3706 1909 prea-

2009 1931 2172 1998 cepto
2195 1927 2322 1998 ejus
2353 1943 2556 1982 omnes
2587 1929 2964 1982 surrexerunt
2993 1929 3050 1980 et
3079 1941 3210 1978 cum
3245 1939 3314 1980 eo
3345 1929 3488 1980 ante
3519 1925 3702 1996 ejus-

2008 2015 2139 2070 dem
2169 2016 2356 2070 sancti
2387 2015 2724 2087 scpulcrum
2754 2013 3050 2086 prostrati,
3085 2012 3476 2084 antiphenam
3529 2013 3700 2069 San-

2003 2111 2084 2158 cte
2117 2105 2347 2173 Remigi,
2380 2122 2448 2160 ex
2477 2105 2702 2176 integro
2734 2103 3112 2158 devotissime
3135 2101 3502 2156 cecinerunt.
3536 2103 3699 2158 Post

2005 2191 2126 2248 haec
2158 2209 2403 2266 surgens
2423 2191 2888 2248 Constantiensis
2909 2190 3222 2262 episcopus
3245 2189 3568 2246 confessus
3595 2196 3698 2246 est

2005 2297 2066 2336 se
2099 2281 2400 2354 ignorante
2423 2299 2457 2337 a
2486 2281 2740 2354 quodam
2761 2281 2935 2336 fratre
2965 2295 3072 2334 suo
3103 2281 3376 2350 emptum
3403 2277 3522 2332 sibi
3545 2280 3684 2351 epi-

2007 2371 2270 2444 SCOpium
2303 2372 2504 2426 fuisse.
2539 2371 2700 2437 Quod
2733 2386 2869 2425 cum
2899 2369 3193 2435 rescisset,
3231 2383 3303 2422 ne
3341 2372 3558 2424 contra
3593 2370 3690 2426 fas

2007 2460 2430 2515 ordinationem
2464 2459 2626 2514 illam
2659 2458 3002 2530 susciperet,
3031 2455 3290 2512 voluisse
3332 2457 3634 2529 aufugere
3667 2478 3684 2515 :

2009 2549 2110 2604 sed
2137 2549 2209 2604 ab
2230 2549 2432 2605 eodem
2461 2547 2743 2604 violenter
2787 2550 3045 2618 captum,
3081 2543 3404 2618 episcopali
3464 2549 3688 2601 contra

2007 2637 2362 2694 voluntatem
2393 2655 2562 2693 suam
2594 2637 2882 2710 dignitate
2913 2651 3041 2691 esse
3060 2635 3367 2690 donatum.
3391 2634 3562 2700 Quod
3581 2651 3684 2690 sa-

2007 2733 2305 2783 cramento
2339 2727 2715 2798 comprobare
2737 2726 2968 2795 jussus,
2986 2741 3090 2778 nec
3105 2723 3488 2790 renuens,sic
3511 2723 3686 2793 judi-

2009 2820 2174 2872 catus
2202 2819 2291 2871 est
2320 2814 2650 2872 simoniaca:
2671 2813 2912 2870 haeresis
2929 2830 3044 2868 non
3079 2811 3686 2868 incurrissefacinus.

2005 2905 2298 2962 Accedens
2329 2903 2580 2976 denique
2609 2901 3038 2968 Namnetensis,
3056 2899 3365 2956 confessus
3393 2905 3486 2956 est
3507 2900 3686 2972 geni-

2007 2999 2192 3050 torem
2225 3009 2398 3048 suum
2429 2992 2770 3064 episcopum
2803 2991 2986 3045 fuisse
3035 3007 3154 3044 sum
3211 2989 3490 3054 civitatis,
3525 2993 3586 3044 et
3621 2989 3686 3044 in

2009 3083 2135 3154 ejus
2161 3082 2277 3138 vita
2305 3083 2526 3137 donum
2557 3079 2836 3153 episcopii
2865 3095 2926 3135 se
2949 3079 3298 3150 percepisse,
3319 3082 3688 3149 mortuoque

2007 3172 2091 3226 illi
2122 3171 2502 3244 subrogatum
2531 3187 2633 3242 per
2661 3168 3030 3241 largitionem
3090 3165 3369 3239 pecuniae.
3417 3167 3690 3238 Quapro-

2009 3263 2134 3330 pter
2151 3257 2374 3328 judicio
2407 3254 2884 3326 synodi,sublato
2914 3253 3134 3309 annulo
3153 3257 3220 3308 .et
3251 3253 3542 3325 pastorali
3573 3271 3685 3326 pe-

2009 3345 2374 3418 do,privatus
2407 3349 2495 3401 est
2525 3343 2843 3416 pontificali
2867 3342 3570 3408 ministerio,condonato
3585 3343 3672 3410 ei,

2009 3434 2530 3490 intervenientibus
2551 3433 2860 3504 episcopis,
2877 3431 3288 3488 tantummodo
3305 3431 3686 3503 presbytera-

2007 3527 2104 3578 tus
2129 3522 2339 3578 ofﬁcio.
2375 3523 2586 3576 Eorum
2627 3521 2808 3594 igitur
2837 3535 3016 3576 causa
3043 3519 3148 3574 tali
3181 3517 3356 3574 modo
3389 3518 3682 3573 determi-

2010 3616 2165 3680 nata,
2190 3609 2552 3667 commonuit
2583 3611 2839 3665 domnus
2871 3626 3022 3682 papa
3051 3607 3534 3680 archiehiscopos
3567 3608 3680 3679 qui

2009 3705 2176 3756 erant
2205 3701 2262 3756 in
2297 3699 2704 3772 prmsentiamt
2731 3697 2780 3754 si
2805 3715 2978 3770 quem
3001 3698 3512 3768 suifragancorum
3533 3713 3683 3752 suo-

2009 3806 2140 3844 rum
2173 3787 2504 3844 simoniacm
2536 3787 2719 3859 pestis
2731 3803 2859 3842 esse
2881 3803 3046 3842 reum
3075 3786 3294 3840 scirent
3309 3801 3682 3850 coram,om-

2009 3877 2183 3933 nibus
2215 3876 2512 3932 notificare
2545 3892 2660 3930 non
2691 3878 3021 3930 renuerent.
3053 3873 3279 3940 Quibus
3312 3873 3370 3928 id
3425 3873 3682 3930 omnino

2007 3983 2071 4022 se
2097 3967 2246 4022 scire
2277 3965 2724 4036 denegantibus,
2745 3962 2980 4018 habitus
3010 3967 3101 4018 est
3129 3979 3322 4018 sermo
3353 3962 3428 4017 de
3453 3962 3680 4033 episco-

2007 4055 2098 4127 pis
2131 4054 2228 4126 qui
2279 4053 2502 4108 invitati
2537 4052 2608 4107 ad
2641 4052 2908 4108 eamdem
2931 4051 3221 4123 synodum
3239 4049 3438 4105 venire
3469 4049 3680 4105 nolue-

2009 4147 2158 4208 rant,
2195 4161 2298 4198 nec
2332 4141 2568 4213 aliquod
2602 4141 2737 4196 inde
2769 4157 2888 4196 suae
2919 4139 3317 4196 excusationis
3375 4139 3676 4210 scriptum

2005 4231 2107 4288 illo
2149 4229 2623 4287 transmiserant.
2659 4228 2824 4284 Unde
2882 4227 3355 4299 competentibus
3413 4227 3488 4281 ad
3549 4226 3678 4282 haec

2007 4323 2244 4378 Patrum
2277 4317 2533 4374 recitatis
2565 4315 2893 4383 sententiis,
2917 4333 3089 4388 poena
3120 4313 3386 4371 damnati
3407 4319 3552 4370 sunt
3579 4331 3678 4370 ex-

2009 4406 2555 4466 communicationis
2586 4422 2722 4461 cum
2755 4405 3030 4460 omnibus
3057 4403 3176 4460 illis
3205 4403 3535 4476 qui,ipsius
3567 4420 3678 4475 pa-

2007 4515 2092 4571 pae
2121 4497 2498 4554 formidantes
2529 4495 2864 4561 adventum,
2898 4493 3006 4548 hac
3038 4493 3108 4548 de
3129 4509 3188 4547 re
3220 4491 3466 4563 profecti
3499 4499 3676 4548 erant

2008 4587 2067 4642 in
2097 4583 2524 4658 expeditionem
2556 4581 3104 4654 regis.Nominatim
3137 4597 3269 4636 vero
3303 4580 3672 4637 Senonensis

2009 4670 2886 4745 archiepiscopus,Belvacensis
2917 4675 2974 4725 et
3001 4669 3418 4726 Ambianensis
3439 4667 3672 4740 episco-

251 4765 380 4834 ejus
411 4766 733 4822 retentione
763 4767 1020 4822 animam
1045 4784 1216 4822 suam
1236 4767 1785 4839 pessumdareQuze
1800 4767 1898 4822 ubi
1933 4785 1978 4850 Ι)
2011 4781 2160 4850 pus;
2195 4763 2296 4818 sed
2329 4765 2386 4816 et
2417 4760 2598 4816 abbas
2625 4759 2814 4815 sancti
2855 4758 3314 4850 Medardi,gquia
3341 4757 3570 4828 absque
3601 4755 3670 4850 li-

252 4853 416 4920 dixit,
451 4855 742 4927 pastorale
773 4856 988 4927 pedum
1019 4857 1154 4912 ante
1183 4857 1357 4927 pedes
1387 4855 1541 4929 ipius
1593 4855 1896 4928 apostolici

252 4941 468 5013 posuit.
503 4941 602 4998 Ille
629 4959 763 4998 vero
795 4942 938 4998 tanti
970 4942 1074 4996 viri
1109 4943 1292 4998 ﬂexus
1324 4943 1648 5009 devotione,
1675 4943 1897 4998 favente

251 5031 801 5102 synodo,eumdem,
820 5031 973 5102 quod
1003 5031 1226 5102 absque
1252 5049 1538 5088 consensu
1557 5049 1663 5087 suo
1694 5033 1894 5087 eadem

254 5117 503 5189 pecunia
532 5117 670 5172 data
710 5117 902 5184 fuerit,
930 5124 1292 5174 sacramento
1335 5121 1713 5191 comprobare
1739 5119 1894 5190 fecit,
1947 5147 1952 5154 ·

254 5203 456 5276 sicque
485 5203 570 5258 illi
603 5222 704 5276 per
734 5205 890 5260 aliud
915 5207 1130 5277 pedum
1159 5205 1552 5262 ministerium
1571 5207 1898 5282 episcopale

253 5293 525 5349 reddidit.
545 5291 765 5349 Interea
797 5294 1038 5350 allatum
1069 5297 1158 5350 est
1187 5311 1382 5350 coram
1401 5295 1772 5370 privilegium
1795 5299 1899 5355 Re—

255 5381 476 5437 mensis
507 5381 772 5438 Ecclesia:
806 5384 876 5438 de
906 5381 1143 5438 abbatia
1174 5383 1468 5450 Dervensi,
1502 5403 1568 5440 ex
1607 5388 1778 5456 cujus
1827 5387 1902 5443 le-

256 5469 443 5526 ctione
474 5471 916 5542 comprobatum
947 5476 1036 5526 est
1065 5487 1191 5526 eam
1242 5473 1529 5541 pertinere
1561 5475 1632 5530 ad
1656 5477 1760 5546 jus
1791 5477 1900 5532 Re-

257 5560 477 5616 mensis
498 5559 940 5631 archiepiscopi.
973 5559 1305 5616 Redeuntes
1333 5560 1584 5634 denique
1611 5563 1714 5634 qui
1735 5565 1902 5622 missi

255 5648 486 5706 fuerant
510 5649 582 5706 ad
621 5649 1010 5706 revocandum
1067 5648 1490 5721 Lingonensem
1538 5653 1900 5726 episc0pum,

2003 4849 2194 4909 centia
2225 4853 2546 4908 recesserat
2573 4865 2608 4904 a
2637 4853 2922 4904 conventu
2956 4847 3212 4903 concilii.
3247 4845 3670 4902 Excommuni-

2006 4947 2172 4997 catus
2202 4943 2290 4996 est
2319 4939 2497 4994 etiam
2529 4936 2718 4994 sancti
2748 4937 2950 4993 Jacobi
2972 4935 3452 5008 archiepiscopus
3483 4933 3669 4990 Galli-

2005 5029 2240 5097 ciensis,
2265 5028 2404 5100 quia
2432 5031 2634 5084 contra
2665 5027 2752 5082 fas
2785 5025 2895 5081 sibi
2927 5026 3250 5081 vindicaret
3272 5023 3510 5080 culmen
3531 5041 3672 5095 apo-

2007 5118 2198 5177 stolici
2230 5117 2662 5173 nominis.Post
2689 5115 2812 5170 hzec
2843 5113 3178 5186 petentibus
3209 5113 3282 5168 iis
3313 5113 3416 5185 qui
3447 5116 3668 5168 sancta:

2009 5207 2307 5281 religionis
2329 5211 2619 5262 amatores
2649 5203 2728 5260 ibi
2760 5205 3022 5271 aderant,
3039 5201 3294 5275 plurima
3322 5205 3670 5257 sanctorum

2009 5299 2246 5354 Patrum
2279 5295 2527 5362 decreta,
2563 5311 2690 5366 quae
2711 5295 2840 5365 jam
2873 5309 2976 5365 per
3005 5291 3300 5346 incuriam
3339 5306 3444 5361 pro
3480 5288 3670 5345 nihilo

2009 5385 2396 5451 habebantur,
2417 5385 2700 5456 praecepto
2724 5399 2842 5438 sure
2872 5379 3238 5436 auctoritatis
3253 5378 3555 5434 renovavit
3575 5397 3590 5446 ;
3613 5383 3672 5433 et

2011 5474 2197 5530 multa
2217 5491 2342 5545 quae
2373 5471 2434 5527 in
2465 5471 2762 5526 Gallicana
2789 5469 3046 5526 Ecclesia
3091 5467 3512 5524 exercebantur
3559 5465 3674 5520 illi-

2011 5563 2146 5631 cita,
2177 5579 2248 5618 ne
2277 5563 2485 5618 ﬁerent
2515 5560 2784 5628 ulterius,
2807 5560 2911 5616 sab
2941 5557 3316 5615 anathemate
3339 5555 3668 5626 prohibuit,

2011 5650 2299 5708 videlicet.

331 5830 440 5900 (19)
467 5834 543 5886 De
574 5828 701 5900 ejus
733 5828 1072 5901 pcenitentia
1103 5832 1159 5885 et
1219 5833 1402 5884 morte
1453 5829 1583 5886 vide
1627 5831 1808 5886 vitam
1839 5831 1865 5888 Ε

1627 5831 1808 5886 vitam
1839 5831 1898 5888 S.
1941 5830 2150 5887 Leonis
2177 5827 2279 5885 lib.
2305 5847 2367 5896 ιι,
2401 5845 2528 5900 cap.
2561 5829 2616 5896 4,
2649 5827 2720 5884 ad
2748 5845 2968 5884 annum
3003 5823 3157 5882 1054.
