3940 6536
214 697 363 761 1437

215 920 684 978 ecclesiasticum
717 919 1148 991 proveheretur.

285 1010 371 1067 Ne
402 1010 520 1078 (20)
550 1008 685 1079 quis
715 1023 913 1063 sacros
944 1008 1177 1064 ordines
1207 1012 1308 1064 aut
1333 1008 1659 1065 ministeria
1687 1008 1866 1065 eccle-

209 1098 475 1163 siastica,
508 1096 592 1151 vel
624 1096 833 1151 altaria
863 1102 1083 1152 emeret
1112 1102 1214 1152 aut
1241 1099 1512 1153 venderet
1545 1116 1557 1153 :
1583 1104 1639 1153 et
1670 1099 1867 1169 siquis

208 1186 562 1243 clericorum
593 1184 880 1257 quidlibet
907 1202 1109 1241 eorum
1139 1186 1396 1252 emisset,
1430 1186 1485 1242 id
1525 1204 1659 1242 cum
1692 1187 1867 1259 digna

209 1275 620 1331 satisfactione
652 1290 756 1329 suo
782 1274 1052 1345 episcopo
1085 1274 1368 1330 redderet.

282 1365 370 1420 Ne
401 1363 536 1436 quis
569 1361 848 1419 laicorum
881 1361 1341 1418 ecclesiasticum
1369 1364 1756 1420 ministerium
1779 1364 1865 1419 vel

208 1449 432 1507 altaria
459 1454 705 1518 teneret,
738 1467 840 1505 nec
872 1450 1276 1523 episcoporum
1309 1451 1551 1523 quilibet
1580 1453 1868 1509 consenti-

204 1544 304 1597 ret
335 1539 470 1610 (21).

284 1629 371 1684 Ne
400 1626 538 1700 quis
568 1625 627 1682 in
659 1626 825 1683 atriis
855 1626 1256 1695 ecclesiarum,
1291 1632 1497 1700 praeter
1524 1628 1864 1700 episcopum

201 1720 269 1773 et
290 1716 427 1788 ejus
457 1714 820 1782 ministrum,
852 1715 1145 1787 quaslibet
1165 1718 1616 1772 consuetudines
1641 1716 1866 1790 exigere

199 1808 617 1879 prmsumeret.

284 1894 375 1949 Ne
404 1891 539 1964 quis
550 1909 655 1963 pro
668 1891 1069 1965 sepulturavel
1086 1893 1523 1965 baptismo,sive
1541 1911 1642 1967 pro
1654 1895 1865 1950 eucha-

197 1980 898 2049 ristia,autinfirmorum
912 1982 1239 2037 visitatione
1253 1982 1571 2055 quidquam
1594 1983 1862 2056 exigeret.

279 2071 371 2127 Ne
399 2068 536 2140 quis
563 2069 907 2126 clericorum
938 2087 1102 2125 arma
1132 2070 1408 2125 militaria
1459 2076 1731 2144 gestaret,
1761 2077 1862 2128 aut

198 2159 533 2216 mundanas
565 2157 782 2213 militize
814 2158 1145 2214 deserviret.
1256 2178 1265 2185 ·

279 2247 369 2303 Ne
399 2247 535 2319 quis
572 2246 819 2303 clericus
850 2247 935 2302 vel
968 2247 1152 2302 laicus
1174 2265 1384 2304 usuras
1405 2254 1714 2305 exerceret.

277 2335 368 2391 Ne
397 2335 532 2408 quis
562 2336 887 2391 monachus
917 2335 1004 2391 vel
1037 2335 1282 2392 clericus
1313 2354 1348 2391 a
1377 2354 1482 2393 suo
1513 2340 1695 2411 gradu
1729 2356 1865 2410 apo-

194 2428 480 2483 stataret.
1434 2490 1445 2499 _

280 2514 370 2569 Ne
399 2512 535 2585 quis
564 2526 700 2569 eum
724 2512 1022 2585 aliquibus
1053 2515 1202 2570 sacri
1234 2514 1456 2571 ordinis
1504 2515 1615 2570 iter
1645 2516 1865 2588 agenti-

196 2605 328 2659 bus
357 2600 694 2658 violentiam
717 2600 898 2656 ullam
931 2603 1143 2657 inferre
1168 2604 1425 2657 audent.

285 2691 375 2747 Ne
402 2690 540 2762 quis
566 2706 853 2763 pauperes
902 2690 1169 2746 homines
1215 2692 1436 2763 rapinis
1467 2692 1551 2747 vel
1584 2692 1865 2765 captioni-

202 2782 330 2837 bus
362 2783 611 2835 vexaret.

287 2869 375 2924 Ne
406 2868 544 2939 quis
570 2866 916 2923 incestuosze
946 2868 1339 2939 conjunctioni
1373 2887 1433 2925 se
1465 2871 1781 2942 capularet.

288 2956 378 3012 Ne
407 2954 543 3027 quis
572 2954 833 3027 legitima
862 2972 1037 3011 uxore
1065 2956 1359 3023 derelicta,
1394 2958 1569 3013 aliam
1611 2959 1863 3014 duceret.

286 3045 362 3101 Et
391 3044 532 3115 quia
562 3044 693 3099 novi
713 3043 966 3098 haeretici
987 3044 1045 3098 in
1064 3044 1375 3101 Gallicanis
1398 3046 1661 3117 partibus
1681 3064 1868 3103 emer-

210 3137 555 3200 serant,eos
574 3132 1117 3198 excommunicavit,
1149 3133 1266 3190 illis
1296 3135 1533 3202 additis,
1558 3136 1657 3207 qui
1680 3137 1752 3191 ab
1783 3136 1868 3191 cis

203 3221 462 3293 aliquod
495 3236 715 3276 munus
743 3220 830 3275 vel
862 3222 1163 3277 servitium
1196 3224 1657 3294 aceiperent,aut
1682 3225 1866 3296 quod-

205 3310 365 3367 libet
386 3308 745 3365 defensionis
773 3310 1160 3381 patrocinium
1191 3310 1307 3365 illis
1336 3310 1757 3382 impenderent.

287 3398 424 3455 Pari
455 3398 630 3455 modo
650 3399 948 3454 damnavit
967 3405 1022 3455 et
1042 3401 1865 3458 sodomitas.Excommunica-

198 3489 295 3546 vit
328 3487 506 3544 etiam
537 3487 781 3543 comites
807 3487 1073 3559 Angelrai
1107 3488 1507 3561 [Engclrai],et
1528 3492 1865 3547 Eustacium

204 3579 461 3652 propter
492 3574 864 3641 incestum,et
894 3576 1196 3647 Hugonem
1223 3559 1316 3632 _de
1357 3578 1587 3649 Braina,
1619 3578 1755 3652 quia
1783 3580 1865 3636 le-
1897 3559 1939 3625 C

201 3664 490 3740 gitimam
515 3679 753 3719 uxorem
783 3663 1103 3731 dimiserat,
1136 3671 1192 3720 et
1221 3665 1396 3721 aliam
1427 3666 1541 3722 sibi
1573 3667 1631 3722 in
1666 3668 1869 3723 matri-

202 3751 417 3810 monio
437 3750 1153 3809 sociaverat.lnterdixitet
1169 3754 1453 3810 Balduino
1470 3755 1666 3810 comiti
1698 3756 1867 3812 Flau-

201 3840 416 3897 drensi
449 3856 521 3895 ne
551 3838 733 3895 filiam
767 3857 935 3896 suam
966 3840 1261 3897 Willelmo
1286 3843 1865 3917 Nortmannonuptui

201 3930 465 3995 daret,et
495 3926 545 3983 ei
575 3944 646 3983 ne
668 3945 796 3983 eam
826 3929 1372 4000 acciperet.Vocavit
1394 3931 1569 3988 etiam
1597 3934 1866 3990 comitem

200 4015 592 4081 Tetbaldum,
627 4016 903 4088 quoniam
936 4033 1104 4072 suam
1132 4018 1435 4075 dimiserat
1467 4037 1739 4090 uxorem;
1768 4038 1865 4077 vo-

199 4104 367 4161 cavit
397 4108 455 4159 et
475 4103 809 4160 Gozfridum
859 4106 1339 4178 Andegavensem
1371 4125 1557 4179 usque
1589 4110 1660 4164 ad
1694 4126 1866 4181 syno-

202 4193 358 4250 dum
393 4191 655 4248 futuram
687 4192 1021 4265 Moguntiaa,
1074 4194 1154 4250 ibi
1213 4196 1861 4265 excommunicandum,

200 4281 326 4338 nisi
356 4278 645 4337 relaxaret
662 4298 837 4354 quem
852 4286 1087 4354 captum
1110 4283 1343 4339 tenebat
1361 4284 1642 4343 domuum
1662 4286 1865 4342 Gcrva-

200 4368 504 4441 sium,qui
537 4372 678 4425 tunc
709 4375 834 4426 erat
854 4369 1062 4441 praesul
1086 4371 1240 4426 sedis
1262 4371 1703 4429 Cenomannica:
1728 4394 1741 4442 ε
1762 4391 1862 4446 po-

198 4464 341 4516 stea
367 4473 503 4513 vero
535 4457 608 4514 ab
637 4458 903 4529 ejusdem
930 4460 1158 4532 tyranni
1208 4464 1490 4532 potestate
1537 4467 1863 4534 exemptus,

197 4546 467 4603 Widonc
484 4545 921 4619 archiepiscopo
950 4547 1243 4617 defuncto,
1279 4566 1314 4604 a
1343 4565 1475 4622 rege
1508 4550 1860 4607 Francorum

200 4634 461 4692 Henrico
493 4634 848 4707 subrogatus
881 4638 969 4690 est
1000 4636 1111 4707 (22)
1143 4637 1212 4691 ad
1263 4638 1521 4709 regimen
1558 4639 1862 4697 Remensis

196 4722 505 4780 Ecclesia.
538 4723 1080 4780 Excommunicavit
1110 4725 1359 4797 denique
1388 4726 1518 4782 illos
1549 4728 1619 4782 de
1645 4728 1864 4799 quibus

196 4810 734 4886 proclamationem
789 4812 1044 4867 fecerant
1098 4813 1587 4884 Compendienses
1644 4815 1858 4886 clerici,

1201 697 1406 761 HIST.
1454 698 1707 760 DEDIC.
1754 697 2148 760 ECCLESIAE
2188 697 2252 760 S.
2303 690 2632 760 REMIGII.

1894 2197 1943 2261 B

3459 678 3639 746 1438-

278 832 364 890 Νθ
384 826 518 905 quis
544 830 673 888 sine
702 828 981 886 electione
1012 830 1148 887 cleri
1181 835 1238 887 et
1266 830 1465 904 populi
1498 832 1569 887 ad
1600 831 1857 904 regimen
1889 832 1943 898 Α
1975 830 2218 887 devotus
2238 831 2509 887 Romana
2534 826 2692 885 sedis
2713 823 2971 899 pontifex
3001 822 3269 896 quartam
3310 815 3617 875 celebravit

1973 919 2432 985 translationem,
2493 923 2549 973 et
2587 917 2829 972 feliciter
2884 916 3047 969 sexto
3102 911 3297 967 Nonas
3353 906 3616 964 Octobris

1974 998 2400 1063 consummavit
2416 1007 2621 1062 divina:
2636 1006 2846 1061 domus
2860 999 3380 1058 sanctiﬁcationem
3403 1012 3616 1068 rquam

1974 1096 2243 1164 etiam,ut
2273 1095 2629 1150 declaratum
2661 1098 2771 1158 est,
2796 1091 2973 1146 trium
3023 1088 3250 1143 dierum
3307 1084 3620 1140 continua-

1974 1186 2130 1241 tione
2162 1184 2461 1257 insignivit
2512 1181 2896 1239 celebratione
2944 1175 3173 1251 synodi,
3220 1173 3534 1230 millesimo
3563 1176 3620 1228 et

1976 1274 2424 1346 quadragesimo
2456 1289 2606 1327 nono
2629 1287 2779 1325 anno
2813 1266 3159 1323 felicissima
3196 1262 3616 1318 incarnationis

1974 1362 2205 1418 Domini
2236 1362 2417 1418 nostri
2447 1361 2586 1417 Jesu
2616 1356 3305 1427 Christi.Quapropter,ut
3331 1349 3617 1405 delibera-

1974 1455 2155 1518 verat,
2187 1469 2254 1506 ex
2284 1450 2477 1506 divina
2507 1448 2889 1522 dispositione
2920 1459 3157 1516 compos
3187 1441 3428 1496 effectus
3458 1437 3613 1493 desi-

1974 1539 2117 1595 derii
2148 1539 2259 1606 sui,
2294 1539 2386 1594 die
2419 1535 2800 1609 subsequenti
2851 1538 2981 1608 post
3027 1529 3411 1604 expletionem
3444 1542 3615 1598 syno-

1973 1629 2185 1695 dicam,
2217 1628 2374 1683 venit
2399 1628 2458 1682 in
2490 1624 2810 1699 capitulum
2838 1618 3347 1695 [ms.,eapitolium]
3366 1616 3612 1671 fratrum

1974 1733 2150 1788 seque
2181 1717 2264 1772 eis
2291 1715 2547 1771 innotuit
2577 1731 2752 1771 suum
2800 1712 2944 1768 velle
2991 1707 3310 1765 accelerare
3341 1703 3611 1759 reditum.

1974 1805 2134 1860 Unde
2165 1804 2569 1877 spiritualibus
2603 1802 2735 1858 illos
2749 1799 3088 1857 demulcens
3110 1789 3620 1866 colloquiis,socie-

1972 1898 2151 1949 tatem
2177 1910 2378 1949 eorum
2410 1898 2466 1949 et
2494 1894 2696 1948 devote
2717 1889 2884 1963 petiit
2905 1892 2962 1944 et
2978 1885 3515 1956 accepit,suamque
3531 1879 3616 1936 eis

1973 1981 2273 2038 humiliter
2301 1982 2632 2054 petentibus
2662 1981 2785 2053 ipse
2806 1977 3053 2049 largitus
3083 1976 3192 2040 est,
3208 1976 3266 2027 et
3294 1971 3615 2043 prostratos

1974 2072 2044 2126 ad
2060 2070 2354 2142 publicam
2377 2068 2801 2126 confessionem
2824 2063 3087 2130 absolvit,
3112 2064 3169 2116 et
3191 2076 3260 2116 ex
3274 2058 3475 2114 ordine
3497 2069 3617 2111 om-

1973 2176 2075 2214 nes
2089 2158 2454 2215 deosculatos
2468 2157 2783 2230 apostolica
2794 2151 3194 2210 benedictione
3211 2142 3612 2203 sanctiﬁcavit.

1976 2248 2110 2303 Post
2139 2248 2260 2302 haec
2297 2264 2587 2319 egressus,
2621 2246 2926 2318 episcopos
2954 2245 3012 2296 et
3058 2239 3301 2295 abbates
3349 2237 3617 2290 caeteros-

1975 2353 2088 2408 que
2119 2335 2494 2391 ecclesiastici
2542 2332 2777 2391 ordonis
2827 2330 2925 2405 qui
2958 2327 3218 2384 nondum
3260 2327 3619 2380 recesserant

1975 2425 2388 2491 convocavit,et
2420 2438 2553 2479 eum
2596 2423 2680 2478 eis
2711 2419 3016 2477 ecclesiam
3050 2417 3369 2488 ingressus,
3404 2409 3617 2466 missa-

1976 2531 2105 2568 rum
2138 2512 2422 2568 solemnia
2453 2511 2729 2568 celebrari
2777 2509 2929 2565 fecit.
2962 2505 3187 2573 Quibus
3234 2498 3498 2573 expletis,
3541 2498 3613 2554 ad

1977 2602 2160 2657 sancti
2194 2601 2527 2673 sepulcrum
2558 2600 2806 2672 quod,nt
2835 2597 3055 2651 dictum
3086 2598 3192 2659 est,
3221 2603 3398 2662 super
3435 2586 3615 2643 altare

1976 2690 2161 2745 sancti
2194 2688 2752 2761 ChristOphori,post
2780 2684 3035 2741 basilicae
3059 2678 3482 2737 dedicationem
3505 2673 3618 2730 col-

1976 2778 2284 2846 locaverat,
2318 2794 2450 2833 eum
2511 2776 2721 2833 humili
2778 2773 3078 2831 devotione
3131 2765 3392 2833 accessit,
3419 2763 3617 2835 ibique

1975 2867 2236 2922 oratione
2263 2866 2570 2939 completa,
2606 2865 2750 2920 illud
2785 2861 3104 2936 suppositis
3134 2854 3397 2913 humeris
3416 2854 3619 2909 devote

1974 2954 2109 3010 inde
2135 2955 2360 3022 extulit,
2394 2958 2451 3009 et
2478 2954 2535 3009 in
2569 2953 2815 3009 statione
2861 2950 2974 3006 sibi
3026 2950 3298 3003 decenter
3341 2944 3620 3015 apparata

1976 3060 2109 3099 cum
2141 3043 2353 3098 divinis
2368 3042 2638 3098 laudibus
2656 3038 2913 3113 reposuit
2941 3054 2954 3092 :
2971 3035 3068 3092 ubi
3091 3034 3304 3090 iterum
3322 3027 3616 3100 atqueite-

1976 3150 2107 3187 rum
2137 3148 2272 3187 cum
2306 3131 2579 3204 laerymis
2609 3145 2670 3186 se
2693 3132 3086 3202 prosternens,
3119 3121 3350 3178 tandem
3371 3117 3431 3173 in
3460 3116 3616 3172 viam

1976 3238 2145 3276 suam
2178 3220 2395 3286 exiit,et
2426 3236 2611 3291 usque
2642 3219 2707 3287 ad
2762 3215 2981 3272 castelli
3030 3212 3254 3269 aditum
3303 3206 3621 3265 comitatus

1976 3328 2109 3366 cum
2141 3310 2383 3366 canticis
2415 3300 3616 3381 spiritualibusafratribusetinnumeroso

1977 3400 2106 3471 [al.,
2140 3380 2473 3469 numeroso]
2516 3401 2801 3454 conventu
2838 3392 3056 3467 pOpuli,
3090 3388 3365 3445 omnibus
3405 3380 3617 3471 valedi-

1975 3468 2133 3556 cens,
2166 3488 2423 3543 recessit.
2447 3468 2741 3542 Reccdens
2771 3488 2964 3539 autem
3007 3479 3143 3534 inde
3174 3476 3247 3531 ad
3277 3472 3368 3530 sui
3397 3468 3616 3526 laboris

1978 3594 2167 3633 recom
2176 3576 2573 3649 pensationem
2593 3572 2790 3629 retulit
2807 3572 3057 3627 fructum
3072 3581 3296 3637 magna
3309 3557 3615 3649 mercedis,

1977 3666 2035 3721 in
2067 3648 2277 3722 arcano
2309 3664 2533 3721 scilicet
2562 3662 2747 3718 devoti
2798 3658 3047 3734 pectoris
3096 3656 3291 3729 ignem
3312 3648 3616 3725 principum

1976 3754 2443 3825 dilectionis,quu
2474 3753 2545 3809 ab
2570 3751 2667 3807 illo
2696 3755 2952 3823 tempore
2973 3764 3110 3820 erga
3128 3742 3378 3800 eundem
3403 3735 3619 3813 glorio-

1977 3860 2110 3899 sum
2142 3847 2371 3898 Patrem
2404 3841 2733 3914 Remigium
2783 3852 3133 3911 magnopere
3163 3827 3486 3888 dinoscitur
3514 3825 3617 3914 fla-

1975 3938 2270 4005 grasse,ut
2299 3933 2453 3987 idem
2487 3913 2610 4003 ipse
2643 3931 2856 3986 fatetur
2884 3927 2943 3982 in
2957 3925 3212 3997 quadam
3255 3915 3505 4005 epistola
3528 3913 3615 3968 di-

1976 4002 2131 4076 recta
2162 4002 2536 4093 postmodum
2560 4017 2849 4091 episcopis
2871 4013 3328 4083 Francize,quam
3351 4021 3456 4062 suo
3490 4002 3616 4100 loco

1974 4108 2035 4163 in
2065 4107 2563 4180 subsequentibus
2593 4105 2932 4162 curabimus
2952 4097 3271 4175 ponere.Ex
3293 4110 3407 4167 qua
3427 4094 3616 4163 gratia

1973 4197 2148 4253 etiam
2177 4195 2418 4251 alterius
2448 4195 2647 4267 gratia:
2695 4194 2939 4264 adeptus
2994 4192 3083 4245 est
3127 4182 3610 4267 emolumentum,

1973 4302 2106 4341 cum
2138 4285 2187 4340 ei
2220 4283 2414 4339 divina
2442 4265 2627 4338 virtus
2650 4282 2719 4338 de
2741 4278 3091 4353 quibusdam
3144 4273 3244 4347 qui
3284 4270 3335 4328 ei
3364 4265 3613 4342 impedi-

1973 4377 2235 4428 mentum
2269 4370 2594 4426 advenienti
2628 4371 2688 4425 in
2719 4367 2935 4425 Gallias
2960 4364 3149 4421 conati
3193 4363 3360 4417 erant.
3400 4355 3614 4412 inferre

1972 4461 2250 4518 ultionem
2284 4458 2570 4532 praestitit,
2604 4475 2706 4530 per
2745 4456 2932 4529 ipsius
2961 4452 3149 4510 sancti
3180 4449 3272 4505 cui
3303 4448 3491 4503 fuerat
3528 4442 3611 4498 fa-

1973 4549 2231 4607 mulatus
2261 4548 2731 4613 meritum.Nam,
2767 4550 2833 4600 ut
2857 4543 3073 4599 multos
3098 4536 3613 4614 praetermittamus

1972 4639 2071 4712 qui
2103 4639 2153 4695 ei
2188 4639 2343 4694 fuere
2366 4633 2954 4702 contrarii,Gibuinus
2972 4625 3378 4687 Laudunensis
3398 4623 3614 4712 episco-

1970 4711 2083 4802 pus
2114 4732 2171 4784 et
2199 4728 2362 4799 Hugo
2384 4725 2455 4781 de
2473 4719 2964 4787 Braina-castello,
2984 4717 3085 4792 qui
3114 4717 3267 4811 inter
3294 4714 3422 4785 ejus
3443 4711 3611 4811 dero-

1970 4822 2201 4889 gatores
2220 4815 2387 4888 quasi
2412 4812 2671 4885 signiferi
2687 4807 3261 4872 exstiterunt,eodem
3282 4818 3434 4858 anno
3452 4807 3613 4889 igno-

198 4904 450 4988 propter
479 4915 731 4971 quorum
760 4899 1109 4988 injustitiam
1134 4900 1273 4957 illuc
1303 4901 1629 4987 detulerant
1649 4920 1861 4977 corpus
1889 4925 1937 4988 D
1972 4886 2431 4961 miniosaimortc
2452 4902 2628 4957 vitam
2652 4899 2947 4955 ﬁnierunt.
2968 4895 3081 4988 ille
3110 4892 3289 4988 enim,
3319 4886 3610 4988 quia-exi-

198 4986 401 5047 sancti
436 4988 712 5061 martyris
767 4987 1058 5056 Cornelii;
1091 5006 1191 5045 eos
1232 4986 1483 5063 quoque,
1534 4990 1635 5063 qui
1665 4992 1738 5047 ab
1769 5011 1859 5049 ea-

200 5079 344 5135 dem
377 5077 601 5149 synodo
632 5076 1014 5132 redeuntibus
1046 5077 1265 5150 aliquid
1297 5079 1578 5135 inferrent
1615 5080 1862 5153 impedi-

201 5162 802 5237 menti.Privilegium
830 5170 1031 5221 autem
1074 5167 1232 5238 quod
1282 5166 1492 5223 fecerat
1521 5175 1721 5225 sancto
1755 5170 1863 5225 Re-

199 5253 644 5329 migio,ibidem
672 5254 733 5310 in
763 5258 1079 5326 conspectu
1112 5254 1376 5310 omnium
1398 5256 1702 5312 recitatum
1734 5274 1865 5313 con-

196 5340 484 5408 firmavit,
511 5345 570 5397 et
598 5342 902 5397 constituit
927 5343 1088 5398 omni
1118 5344 1558 5415 tempore,sicut
1579 5344 1861 5416 scriptum

195 5429 638 5497 continebatur,
671 5429 1087 5486 inviolabiliter
1115 5432 1464 5498 conservari,
1498 5432 1697 5503 sicque
1727 5433 1865 5488 data

194 5518 612 5578 benedictione
641 5517 954 5575 concilium
995 5518 1184 5574 solvit.

1968 4994 2168 5049 tialem
2186 4992 2313 5049 tech
2323 4996 2548 5058 nam,ut
2561 4988 2937 5062 apostolicam
2951 4983 3228 5041 devitaret
3240 4976 3609 5052 praesentiam

1971 5082 2094 5154 regi
2126 5079 2440 5153 suggessit,
2466 5084 2528 5151 et
2547 5078 2698 5133 hanc
2745 5073 2998 5131 maxima
3028 5076 3188 5145 parte
3217 5068 3352 5124 cleri
3384 5065 3476 5123 sui
3506 5065 3610 5120 dc-

1970 5172 2099 5225 vote
2132 5167 2585 5240 expetente,ipse
2616 5184 2649 5221 a
2678 5181 2786 5221 sua
2838 5162 2972 5219 sede
3022 5160 3192 5232 longe
3220 5156 3471 5228 aufugit,
3505 5169 3611 5209 nec

1972 5256 2257 5313 Dominici
2288 5256 2545 5327 corporis
2574 5253 2804 5322 viatico,
2838 5270 2870 5308 a
2898 5249 3122 5306 malitia
3150 5262 3258 5303 sua
3285 5242 3612 5300 sanctifica-

1971 5350 2091 5413 tus,
2119 5361 2222 5400 nec
2253 5345 2325 5400 ab
2354 5344 2557 5399 eodem
2580 5342 2731 5398 clero
2758 5358 2863 5397 suo
2893 5336 3283 5395 consolatione
3324 5330 3611 5389 visitatio-

1973 5435 2066 5489 nis
2100 5435 2159 5488 in
2202 5431 2477 5488 extremis
2524 5429 2899 5497 refoeillatus,
2952 5427 3145 5482 divino
3181 5422 3413 5495 judicio
3450 5423 3609 5476 extra

1966 5523 2112 5579 ﬁnes
2134 5520 2414 5593 episcopii
2437 5519 2526 5575 sui
2560 5518 2719 5573 solus
2755 5516 2899 5572 obiit
2920 5515 3088 5587 quasi
3120 5512 3478 5586 peregrinus.
3512 5505 3604 5559 Al-

267 5609 362 5664 17.
396 5606 756 5677 Hujusmodi
788 5624 924 5679 ergo
960 5607 1164 5663 ordine
1212 5607 1362 5662 beati
1396 5606 1581 5664 Patris
1612 5608 1857 5680 Remigii
1965 5617 2054 5666 ter
2080 5626 2234 5678 vero,
2268 5608 2409 5681 quia
2438 5611 2613 5678 caput
2661 5604 2915 5660 ministri
2964 5603 3179 5659 Christi
3210 5618 3271 5657 se
3318 5595 3606 5654 abscissu-

266 5823 386 5895 (20)
418 5820 590 5895 Hunc
616 5834 899 5895 canonem
932 5817 1197 5895 nonnulli
1227 5819 1286 5875 in
1337 5820 1485 5876 duos
1523 5820 1859 5892 partiuntur
1965 5823 2161 5895 quibus
2183 5821 2573 5895 consentirent,
2600 5816 2690 5873 vel
2719 5817 2841 5889 quis
2870 5816 2938 5869 iis
2965 5811 3304 5895 consentias:

198 5891 284 5953 ad,
306 5894 439 5965 hec
464 5891 648 5965 verba
684 5891 797 5965 :_Et
816 5893 868 5946 .ςί
884 5894 1008 5965 quis
1036 5892 1377 5965 clericorum,
1410 5897 1517 5947 ete.

266 5966 387 6041 (21)
421 5963 538 6025 Ms.
564 5960 1201 6035 Remig.,cohsentirent.
1222 5963 1852 6035 Baron.,episcoporum,

2183 5890 2499 5964 Ecclesiae}
2533 5860 2877 5964 llcmedsem
2909 5882 3135 5953 egregie
3174 5863 3594 5933 administrawt

1969 5960 2227 6023 ab'anno
2254 5963 2394 6021 1055
2423 5960 2495 6018 ad
2529 5960 2685 6016 1067.
