3940 6364
1611 417 2352 538 ELENCHUS

491 668 996 742 AUCTORUM
1045 667 1159 740 ET
1205 667 1586 740 OPEBUM
1635 667 1784 750 QUI
1835 667 1922 736 IN
1975 665 2154 740 HOC
2199 665 2454 738 τοΜο
2495 665 2766 740 CXLIII
2811 663 3468 738 CONTINENTUR

1719 881 2236 916 .__.__‘.>_____.

917 1139 1390 1190 HERMANNUS
1440 1137 1925 1190 CONTRACTUS
1973 1137 2384 1188 MONACHUS
2431 1137 2690 1190 AUGIrE
2741 1137 3024 1187 DIVITIS

397 1202 701 1252 Chronicon
721 1214 847 1250 cum
866 1203 1146 1260 auctariis,
1165 1203 1259 1250 col.
1281 1202 1366 1250 55.
1384 1227 1458 1236 —-
1477 1202 1558 1250 De
1577 1213 1834 1250 mensura
1853 1201 2156 1258 astrolabii,
2175 1201 2270 1250 col.
2293 1199 2412 1250 379.
2431 1227 2504 1236 -—
2523 1202 2602 1251 De
2623 1201 2964 1252 utilitatibus
2981 1199 3286 1258 astrolabii,
3305 1199 3400 1248 col.
3421 1199 3544 1250 389.
3563 1223 3644 1234 —

327 1265 406 1314 De
443 1266 668 1323 musica,
704 1265 798 1314 col.
835 1265 956 1314 413.
991 1290 1064 1300 -—-
1098 1265 1398 1326 Sequentia
1433 1265 1498 1314 de
1537 1265 1702 1313 beata
1737 1264 1911 1313 Maria
1947 1264 2174 1324 virgine,
2210 1265 2304 1312 col.
2341 1264 2462 1312 443.
2497 1290 2568 1298 —
2601 1264 2836 1314 Carmen
2869 1264 2936 1312 de
2973 1261 3234 1311 conﬂictu
3267 1263 3390 1311 ovis
3421 1265 3483 1312 et
3515 1262 3640 1320 lini,
3691 1309 3694 1312 .

324 1328 418 1375 σθ’·
457 1327 576 1376 ⁴⁴⁵·
1361 1387 1414 1437 s.
1468 1385 1612 1436 ι.Εο
1669 1387 1752 1436 1x
1803 1385 2186 1436 PONTIFEX
2237 1385 2596 1438 ROMANUS

399 1451 638 1500 Libellus
667 1452 734 1502 de
765 1451 1027 1500 conﬂictu
1057 1451 1322 1500 vitiorum
1353 1453 1521 1510 atque
1553 1451 1848 1506 virtutum,
1879 1450 1972 1498 col.
2007 1450 2125 1498 559.
2156 1475 2228 1484 ——
2258 1449 2450 1499 Oratio
2479 1451 2552 1499 ad
2580 1449 2944 1500 Adelbertum
2975 1449 3253 1506 comitem,
3283 1448 3380 1496 col.
3411 1447 3534 1497 577.
3560 1471 3644 1510 ς-

327 1512 544 1562 Notitia
577 1515 642 1563 de
677 1514 930 1562 cmnobio
963 1513 1015 1562 S.
1051 1513 1203 1574 Apri,
1236 1513 1330 1560 col.
1365 1509 1485 1561 581.
1515 1537 1590 1546 ~—-
1623 1512 1942 1574 Diplomata
1975 1513 2110 1561 data
2143 1523 2270 1560 cum
2302 1512 2486 1561 adhuc
2515 1513 2806 1574 episcopus
2837 1511 3111 1561 Tullensis
3141 1513 3346 1572 ageret,
3380 1510 3475 1558 col.
3511 1509 3640 1560 583.

325 1601 399 1610 —-
426 1575 692 1638 Epistola:
717 1578 776 1625 et
802 1577 1024 1626 decreta
1051 1575 1358 1636 pontificia,
1387 1575 1480 1622 col.
1511 1575 1630 1623 591.

1363 1661 1639 1714 VICTOR
1697 1662 1748 1710 II
1801 1659 2188 1712 PONTIFEX
2237 1661 2598 1714 ROMANUS

403 1725 666 1787 Epistola
707 1727 767 1776 et
809 1727 1050 1782 decreta,
1094 1725 1187 1774 col.
1233 1723 1354 1774 803.

1191 1813 1729 1862 BERENGARIUS
1780 1811 2196 1864 VICECOMES
2247 1812 2776 1862 NARBONENSIS

406 1877 755 1935 Querimonia
789 1877 1052 1927 adversus
1087 1876 1420 1926 Gutiredum
1454 1876 1872 1924 Narbonensem
1903 1875 2162 1938 archiep.,
2195 1876 2290 1924 col.
2325 1875 2444 1924 837.

805 1965 1108 2014 THEUZO
1161 1963 1500 2012 EREMITA
1553 1964 1648 2012 ET
1697 1963 2106 2014 MONACHUS
2158 1964 2208 2013 S.
2263 1963 2526 2011 MARIIE
2579 1963 2678 2012 DE
2732 1960 3160 2012 FLORENTIA

405 2027 666 2089 Prologus
691 2027 1056 2088 expositionis
1083 2027 1283 2088 regulae
1313 2027 1364 2074 S.
1398 2027 1455 2074 P.
1489 2025 1556 2074 N.
1591 2026 1894 2082 Benedicti,
1923 2026 2017 2073 col.
2049 2026 2166 2074 845.

1409 2113 1562 2164 ODO
1613 2111 2020 2164 MONACHUS
2075 2111 2558 2164 FOSSATENSIS

402 2175 534 2226 Vita
561 2177 866 2227 Burchardi
891 2177 1126 2236 comitis,
1153 2178 1246 2226 col.
1275 2175 1392 2225 847.

1303 2263 1695 2312 ANSELMUS
1743 2263 2166 2314 CANONICUS
2215 2262 2664 2313 LEODIENSIS

407 2327 654 2377 Historia
684 2329 1068 2390 episcoporum
1103 2326 1504 2382 Leodiensium,
1537 2328 1631 2374 col.
1665 2326 1783 2374 861.

1305 2415 1562 2464 DROGO
1617 2414 2146 2465 BELLOVACENS
2157 2415 2218 2462 IS
2269 2414 2668 2465 EPISCOPUS

407 2477 658 2539 Epistola
685 2479 758 2528 ad
785 2477 870 2526 W.
901 2478 1286 2540 coepiscopum
1313 2490 1491 2534 suum,
1519 2477 1612 2524 col.
1643 2477 1762 2526 863.

1579 2565 2016 2614 STEPHANUS
2071 2563 2148 2614 IN
2201 2565 2390 2616 PAPA

416 2628 681 2690 Epistola;
701 2631 760 2678 et
781 2627 1084 2692 privilegia.
1108 2628 1201 2676 col.
1229 2627 1345 2676 869.

1454 2715 1927 2764 GOZECI—IINUS
1979 2713 2516 2764 SCI-IOLASTICUS

409 2779 657 2840 Epistola
692 2780 764 2828 ad
797 2779 1144 2835 Valcherum,
1180 2779 1273 2826 col.
1311 2777 1429 2825 885.

1346 2863 1684 2914 JOANNES
1735 2863 2102 2914 SABINENS
2113 2863 2172 2914 IS
2225 2865 2622 2914 EPISCOPUS

412 2929 762 2989 Querimonia
791 2933 983 2978 contra
1015 2928 1300 2978 Farfenses
1329 2928 1646 2984 monachos,
1674 2929 1767 2975 col.
1799 2928 1917 2976 909.

923 3017 1386 3066 HUMBERTUS
1436 3015 1909 3072 CARDINALIS,
1963 3015 2360 3066 EPISCOPUS
2411 3015 2648 3064 SILV/E
2695 3013 3054 3066 CANDIDE

411 3079 616 3128 Contra
645 3079 956 3128 Graecorum
983 3079 1304 3136 calumnias,
1331 3079 1426 3127 col.
1453 3079 1572 3126 929.
1601 3103 1672 3112 —-—
1696 3079 1978 3128 Adversus
2005 3079 2361 3136 Simoniacos,
2387 3079 2481 3125 col.
2513 3077 2665 3127 1005.
2692 3103 2764 3113 --
2787 3077 3117 3135 APPBNDIX,
3143 3102 3216 3111 —
3241 3077 3658 3139 Fragmentum

341 3142 736 3202 disputationis
773 3145 966 3190 contra
1004 3141 1239 3198 Graecos,
1277 3142 1369 3188 col.
1411 3141 1564 3189 1213.
1602 3166 1674 3175 —-
1711 3141 1912 3188 Domni
1952 3141 2003 3189 J.
2045 3141 2346 3189 Mabillonii
2386 3140 2719 3190 Dissertatio
2756 3141 2823 3190 de
2860 3153 3002 3202 pane
3039 3139 3404 3190 eucharistico
3442 3152 3658 3202 azyma

338 3217 405 3254 ac
427 3204 780 3260 fermentata,
807 3205 900 3252 col.
933 3204 1083 3252 1219.
2085 3227 2090 3232 ι

1259 3264 1772 3313 ADELMANNUS
1826 3263 2262 3314 BRIXIENSIS
2315 3263 2712 3314 EPISCOPUS

409 3328 660 3390 Epistola
692 3329 763 3378 ad
799 3329 1205 3390 Berengarium,
1238 3328 1331 3375 cot.
1369 3327 1520 3376 1289.
1552 3352 1625 3362 --
1655 3327 1928 3386 Rhythmi
1959 3327 2294 3388 alphabetici
2325 3327 2392 3376 de
2424 3327 2558 3376 viris
2585 3327 2894 3376 illustribus
2923 3327 3008 3376 sui
3037 3327 3322 3388 temporis,
3353 3325 3448 3374 col.
3487 3326 3658 3377 1295.

1629 3415 1997 3466 NICOLAUS
2052 3414 2106 3462 II
2161 3415 2349 3464 PAPA

409 3477 673 3541 Epistola
691 3483 748 3529 et
769 3479 1082 3542 privelegia.
1103 3479 1198 3526 col.
1227 3478 1377 3527 1301.

1327 3567 1537 3618 HUGO
1591 3566 1646 3614 II
1697 3565 2208 3615 NIVERNENSIS
2257 3565 2656 3616 EPISCOPUS

413 3629 664 3690 Epistola
690 3630 762 3678 ad
789 3629 1258 3678 Barthoiomaeurn
1285 3627 1660 3680 Turonensem
1686 3629 2176 3692 archiepiscopum,
2203 3629 2297 3676 col.
2331 3629 2480 3678 1367.

1582 3717 1780 3766 BOVO
1828 3717 2068 3765 ABBAS
2121 3717 2172 3764 S.
2225 3715 2540 3764 BERTINI

417 3779 498 3830 De
523 3779 842 3828 inventione
871 3782 930 3828 et
955 3779 1263 3828 elevatione
1295 3780 1538 3840 corporis
1567 3779 1619 3827 S.
1651 3779 1882 3835 Bertini,
1909 3779 2004 3826 col.
2039 3779 2190 3827 1369.

1243 3865 1738 3916 FROLLANDUS
1789 3865 2436 3916 SYLVANECTENSIS
2487 3867 2581 3915 ΕΡ
2591 3865 2886 3917 ISCOPUS

413 3931 664 3992 Epistola
689 3931 761 3980 ad
787 3931 1194 3991 Bcrengarium,
1219 3929 1312 3977 col.
1343 3929 1492 3978 1369.

1107 4015 1483 4068 WIDRICUS
1533 4015 1772 4065 ABBAS
1823 4017 1873 4066 S.
1927 4015 2286 4066 GHISLENI
2343 4015 2420 4064 IN
2471 4015 2870 4067 HANNONIA

425 4081 674 4142 Epistola
703 4081 774 4132 ad
805 4081 1104 4130 Henricum
1133 4081 1264 4142 imp.
1295 4081 1616 4141 cognomine
1649 4079 1894 4140 Nigrum.
1923 4080 2016 4127 col.
2051 4079 2200 4128 1371.

1297 4167 1592 4217 FRANCO
1643 4166 2014 4216 SCHOLAST
2023 4167 2181 4216 ICUS
2233 4167 2430 4216 LEOD
2443 4167 2606 4217 IENS
2617 4168 2677 4216 IS

429 4232 713 4293 Specimen
743 4231 863 4292 ejus
895 4231 1112 4292 operids
1143 4232 1210 4280 de
1245 4231 1588 4291 quadratum
1617 4231 1823 4287 circuli,
1853 4231 1948 4278 col.
1985 4231 2136 4278 1373.

831 4319 894 4366 Β.
949 4317 1364 4367 MAURILIUS
1413 4317 2052 4368 ARCHIEPISCOPUS
2102 4317 2733 4367 ROTHOMAGENSIS

427 4381 678 4442 Epistola
713 4381 786 4432 ad
817 4383 1138 4442 episcOpum
1175 4381 1580 4437 Ebroicensem,
1615 4381 1709 4428 col.
1749 4379 1900 4430 1387.
1935 4405 2009 4414 -—
2043 4379 2316 4429 Professio
2355 4379 2480 4432 ﬁdei
2515 4381 2580 4429 de
2617 4383 2963 4430 sacramento
2997 4381 3240 4442 corporis
3270 4383 3330 4429 et
3362 4383 3676 4442 sanguinis

355 4441 580 4500 Christi,
610 4444 704 4491 col.
739 4441 890 4492 1389.
921 4441 1322 4504 -—’Epitaphia
1355 4443 1601 4492 Rollonis
1627 4447 1686 4492 et
1718 4443 1992 4492 Guillelmi
2023 4442 2222 4504 Longa:
2255 4443 2493 4504 Spathw,
2526 4443 2945 4493 Northmannize
2973 4441 3196 4500 ducum,
3227 4443 3321 4492 col.
3355 4441 3512 4492 1389.

703 4529 1191 4580 RAIMBALDUS
1243 4529 1754 4580 ARELATENSIS
1805 4529 1982 4582 ECCL

427 4595 766 4644 Diplomata.
790 4595 883 4642 col.
913 4594 1064 4642 1393.

1304 4531 1682 4580 RELATENS
1693 4529 1754 4580 IS
1805 4529 2175 4582 ECCLESIAE
2225 4529 2860 4582 ARCHIEPISCOPUS

501 4607 766 4656 piomata,
790 4607 883 4642 cor.
915 4607 1064 4642 1393.

1227 4655 1643 4704 GERVASIUS
1695 4654 2086 4709 REMENSIS‘
2119 4653 2755 4705 ARCHIEPISCOPUS

425 4719 688 4780 Epistola
715 4719 786 4768 ad
815 4717 1104 4766 Nicolaum
1137 4716 1190 4764 II
1217 4721 1274 4766 et
1300 4719 1678 4768 Alexandrum
1711 4717 1783 4774 Il,
1812 4718 1905 4765 col.
1939 4718 2090 4767 1399.
2117 4743 2190 4752 ——-
2217 4717 2555 4780 Diplomata,
2583 4719 2676 4766 col.
2709 4716 2860 4766 1401.

421 4869 640 4918 Charta
690 4868 768 4915 cl
827 4805 1458 4918 14YOI3J§IODEGARIUS
1507 4805 1962 4856 VIENNENSIS
2013 4805 2383 4857 ECCLESIIE
2432 4805 3069 4856 ARCHIEPISCOPUS

643 4904 656 4918 .
717 4883 784 4916 0.
967 4904 978 4916 .

643 4904 656 4924 ,
690 4883 784 4916 cm.
827 4883 978 4918 140.5.

951 4956 1388 5006 STEPHANUS
1439 4957 1739 5008 SANCT/E
1789 4957 2126 5006 ΒΟΜΑΝᾸΞ
2175 4955 2548 5007 ECCLESIIE
2596 4955 3052 5007 CARDINALIS

427 5019 674 5069 Canones
693 5020 910 5068 concilii
926 5019 1278 5076 Turonensis,
1297 5019 1391 5067 col.
1415 5019 1568 5067 1409.
1589 5045 1661 5054 ——
1681 5019 1930 5081 Epistola
1951 5021 2022 5068 ad
2043 5019 2316 5068 Joannem
2337 5019 2630 5068 Dolensem
2648 5019 2988 5080 episcopum,
3008 5018 3102 5067 col.
3127 5019 3278 5066 1411.
3299 5045 3372 5052 -—
3389 5017 3684 5081 Diploma

353 5095 454 5144 pro
481 5081 764 5132 monachis
791 5081 1305 5140 Vindocinensibus,
1331 5082 1426 5130 col.
1459 5082 1610 5130 1413.

1479 5169 1624 5220 LEO
1672 5169 2070 5218 ATINENSIS
2121 5169 2519 5220 EPISCOPUS

429 5233 510 5296 De
534 5233 852 5296 inventione
881 5235 1122 5296 corporis
1151 5233 1212 5280 B.
1243 5233 1412 5296 Marci
1434 5233 1722 5296 martyris,
1741 5231 2021 5296 col.71‘415.
2048 5257 2119 5296 ῖ-
2147 5232 2498 5296 Ρινίγὶιεείιιηι
2525 5245 2624 5296 pro
2649 5231 2931 5296 canonicis
2951 5235 3011 5296 et
3028 5231 3244 5296 claricis
3269 5232 3688 5296 Atinensibus,

357 5297 451 5344 col.
483 5295 634 5344 1423.
657 5321 732 5329 —
755 5295 944 5344 Sermo
968 5293 1032 5346 de
1059 5297 1313 5357 passione
1343 5295 1406 5342 Β.
1433 5293 1620 5351 Marci,
1645 5295 1738 5342 col.
1769 5293 1922 5344 1423.
1945 5319 2020 5330 -—-
2043 5293 2230 5344 Sermo
2253 5295 2312 5342 in
2335 5293 2536 5344 Octava
2559 5293 2828 5354 ejusdem,
2853 5293 2946 5343 col.
2977 5293 3128 5342 1427.

923 5381 1355 5433 AVESGOTUS
1406 5382 1458 5432 S.
1513 5381 1736 5430 PETRI
1786 5381 2154 5432 CULTURE
2204 5359 2790 5432 CENOMANENSIS'
2829 5381 3070 5431 ABBAS

427 5445 678 5508 Epistola
713 5447 786 5496 ad
821 5446 1161 5503 Anselmum,
1197 5446 1558 5508 postmodum
1592 5445 2044 5495 Cantuariensem
2080 5444 2337 5508 archiep.,
2373 5445 2467 5494 ωι.
2507 5445 2658 5494 1431.

1333 5533 1427 5583 SS.
1477 5531 1859 5584 ARIALDUS
1911 5533 2004 5582 ET
2057 5533 2668 5584 HERLEMBALDUS

419 5598 579 5654 Acta,
609 5596 702 5645 col.
737 5595 889 5645 1433.
919 5621 990 5630 ——
1017 5595 1068 5645 S.
1102 5595 1308 5646 Arialdi
1339 5595 1626 5644 conciones
1653 5599 1784 5653 tres,
1813 5595 1906 5644 col.
1940 5595 2090 5644 1515.

1229 5683 1279 5732 S.
1333 5683 1541 5733 ANNO
1589 5683 2081 5734 COLONIENSIS
2130 5683 2768 5734 ARCHIEPISCOPUS

423 5747 760 5811 Diplomata,
779 5748 874 5796 σοι.
901 5747 1050 5796 1585.
