3940 6514
1516 591 1859 600 ____,__._.

1005 589 1015 630 :
1068 588 1107 629 π
1206 590 1213 627 ⁵
1466 591 2144 600 _-___,._s...____.

1864 590 3517 634 Ἤ

1504 787 1668 832 ANNO
1711 788 1924 834 DOIINI
1968 788 2113 836 ιιιν
2125 818 2140 833 .

420 970 1702 1165 HERMANNUS

1867 967 3221 1169 CONTRACTUS

1278 1278 1713 1342 MONACHUS
1758 1281 2025 1343 AUGUE
2070 1281 2358 1343 DlVITlS

306 1450 774 1537 NOTITIA
847 1447 1469 1533 HISTORICA
1538 1451 1647 1534 IN
1720 1449 2454 1537 HERMANNUM
2511 1450 3327 1540 CONTHACTUM.

405 1655 511 1725 (Ex
538 1653 763 1708 Joanne
793 1653 1008 1724 Egone,
1039 1652 1141 1707 lib.
1178 1653 1248 1705 De
1279 1654 1411 1706 viris
1446 1652 1751 1709 illustribus
1786 1653 1971 1723 Augize
2002 1654 2218 1722 Divitis,
2251 1654 2402 1725 apud
2440 1658 2566 1721 Pes,
2602 1654 2855 1709 Thesaur.
2893 1654 2933 1721 Ι,
2966 1671 3052 1721 III,
3081 1657 3231 1722 688.)

192 1951 556 2007 Hermannus
576 1948 921 2004 Contractus
944 1945 1049 2017 (sic
1081 1963 1115 2000 a
1146 1947 1539 2002 membrorum
1559 1947 1760 2001 debili-
1794 1949 1844 2013 Α
1877 1948 2137 2020 scripsit;
2175 1953 2229 2003 et
2260 1949 2495 2004 demum
2532 1952 2912 2021 posteaquam
2943 1946 3256 2004 virtutibus
3285 1948 3523 2020 quidem

130 2045 230 2097 tate
257 2040 544 2109 vocatus).
582 2036 895 2108 Augiensis
919 2035 1163 2090 coenobii
1193 2035 1490 2107 singulare
1507 2036 1683 2091 decus
1711 2040 1767 2091 et

130 2130 288 2185 totius
316 2124 679 2183 Benedictini
697 2123 923 2179 ordinis
946 2123 1588 2195 lucidissimumjubar,
1614 2142 1764 2179 anno

130 2218 321 2274 Christi
354 2216 521 2280 1013,
554 2230 628 2270 xv
658 2212 781 2269 Kal.
816 2213 1089 2284 Augusti,
1121 2220 1279 2284 patre
1311 2217 1484 2267 natus
1507 2218 1594 2267 est
1617 2212 1768 2267 Wol-

128 2303 551 2374 ferado,comite
570 2301 1129 2373 Veringensi,matre
1153 2307 1345 2356 autem
1372 2301 1767 2356 HiltrudeJlic

131 2414 259 2469 puer
280 2396 337 2451 in
366 2393 625 2465 Augiam
656 2392 889 2457 ductus,
924 2406 1057 2445 cum
1089 2391 1250 2445 home
1282 2391 1518 2461 quidem
1551 2391 1764 2444 indolis

127 2483 594 2555 esset,ingenium
610 2484 805 2535 tamen
823 2479 1381 2549 rudius,litterisque
1396 2478 1704 2532 addiscend
1719 2480 1765 2533 is

128 2574 302 2630 minus
331 2573 617 2628 idoneum
648 2572 920 2640 expertus
951 2572 1059 2622 est.
1095 2568 1281 2630 Quare
1304 2568 1479 2621 beata:
1510 2567 1765 2639 Virginis

126 2680 293 2737 opem,
324 2662 503 2731 cujus
533 2656 815 2731 singulari
838 2655 1159 2728 patrocinio
1179 2657 1304 2726 jam
1331 2672 1391 2710 se
1413 2655 1634 2727 pridem
1660 2656 1762 2710 de-

124 2754 350 2818 voverat,
382 2747 711 2805 inclamare
741 2745 932 2818 ccepit,
966 2761 1094 2817 qua:
1114 2744 1339 2799 felicius
1363 2744 1658 2815 ingenium
1679 2744 1763 2797 illi

127 2838 463 2913 quantocius
494 2834 847 2908 impetravit.
879 2833 1025 2889 Hinc
1048 2834 1204 2887 brevi
1224 2838 1480 2905 tempore
1502 2833 1761 2903 linguam

134 2927 681 2997 Latinam,Graacam
717 2922 1231 2993 Arabicamqueita
1260 2924 1509 2993 perfecte
1540 2922 1763 2977 addidi-

123 3019 203 3085 cit,
233 3022 295 3075 ut
322 3013 659 3089 quamlibet
689 3027 889 3067 earum
920 3010 1097 3066 veluti
1120 3009 1487 3066 vernaculam
1513 3027 1763 3081 pronun-

125 3106 288 3161 tiaret.
322 3105 511 3162 Poeta
543 3100 638 3158 sui
662 3100 945 3172 temporis
968 3098 1077 3154 fuit
1098 3098 1427 3171 praeclarus,
1449 3098 1761 3153 historicus

122 3194 406 3261 excellens,
451 3191 723 3248 musicus
770 3187 1041 3260 insignis,
1102 3186 1487 3259 philosophus
1542 3186 1761 3241 theolo-

1876 2039 2148 2093 omnibus
2180 2039 2405 2109 egregie
2422 2037 2683 2105 invaluit,
2709 2052 2951 2109 corpore
2980 2040 3175 2093 tamen
3197 2036 3289 2091 vix
3309 2036 3525 2092 debilia

1876 2128 2139 2181 membra
2170 2132 2506 2181 sustentans
2528 2125 2784 2181 animam
2812 2126 3066 2181 Creatori
3089 2142 3216 2193 suo,
3235 2124 3327 2181 cui
3352 2125 3522 2182 unice

1875 2215 1932 2269 in
1964 2215 2072 2269 hac
2094 2216 2212 2270 vita
2239 2214 2462 2287 placere
2495 2215 2741 2281 studuit,
2789 2214 3044 2269 reddidit
3096 2217 3229 2287 post
3282 2218 3518 2286 partum

1874 2304 2129 2375 Virginis
2156 2321 2306 2359 anno
2328 2304 2487 2370 1054,
2515 2309 2569 2358 et
2601 2304 2659 2357 in
2693 2304 2908 2374 praedio
2939 2307 3244 2375 parentum
3276 2317 3517 2358 suorum

1874 2391 2236 2448 Adelshusen
2271 2392 2593 2447 translatus
2618 2396 2727 2447 est.

1946 2481 2201 2536 Tametsi
2234 2496 2364 2536 vero
2396 2481 2489 2535 hic
2522 2478 2858 2552 prolubium
2891 2480 3034 2535 mihi
3067 2483 3221 2536 esset
3252 2496 3520 2553 superse-

1874 2569 2007 2623 dere
2038 2568 2566 2623 concertationibus
2596 2585 2713 2623 nor.
2745 2568 3112 2637 necessariis,
3146 2569 3287 2642 quia
3322 2573 3519 2625 tamen

1875 2656 2131 2728 quotidie
2162 2656 2258 2713 alii
2292 2663 2463 2729 atque
2488 2657 2583 2712 alii
2616 2657 2893 2713 historias
2920 2674 3098 2713 novas
3129 2674 3360 2731 semper
3379 2658 3521 2714 seri-

1873 2747 2039 2811 bunt,
2074 2745 2289 2816 quibus
2321 2763 2423 2817 pro
2456 2746 2737 2802 arbitratu
2771 2763 2877 2802 suo
2908 2748 3228 2803 sententias
3286 2747 3524 2819 quasvis

1872 2835 2045 2889 etiam
2080 2835 2388 2889 manifeste
2419 2834 2596 2890 falsas
2641 2836 2710 2890 ad
2764 2835 3137 2892 rumusculos
3184 2836 3382 2909 populi
3435 2851 3525 2892 ca-

1872 2924 2120 2993 ptandos
2146 2922 2464 2985 venditant,
2514 2922 2783 2978 existimo
2832 2925 3016 2978 satius
3066 2924 3326 2979 futurum
3358 2924 3408 2980 si
3452 2936 3521 2980 ea

1871 3011 2102 3079 saltem,
2126 3028 2252 3082 quae
2276 3012 2345 3066 de
2368 3011 2696 3067 Hermanno
2719 3016 2919 3067 nostro
2939 3011 3106 3068 abiis
3128 3011 3274 3068 falso
3294 3015 3522 3068 asserta

1871 3104 2030 3167 sunt,
2062 3100 2234 3155 etiam
2269 3116 2444 3171 quam
2478 3100 2817 3155 brevissime
2842 3099 3177 3169 refutarem,
3209 3117 3306 3169 ne,
3334 3100 3383 3157 si
3434 3104 3521 3157 ta-

1870 3205 2082 3255 cerem,
2105 3188 2333 3244 nullum
2351 3193 2696 3261 argumenta
2718 3192 2919 3244 nostra
2937 3188 3136 3257 robur,
3152 3205 3266 3262 quo
3288 3193 3521 3246 nosmet

122 3299 323 3356 gusque
354 3284 678 3355 prmstaus,
713 3276 1165 3333 mathematicus
1195 3276 1571 3332 doctissimus
1600 3291 1760 3347 aeque
1790 3313 1836 3378 Β
1873 3294 2003 3333 cum
2037 3278 2344 3333 Contraeto
2378 3282 2697 3344 tueremur,
2727 3277 2881 3333 credi
2915 3281 3157 3350 possent
3174 3278 3406 3336 habere.

123 3388 176 3427 ac
198 3368 739 3446 ingeniosissimus,
771 3367 852 3422 ita
881 3370 947 3421 ut
976 3364 1208 3421 laudem
1250 3364 1333 3419 illi
1392 3369 1531 3419 tunc
1585 3380 1755 3420 nemo

121 3462 480 3535 praeripuisse
492 3457 779 3513 videatur.
795 3456 977 3511 Tanta
1007 3453 1160 3509 enim
1176 3454 1756 3525 jugeniidexteritate

121 3549 177 3604 de
201 3547 524 3606 astrolabio
554 3544 810 3618 scripsit,
845 3547 908 3599 ut
938 3560 973 3598 a
1001 3541 1203 3598 multis
1234 3542 1420 3613 ipsius
1459 3542 1757 3597 astrolabii

119 3637 361 3695 inventor
390 3636 737 3693 haberetur.
773 3630 1113 3704 Composuit
1163 3630 1351 3702 primo
1383 3646 1596 3703 magna
1624 3648 1756 3686 cum

122 3724 399 3800 diligentia
431 3722 774 3782 Cbronicon
806 3720 1171 3776 succinctum
1199 3724 1256 3773 et
1286 3718 1448 3774 valde
1470 3725 1757 3791 apertum,

124 3817 255 3887 quod
286 3817 356 3873 ab
389 3812 640 3872 exordio
669 3809 871 3865 mundi
907 3809 977 3863 ad
1009 3824 1194 3862 aevum
1226 3824 1414 3879 usque
1444 3825 1637 3874 suum,
1689 3809 1757 3864 ad

127 3918 318 3959 annum
349 3917 577 3974 nempe
605 3898 818 3955 Christi
853 3898 1008 3965 1054,
1044 3897 1330 3968 perduxit,
1366 3898 1518 3967 quod
1550 3896 1763 3968 saepius

125 3992 457 4065 impressum
483 3989 722 4046 auctius
742 3986 813 4041 ab
839 3984 1078 4040 Henrico
1095 3984 1326 4039 Canisio
1348 3989 1487 4040 tom.
1523 3986 1543 4039 Ι
1564 3985 1760 4057 Antiq.

128 4080 255 4138 licet.
286 4082 522 4139 editum
557 4081 669 4145 est,
709 4076 1113 4146 lnsertumque
1171 4078 1307 4130 tom.
1368 4074 1441 4129 ΧΙ
1492 4073 1763 4129 Biblioth.

126 4167 369 4240 Patrum;
394 4172 471 4226 de
496 4166 730 4225 musica
747 4164 850 4220 lib.
872 4180 925 4231 1;
954 4163 1031 4219 De
1058 4163 1449 4218 monochordo
1479 4161 1581 4217 lib.
1615 4179 1662 4227 1;
1688 4162 1766 4218 De

124 4257 420 4331 eclipsibus
451 4256 567 4314 lib.
597 4255 748 4322 I;De
789 4253 1148 4325 quadratura
1189 4251 1387 4305 circuli
1443 4249 1543 4306 lib.
1579 4268 1632 4317 l;
1687 4250 1766 4305 De

124 4354 368 4421 computo
399 4348 541 4403 lib.1
571 4368 585 4412 ;
618 4342 699 4399 De
721 4340 1170 4415 physiognomia
1191 4339 1291 4394 lib.
1318 4357 1365 4407 1;
1396 4341 1469 4395 De
1494 4338 1767 4394 conflictu

126 4433 640 4508 rhythmomachiae
669 4430 773 4486 lib.
807 4448 859 4499 ις
891 4430 971 4485 De
1029 4428 1385 4484 astronomia
1413 4432 1768 4483 commenta-

124 4524 245 4592 rius,
274 4530 331 4582 et
358 4527 436 4582 de
467 4519 905 4594 compositione
935 4517 1235 4575 astrolabii
1264 4516 1365 4572 lib.
1392 4534 1486 4584 III;
1509 4516 1588 4572 De
1612 4516 1768 4571 utili-

125 4614 225 4668 tate
249 4611 568 4671 astrolabii
599 4609 705 4665 lib.
740 4625 757 4663 ι
786 4624 800 4676 ;
834 4611 910 4662 De
937 4605 1086 4660 Vitis
1117 4604 1374 4676 plurium
1431 4609 1767 4660 sanctorum

1942 3366 2300 3422 Trilhemius
2315 3366 2576 3438 proinde,
2600 3366 3521 3439 monachisAugiensibusimmee

1867 3455 1979 3511 rito
2011 3455 2283 3527 iniquior,
2321 3454 2587 3526 pluribus
2633 3454 2775 3510 locis
2833 3455 3069 3526 scripsit
3113 3455 3516 3513 Hermanuum

1868 3548 2130 3600 nostrum
2161 3542 2637 3598 San-Gallensem
2671 3542 2872 3608 fuisse,
2907 3558 3081 3614 quem
3112 3544 3240 3614 ejus
3260 3559 3515 3600 errorem

1867 3633 1964 3687 alii
1995 3631 2259 3687 secutiin
2290 3631 2578 3702 turpiores
2636 3630 2810 3687 etiam
2869 3630 3019 3703 lapsi
3051 3635 3208 3687 sunt.
3254 3632 3401 3688 Nam
3448 3636 3517 3688 ut

1867 3724 2201 3792 conceptam
2224 3718 2398 3774 semel
2424 3720 2616 3773 animo
2630 3718 2835 3775 falsam
2854 3720 3189 3791 opinionem
3206 3724 3515 3777 tuerentur

1869 3824 2128 3865 asserere
2158 3808 2283 3863 ausi
2314 3813 2454 3863 sunt
2484 3807 2850 3880 Helperieum
2891 3810 2950 3864 S.
2983 3809 3153 3879 Galli,
3209 3809 3520 3882 ceteroqui

1871 3897 2334 3954 eruditissimum
2356 3897 2733 3966 monachum,
2759 3898 3075 3953 Hermanni
3104 3902 3516 3972 prmeeptorem

1874 3987 2053 4042 fuisse
2083 4002 2147 4040 ac
2178 3985 2521 4057 magistrum
2550 4003 2563 4053 ;
2598 3986 2766 4057 eique
2794 4001 2825 4041 e
2854 3986 2973 4041 vita
3004 3986 3239 4042 abeunti
3270 3987 3337 4053 in,
3378 3990 3520 4042 San-

1875 4074 2127 4132 Gallensi
2142 4074 2445 4146 gymnasio
2458 4074 2851 4129 Hermannum
2867 4073 3525 4142 substitutum,utnimi-

1875 4180 2029 4233 rum,
2062 4162 2116 4217 sl
2143 4162 2339 4217 omnia
2360 4165 2477 4216 tam
2496 4160 2644 4215 belle
2669 4162 3042 4217 convenirent
3062 4166 3239 4234 atque
3260 4162 3510 4218 cohaere-

1876 4256 2023 4317 rent,
2058 4268 2228 4307 nemo
2256 4250 2511 4322 amplius
2540 4250 2851 4305 Hermanui
2902 4250 3318 4306 monachatum
3373 4254 3520 4305 San-

1878 4339 2206 4396 Gallensem
2240 4340 2296 4393 in
2331 4339 2572 4393 dubium
2607 4355 2889 4405 revocare,
2923 4339 3139 4395 nedum
3172 4338 3522 4412 impugnare

1876 4432 2147 4484 tentaret.
2170 4428 2251 4483 Ne
2271 4431 2463 4482 autem
2485 4426 2680 4483 videar
2699 4425 2926 4481 nullum
2942 4426 3189 4498 hujusce
3205 4425 3522 4483 commenti

1877 4521 2172 4594 auctorem
2206 4516 2381 4571 citare
2406 4516 2772 4587 posse,jubeo
2792 4515 3062 4571 lectorem
3086 4515 3286 4572 Jacobi
3313 4514 3522 4571 Meckii

1885 4604 2154 4661 libellum
2178 4604 2259 4659 De
2286 4604 2574 4676 episcopis
2604 4605 3145 4661 Constahtiensibus
3177 4603 3521 4660 Germanico

126 4696 209 4761 lib.
262 4720 326 4769 ις
386 4697 695 4758 Historias
743 4695 863 4751 sive
917 4693 1109 4749 ofﬁcia
1152 4691 1625 4748 Annuntialionis
1706 4692 1767 4746 Β.
1801 4676 1844 4743 C
1883 4695 2159 4749 idiomate
2216 4693 2436 4748 editum
2497 4694 2678 4763 adire,
2727 4692 2826 4749 ubi
2880 4692 2977 4750 ille
3055 4693 3205 4749 hanc
3261 4691 3521 4749 fabulam

127 4785 357 4861 Virginis
389 4795 452 4846 et
485 4789 553 4845 S.
591 4783 790 4841 Marias
822 4780 1215 4854 Magdalenae;
1258 4780 1564 4836 historiam
1599 4780 1775 4836 etiam

128 4875 183 4933 de
208 4879 304 4936 SS.
340 4877 612 4952 angelis,
640 4872 982 4946 sequentias
1008 4871 1077 4926 de
1126 4870 1466 4925 ascensione
1521 4867 1777 4938 Domini,

132 4966 222 5022 Rea:
248 4970 627 5041 munipotens,
661 4967 797 5029 etc.;
838 4964 917 5015 De
946 4958 1362 5031 Assumptione
1393 4958 1455 5013 Β.
1495 4956 1775 5029 Virginis,

130 5053 233 5121 Ave,
258 5056 553 5129 praeclara
583 5052 761 5106 maris
788 5048 981 5116 Stella,
1005 5051 1139 5108 etc.;
1189 5046 1267 5101 De
1299 5046 1507 5117 spiritu
1537 5051 1775 5101 sancto:

134 5140 257 5213 Veni,
288 5153 483 5202 sancte
517 5142 791 5212 Spiritus,
819 5141 872 5194 et
920 5138 1105 5191 emitte
1156 5136 1387 5191 cmlitus.
1447 5136 1779 5206 Responso-

132 5229 279 5301 rium,
312 5236 523 5291 Simon
563 5228 829 5298 Barjuna,
889 5231 1024 5292 etc.;
1086 5224 1424 5294 sequentias
1480 5228 1774 5295 praeterea,

131 5322 517 5392 responsorias
553 5314 999 5386 cantilenasque
1029 5311 1315 5384 plurimas
1342 5312 1602 5381 dictavit,
1635 5329 1781 5384 quas
1807 5378 1810 5381 Α

135 5404 260 5466 inter
286 5406 703 5468 celeberrimis
747 5407 805 5459 et
833 5403 940 5458 toti
998 5399 1263 5457 Ecclesia:
1295 5399 1466 5456 utiles
1509 5400 1677 5470 juxta
1724 5406 1783 5457 et

133 5502 281 5566 gratis
310 5502 457 5556 sunt
511 5492 900 5566 antipbonie;
951 5490 1127 5559 Salve,
1171 5490 1384 5557 regina,
1434 5492 1567 5556 etc.;
1624 5489 1782 5544 Alma

135 5583 500 5662 Redemptoris,
527 5586 650 5640 etc.
685 5579 900 5635 Praeter
926 5579 1038 5635 ista
1070 5576 1245 5633 etiam
1284 5576 1483 5632 omnia
1536 5576 1780 5631 rhetori-

135 5688 237 5733 cam
262 5682 319 5735 et
346 5675 569 5751 possin
606 5667 946 5725 Aristotelis
974 5683 1044 5722 ex
1070 5664 1271 5739 lingua
1284 5665 1529 5721 Arabica
1549 5665 1607 5721 in
1632 5664 1783 5720 Lati-

135 5777 249 5826 nam
284 5766 487 5836 vertit,
550 5758 868 5831 multaque
924 5756 1039 5813 alia
1094 5755 1406 5812 innumera
1459 5752 1781 5812 luculenter

432 5895 719 5961 ΡΑτιιοι..
764 5882 1028 5952 CXLIII.

1884 4782 2155 4848 rotunde,
2172 4782 2358 4852 deque
2381 4782 2621 4837 veritate
2642 4784 2770 4853 ejus
2795 4782 2941 4837 nihil
2964 4781 3247 4838 sollicitus
3268 4783 3518 4847 enarrat,

1884 4875 2122 4942 tamque
2142 4875 2355 4925 certam
2381 4874 2438 4925 et
2461 4874 2656 4926 notam
2682 4871 2997 4937 existimat,
3021 4875 3083 4927 ut
3103 4871 3277 4927 etiam
3294 4869 3523 4924 nullum

1885 4975 1991 5031 pro
2012 4975 2073 5014 se
2094 4974 2280 5030 neque
2299 4964 2709 5029 argumentum
2731 4975 2917 5031 neque
2939 4964 3234 5016 auctorem
3254 4959 3523 5016 adducat.

1888 5048 2049 5103 Unde
2076 5063 2209 5102 vero
2242 5048 2396 5102 hunc
2426 5063 2679 5103 errorem
2737 5048 3018 5117 hauserit,
3075 5049 3220 5105 mihi
3267 5047 3530 5104 nondum

1886 5135 2367 5207 liquet.0ptarem
2384 5151 2517 5191 vero
2540 5140 2606 5190 ut
2627 5136 2941 5208 scriptores
2961 5141 3019 5192 et
3036 5135 3367 5193 historiculi
3386 5135 3532 5192 tales

1889 5242 2017 5296 puis
2048 5224 2159 5279 sibi
2191 5224 2552 5294 incomperta
2584 5229 2721 5278 sunt
2754 5224 2985 5280 silentio
3012 5224 3389 5296 praeterirent,
3427 5237 3535 5279 nec

1889 5329 2021 5368 cum
2046 5317 2207 5367 tanto
2230 5311 2477 5367 aliorum
2500 5312 2837 5384 prasjudicio
2859 5329 3135 5386 magnam
3154 5310 3536 5369 vanihonoris

1888 5401 2383 5458 existimationem
2414 5408 2471 5457 et
2495 5402 2649 5473 apud
2681 5401 2918 5473 ignaros
2948 5401 3220 5459 homines
3260 5401 3535 5475 plausum

1891 5490 2139 5546 mercari
2171 5490 2492 5545 studerent.
2525 5494 2711 5557 Quare
2740 5491 2895 5547 enim
2941 5491 3265 5563 primulum
3320 5489 3535 5545 citatus

1884 5579 2140 5652 scriptor
2162 5578 2530 5650 Helpericum
2562 5579 3035 5636 san-Gallensem
3086 5580 3167 5635 ait
3220 5576 3536 5636 Hermanni

1884 5666 2071 5723 fuisse
2100 5667 2479 5739 magistrum,
2508 5666 2667 5723 nullo
2714 5667 3082 5741 antiquitatis
3134 5667 3306 5723 allato
3354 5677 3532 5734 argu-

1888 5759 2087 5814 mento
2104 5755 2133 5814 ?
2164 5756 2312 5813 Nam
2334 5754 2443 5813 hoc
2460 5755 2657 5815 elicuit
2675 5773 2744 5813 ex
2763 5757 2996 5830 scriptis
3016 5753 3305 5833 aliquibus
3320 5748 3537 5826 Helpe-

3172 5878 3198 5938 1
