3940 6354
333 411 401 470 Η
1103 407 1595 473 HERMANNUS
1638 409 2146 475 CONTRACTUS
2192 411 2541 473 MONACH.
2592 410 2961 474 AUGIENS.
3663 414 3738 475 12

332 542 458 610 rici,
490 544 590 598 aut
620 540 810 615 ipsius
839 540 1179 612 Hermanni,
1213 546 1314 598 aut
1343 559 1409 597 ex
1440 542 1726 615 scriptura
1755 542 1867 597 alia
1884 558 1975 597 ve-
2007 542 2061 610 Α
2092 541 2288 614 igitur,
2324 544 2479 614 quod
2514 542 2853 599 meminisse
2881 546 3073 615 potest
3098 541 3297 610 lector,
3322 559 3502 616 supra
3531 543 3740 616 proba-

332 631 441 687 teri
481 635 537 686 et
594 629 967 686 authentica?
1017 630 1317 698 Ostendat,
1367 631 1415 685 si
1472 631 1625 702 quod
1678 630 1968 700 ejusmodi
2078 630 2334 687 verimus
2358 632 2723 704 Hclpericum
2748 631 3727 701 natumcircaannumChristi827,

330 718 630 793 reperit,et
657 718 915 775 veritatis
946 720 1175 775 radium
1206 718 1373 774 nobis
1403 736 1517 774 non
1549 718 1895 783 invideat,ut
1914 724 1971 774 et
2080 724 2359 790 sequetur
2388 719 2557 775 illum
2590 719 2744 775 ultra
2771 722 2877 775 200
2903 737 3089 776 annos
3114 720 3293 775 vitam
3317 738 3484 777 suam
3519 722 3735 793 produ-

330 807 466 882 ipsi,
499 807 656 881 quod
685 824 917 880 aequum
948 811 1057 875 est,
1081 808 1422 874 credamus;
1457 806 1507 863 si
1536 809 1754 874 autem,
1814 807 1970 878 quod
2079 808 2254 875 xisse,
2291 812 2354 863 ut
2385 809 2513 880 jam
2569 809 2880 866 Germania
2906 809 3085 873 etiam
3136 822 3353 865 novum
3400 825 3463 867 se
3522 809 3740 867 habere

329 895 746 963 autumo,nihil
776 895 889 952 tale
919 896 1154 965 invenit,
1188 895 1328 969 quid
1361 899 1478 951 tam
1511 896 1787 951 audacter
1817 896 1971 967 quod
2081 897 2324 952 Nestora
2352 896 2590 970 gloriari
2620 897 2825 969 possit,
2858 913 3047 969 neque
3073 913 3248 957 suum
3271 890 3499 953 Graeciae
3523 898 3743 955 invide-

266 995 273 1001 '
330 985 516 1043 nescit
570 984 868 1041 afﬁrmat?
922 985 1031 1041 Sed
1092 984 1231 1056 quid
1286 983 1557 1039 acerbius
1588 984 1647 1039 in
1673 984 1972 1041 hominem
2082 1003 2143 1040 re
2174 985 2400 1041 debeat.

331 1073 591 1141 invehor,
626 1089 799 1145 quem
823 1073 1029 1144 opinor
1048 1088 1240 1128 errore
1263 1089 1367 1128 suo
1403 1072 1544 1127 nihil
1569 1071 1736 1127 nobis
1758 1072 1976 1128 incom-

333 1161 835 1229 modaturum,sed
858 1160 1229 1233 profuturum
1252 1160 1668 1233 plurimum?Si
1693 1161 1847 1215 enim
1870 1176 1975 1231 ego

332 1251 730 1306 demonstraro
762 1249 1128 1322 Helpericum
1160 1249 1329 1322 longe
1362 1253 1671 1321 antequam
1708 1250 1981 1305 Herman-

333 1354 444 1393 nus
474 1338 533 1393 in
562 1337 752 1394 lucem
783 1342 957 1394 natus
986 1338 1081 1405 sit,
1116 1342 1365 1393 mortem
1422 1338 1657 1403 obiisse,
1712 1337 1975 1410 nunquid

332 1444 448 1483 non
478 1427 744 1483 concidet
794 1431 982 1483 totum
1011 1427 1139 1497 ejus
1167 1427 1664 1482 fundamentum?
1722 1428 1787 1481 Et
1843 1443 1976 1481 cum

327 1515 541 1572 falsum
571 1532 666 1572 ess
682 1516 1032 1588 eprohavero
1062 1515 1460 1579 Hcrmannum
1494 1514 1778 1587 Helperici
1801 1514 1976 1569 disci-

330 1604 537 1676 pulum
568 1604 770 1671 fuisse,
803 1620 996 1660 annon
1048 1604 1385 1677 languescet
1435 1620 1690 1674 quoque,
1749 1604 1797 1657 si
1859 1620 1974 1657 non

330 1693 754 1765 exstinguatur,
789 1692 1003 1765 opinio,
1027 1693 1178 1764 quod
1213 1696 1379 1763 putat
1410 1692 1805 1746 llermannum
1839 1691 1897 1745 in
1920 1692 1976 1745 S.

332 1780 771 1837 Galli‘omnobio
802 1780 1155 1836 monachum
1184 1780 1403 1835 fuisse?
1432 1779 1515 1834 ita
1546 1781 1800 1852 profecto
1842 1797 1980 1835 con-

2156 1074 2221 1127 Et
2251 1072 2382 1128 licet
2413 1090 2562 1145 saepe
2607 1074 2820 1128 citatus
2860 1072 3110 1145 scriptor
3162 1077 3393 1129 aetatem
3448 1073 3741 1146 Hilperico

2085 1162 2227 1217 satis
2258 1160 2488 1233 longam
2513 1163 2812 1229 attribuat,
2835 1162 3106 1233 dicatque
3126 1161 3290 1218 illum
3320 1163 3393 1218 ad
3416 1164 3742 1235 nonagesi—

2088 1266 2248 1305 mum
2280 1250 2593 1320 scptimuin
2626 1266 2812 1321 usque
2843 1267 3063 1305 annum
3095 1251 3539 1327 pervenisse,’ut
3562 1252 3741 1327 forte,

2087 1338 2241 1410 quod
2273 1339 2344 1392 de
2376 1338 2690 1393 Hcrmanni
2714 1339 2822 1393 sub
2851 1338 3148 1410 Helperico
3170 1324 3524 1412 discipulatu
3554 1324 3761 1409 finxit,

2085 1443 2218 1481 vero
2251 1426 2505 1482 similius
2537 1434 2809 1499 appareat
2836 1446 2848 1494 ;
2877 1444 2988 1482 non
3021 1432 3217 1484 tamen
3260 1430 3403 1484 satis
3435 1414 3622 1484 ﬁnxit.
3683 1430 3745 1485 Si

2090 1516 2245 1571 enim
2279 1516 2402 1569 vult
2424 1522 2487 1570 ut
2511 1515 2776 1571 fabulosa
2804 1517 2933 1586 ejus
2954 1516 3148 1588 opinio
3171 1517 3477 1585 subsistat,
3503 1534 3746 1574 necesse

2089 1610 2175 1658 est
2208 1610 2267 1657 ut
2301 1605 2368 1659 ad
2408 1605 2724 1675 nonaginta
2754 1621 2853 1659 sex
2883 1622 3068 1660 annos
3096 1616 3329 1660 centum
3361 1611 3418 1661 et
3455 1611 3747 1678 quatuor-

2090 1694 2273 1747 decim
2308 1692 2450 1747 alios
2482 1693 2735 1763 adjiciat.
2777 1694 3146 1765 Perpendant
3176 1710 3312 1767 ergo
3369 1694 3428 1749 in
3490 1698 3745 1767 quantos

2091 1798 2314 1836 errores
2346 1781 2646 1836 contrariae
2677 1780 2970 1853 opinionis
2991 1786 3258 1837 auctores
3278 1781 3574 1851 labantur,
3599 1783 3744 1840 dum

329 1869 555 1943 tinget:
589 1885 704 1941 quo
735 1869 892 1925 enim
918 1866 1179 1941 fragilior
1208 1868 1613 1940 inﬁrmiorque
1643 1868 1844 1924 isthmc
1865 1867 1980 1939 opi-
2014 1905 2060 1970 Β
2092 1886 2268 1940 quam
2300 1869 2479 1925 semel
2531 1869 2603 1924 de
2660 1869 2975 1924 Hermanni
3032 1870 3395 1940 professione
3442 1871 3748 1943 arripuere

328 1956 426 2012 nio
454 1955 680 2013 reddita
710 1956 903 2025 fuerit,
938 1972 1004 2013 eo
1034 1960 1237 2012 nostra
1270 1956 1470 2012 fortior
1499 1957 1824 2028 certiorque
1852 1974 1982 2012 eva-

330 2045 445 2101 det.
478 2044 779 2117 Siquidem
801 2060 934 2099 cum
956 2042 1170 2101 falsum
1194 2046 1532 2116 apparuerit
1578 2045 1980 2099 Hcrmannum

331 2132 634 2205 Helporico
654 2133 713 2187 in
735 2132 934 2188 schola
954 2132 1355 2188 San-Gallensi
1388 2133 1763 2197 successisse,
1788 2134 1984 2187 minus

334 2222 470 2277 dein
500 2221 677 2277 etiam
706 2236 908 2277 verum
940 2220 1416 2293 apparebitillum
1449 2221 1583 2276 inS.
1609 2221 1756 2276 Galli
1782 2239 1981 2277 mona-

336 2309 511 2368 sterio
559 2310 908 2366 cmnobitam
965 2309 1166 2365 fuisse.
1230 2309 1301 2364 Ut
1354 2326 1488 2382 ergo
1547 2326 1798 2365 errorem
1832 2310 1985 2365 hunc

335 2397 508 2456 citius
537 2398 1468 2472 deprehendamus,necessarium
1491 2403 1579 2452 est
1600 2398 1986 2470 pervestigare

335 2488 500 2561 prius
524 2505 641 2561 quo
670 2504 788 2544 sivo
820 2491 1084 2560 uterque,
1104 2491 1223 2542 tam
1256 2487 1355 2542 Hel
1367 2487 1594 2558 pericus
1611 2503 1787 2558 quam
1811 2488 1985 2542 etiam

336 2576 734 2643 Hermannus,
766 2576 1046 2632 ﬂoruerit.
1079 2576 1158 2631 De
1188 2574 1469 2647 Helperici
1530 2575 1765 2646 quidem
1824 2580 1989 2630 aetate

338 2663 486 2721 nihil
514 2665 729 2721 certius
762 2681 1003 2736 possum
1033 2664 1284 2720 scribere
1314 2680 1489 2735 quam
1522 2664 1670 2734 quod
1705 2662 1986 2719 Sun-Gal-

338 2752 531 2810 lenses
556 2753 668 2826 ipsi
699 2754 1011 2824 scriptorcs
1060 2753 1318 2822 tradunt,
1367 2752 1615 2807 maxime
1662 2769 1792 2807 vero
1825 2752 1889 2806 Β..
1925 2752 1986 2806 Ρ.

338 2842 593 2899 Jodocus
638 2841 941 2910 Mezlerus,
995 2842 1415 2914 antiquitatum
1474 2841 1565 2897 sui
1637 2840 1978 2897 monasterii

342 2931 594 3003 scriptor
621 2934 678 2986 et
705 2929 1031 2986 illustrator
1047 2930 1335 3003 egregius,
1370 2930 1466 3002 qui
1495 2930 1553 2984 in
1582 2928 1729 2985 libro
1756 2935 1830 2985 De
1855 2930 1992 2986 viris

342 3018 678 3075 illustribus
711 3018 1047 3075 monasterii
1076 3018 1133 3074 S.
1167 3017 1334 3089 Galli,
1384 3018 1484 3074 ubi
1544 3018 1613 3073 de
1671 3018 1992 3075 Walafrido

355 3107 567 3165 Strabo
592 3111 826 3175 tractat,
861 3106 946 3162 sic
971 3106 1051 3162 ait
1075 3123 1087 3162 :
1119 3107 1334 3163 Nostros
1364 3112 1509 3162 certe
1536 3111 1727 3163 Patres
1748 3108 1992 3179 Helperi-

347 3213 473 3253 cum
517 3203 571 3253 et
623 3196 1051 3254 Werembertum
1079 3197 1250 3267 fuisse
1296 3195 1587 3267 discipulos
1613 3196 1853 3267 ejusdem
1890 3197 1992 3250 Ra-

2096 1957 2469 2024 sententiam,
2505 1957 2800 2013 mordicus
2831 1957 3234 2013 connituntur.
3268 1958 3468 2030 Neque
3525 1960 3746 2016 verosi-

2094 2045 2233 2100 mile
2258 2052 2348 2099 est
2363 2046 2517 2117 quod
2532 2045 2744 2116 aliquis
2766 2046 2993 2117 opinari
3012 2050 3226 2117 posset,
3244 2046 3426 2103 fuisse
3438 2048 3583 2103 forte
3595 2048 3745 2104 duos

2096 2134 2427 2205 Helpericos
2458 2133 2608 2204 apud
2645 2134 2701 2188 S.
2739 2132 2990 2199 Gallum,
3023 2150 3273 2204 quorum
3304 2151 3460 2190 unus
3481 2135 3594 2190 sub
3633 2136 3745 2191 Ra-

2096 2223 2419 2286 bano,alter
2431 2239 2563 2277 cum
2587 2224 2752 2276 llerm
2762 2239 2912 2276 anno
2932 2222 3447 2295 ﬂorueritejusque
3463 2224 3746 2296 magister

2095 2328 2223 2367 esse
2252 2311 2521 2382 potuerit.
2552 2310 2688 2365 Dico
2710 2311 2865 2365 enim
2890 2327 2980 2366 me
3001 2312 3295 2368 neminem
3318 2313 3509 2368 adhuc
3529 2312 3744 2386 legisse

2096 2400 2196 2471 qui
2210 2401 2357 2454 duos
2370 2398 2615 2468 hujusce
2631 2398 2885 2453 nominis
2900 2399 3165 2455 doctores
3187 2399 3745 2457 faciat.'l‘rithcmius

2097 2489 2290 2553 etiam,
2335 2488 2503 2558 cujus
2534 2488 2604 2542 ab
2638 2487 2986 2543 adversariis
3016 2488 3161 2543 ﬁdes
3190 2486 3284 2542 hic
3308 2488 3598 2561 miropere
3642 2505 3741 2545 ex-

2099 2575 2340 2638 tollitur,
2377 2592 2560 2630 unum
2612 2574 2982 2630 solummodo
3029 2574 3397 2647 Helporicum
3456 2576 3750 2642 nominat,

2100 2680 2272 2736 quem
2308 2663 2651 2735 plerumque
2682 2663 3011 2719 Hermanno
3033 2667 3197 2719 etate
3227 2663 3367 2719 facit
3393 2680 3618 2737 parem,
3651 2670 3760 2721 aut

2099 2754 2273 2808 etiam
2307 2768 2615 2822 supparnm
2644 2751 3364 2823 etjuniorem,prtesertim
3387 2754 3447 2808 in
3469 2752 3750 2826 Catalogo

2100 2842 2170 2896 de
2202 2841 2585 2911 scriptoribus
2610 2839 3040 2907 ecclesiasticis,
3074 2856 3250 2912 quem
3283 2846 3415 2913 post
3446 2840 3631 2898 libros
3661 2841 3744 2899 De

2104 2929 2244 2984 viris
2277 2928 2605 2983 illustribus
2634 2927 2855 2983 ordinis
2888 2927 3073 2984 nostri
3102 2928 3355 3000 scripsit.
3383 2928 3465 2985 lbi
3487 2929 3645 2985 enim
3670 2930 3756 2987 ait

2104 3018 2352 3073 Hcrman
2363 3032 2501 3071 num
2517 3016 2728 3072 vixisse
2751 3016 2859 3071 sub
2884 3016 3129 3072 Henrico
3151 3017 3432 3090 Ilimpera
3447 3019 3767 3086 tore,circa

2103 3122 2323 3162 annum
2357 3105 2586 3161 Domini
2621 3106 2786 3173 1Ο4Ο;
2819 3104 3185 3177 Helporicum
3203 3123 3336 3162 vero
3358 3108 3758 3164 circaannum

2108 3196 2262 3264 1069,
2294 3194 2404 3250 sub
2437 3193 2680 3249 Henrico
2716 3194 2790 3249 IlI
2822 3193 3191 3265 imperatore.
3226 3196 3371 3251 Ecce
3402 3212 3539 3269 ergo
3600 3197 3761 3269 quod

348 3286 479 3341 ὑαπί
504 3286 725 3352 scimus,
755 3288 865 3341 etc.
900 3284 958 3340 Si
988 3265 1122 3356 ergo
1145 3265 1480 3356 Helpericus
1530 3265 1856 3356 discipulus
1882 3285 1991 3342 Ra-
2023 3265 2065 3333 α
2105 3299 2291 3354 neque
2321 3281 2642 3337 secundum
2673 3281 2978 3337 Trithemii
3010 3280 3344 3354 opinionem
3402 3265 3759 3357 (quam-ipsi

347 3374 484 3431 bani
511 3374 643 3442 fuit,
676 3388 914 3430 necesse
944 3377 1034 3428 est
1062 3373 1244 3429 fuisse
1269 3377 1404 3429 ante
1435 3389 1654 3429 annum
1693 3375 1818 3441 847,
1876 3390 1990 3445 quo

246 3468 249 3475 '
349 3462 655 3520 Rabanum
676 3461 1068 3518 archidimcesi
1100 3461 1435 3534 praefectum
1467 3477 1595 3517 esse
1625 3462 1834 3517 docent
1853 3462 1994 3517 Con-

345 3554 567 3608 tractus
595 3550 656 3607 in
686 3549 993 3617 Chronico,
1026 3550 1312 3606 Baronius
1359 3549 1568 3605 Annal.
1601 3556 1741 3605 tom.
1801 3551 1869 3617 X,
1920 3551 1991 3605 ad

348 3640 692 3712 pradictum
721 3638 936 3695 Christi
966 3655 1209 3695 annum.
1244 3639 1389 3694 Hinc
1411 3655 1540 3694 vero
1564 3638 1813 3695 ulterius
1834 3638 1991 3694 colli-

349 3744 482 3801 gere
510 3726 649 3784 licet
667 3727 1022 3801 Hilpericum
1045 3732 1248 3783 natum
1272 3727 1454 3783 fuisse
1476 3732 1610 3783 ante
1632 3744 1849 3782 annum
1867 3729 1993 3793 828,

352 3833 488 3874 cum
518 3816 815 3890 probabile
836 3816 931 3884 sit,
954 3816 1186 3890 quando
1208 3815 1346 3871 Fuld
1358 3833 1451 3871 am
1473 3833 1502 3871 e
1523 3820 1578 3871 S.
1597 3814 1759 3872 Gallo
1772 3814 1994 3871 studio-

352 3922 483 3963 rum
512 3922 690 3963 causa
721 3906 938 3962 missus
968 3909 1074 3971 est,
1109 3905 1178 3960 ad
1213 3904 1525 3959 minimum
1580 3902 1996 3975 septemdecim

353 4012 638 4053 annorum
672 3995 874 4063 fuisse,
901 3998 957 4051 et
986 3994 1217 4050 duobus
1248 3998 1348 4048 aut
1377 3993 1569 4048 tribus
1591 3991 1998 4047 circiterannis

353 4085 570 4141 ibidem
604 4083 908 4141 Rabanum
940 4099 1138 4139 sacras
1164 4081 1391 4147 litteras
1421 4084 1805 4153 exponentem
1831 4081 1995 4135 audi-

352 4175 532 4243 visse,
547 4175 726 4248 quod,
751 4178 816 4230 ut
836 4172 1002 4243 dixit,
1026 4176 1158 4228 ante
1190 4187 1410 4226 annum
1433 4171 1538 4225 847
1558 4168 1814 4240 oportuit
1855 4168 1996 4223 fieri.

350 4264 497 4321 Nam
527 4263 801 4320 credibile
832 4279 947 4318 non
979 4266 1069 4319 est
1098 4260 1425 4327 Rabanum,
1450 4258 1577 4329 jam
1610 4257 1995 4329 archiepisco-

350 4369 492 4426 pum
521 4352 1004 4425 gravissimisque
1033 4349 1194 4405 curis
1224 4348 1574 4415 distentum,
1610 4344 1838 4402 scholas
1895 4346 1997 4402 ha-

346 4441 568 4498 buisse.
591 4440 708 4497 Hoc
733 4457 869 4514 ergo
888 4438 1063 4496 veluti
1088 4436 1467 4493 fundamento
1491 4434 1813 4507 supposito,
1840 4434 1994 4491 vide-

346 4529 543 4586 bimus
558 4533 833 4602 przsterea
845 4543 958 4600 quo
976 4530 1238 4598 tempore
1251 4522 1665 4596 Helpericus,si
1681 4523 1996 4579 Hermanni

2099 3371 2243 3427 alias
2258 3372 2328 3426 de
2349 3369 2662 3425 Hermanni
2681 3369 3027 3426 monachatu
3042 3368 3293 3426 libenter
3305 3375 3367 3426 ut
3383 3371 3760 3428 verissimam

2099 3459 2575 3531 amplectuntur),
2613 3458 2905 3530 [lelperico
2929 3458 3024 3513 ille
3038 3457 3098 3513 in
3122 3458 3760 3516 scholaSan-Gallensi

2099 3547 2381 3604 substitui
2418 3545 2683 3619 potuerit.
2709 3546 2820 3602 Sed
2849 3544 2988 3617 quid
3012 3545 3143 3602 istis
3159 3547 3458 3619 figmentis
3470 3549 3598 3619 jam
3629 3550 3752 3605 suf-

2101 3638 2363 3693 ﬁcienter
2394 3634 2738 3707 improbatis
2771 3633 2995 3691 diutius
3053 3635 3385 3691 immoror?
3426 3637 3755 3695 Prodamus

2102 3722 2420 3797 aliquando
2433 3725 2554 3795 jam
2582 3740 2686 3779 nos
2706 3739 2886 3795 quare
2908 3723 3075 3779 nobis
3099 3724 3411 3780 llermanni
3436 3727 3760 3783 monacha-

2106 3818 2229 3869 tum
2250 3813 2701 3879 ascribamus,et
2717 3829 2822 3867 cur
2839 3811 3350 3869 San-Gallcnsibus
3369 3813 3759 3887 abnegemus.

2104 3902 2264 3966 Quod
2306 3901 2377 3957 ad
2408 3917 2513 3956 nos
2543 3904 2783 3972 spectat,
2815 3900 3065 3957 dicimus
3096 3900 3377 3958 solidiora
3399 3909 3755 3976 argumenta

2106 3992 2177 4046 ad
2210 3992 2336 4061 ejus
2354 3990 2773 4062 professionem
2799 3989 2854 4043 in
2878 3990 3064 4062 Augia
3083 3990 3362 4046 emissam
3382 3992 3755 4063 probandam

2105 4096 2220 4135 non
2252 4094 2421 4150 posse
2469 4077 2709 4150 produci
2742 4094 2919 4149 quam
2953 4094 3079 4150 quas
3119 4077 3404 4135 hactenus
3459 4080 3764 4138 Arnoldus

2104 4167 2276 4223 Wion
2333 4171 2390 4222 et
2443 4165 2828 4233 Christianus,
2880 4164 3168 4222 Urstisius
3223 4164 3442 4239 aliique
3496 4168 3765 4225 veritatis

2106 4262 2371 4313 amantes
2401 4271 2468 4310 ex
2524 4254 2753 4339 ipsoqet
2800 4255 3130 4309 Hermanno
3181 4255 3496 4328 protulere,
3557 4256 3765 4329 qualia

2105 4351 2245 4404 sunt
2276 4362 2402 4417 quae
2434 4343 2610 4399 habet
2626 4343 2683 4397 in
2707 4342 2991 4399 Chronico
3013 4344 3081 4398 ad
3105 4360 3330 4400 annum
3352 4344 3568 4402 Christi
3595 4346 3763 4418 1048,

2107 4434 2206 4490 ubi
2237 4434 2319 4490 sic
2352 4432 2492 4488 dicit
2517 4449 2529 4486 :
2560 4433 2860 4504 Imperator
2887 4431 3196 4504 (Henricus
3219 4434 3291 4501 ΙΙ)
3313 4435 3636 4506 Ratispona,
3662 4436 3767 4493 ubi

2102 4523 2315 4580 Pascha
2341 4524 2469 4594 egit,
2500 4521 2794 4592 digressus,
2825 4520 3211 4576 Alemanniam
3239 4525 3454 4594 repetit,
3488 4525 3618 4579 etin
3649 4524 3765 4581 Au-

348 4616 630 4690 magister
657 4616 785 4685 fuit,
819 4615 1024 4671 docere
1054 4610 1337 4668 debuerit.
1365 4611 1655 4683 Imprimis
1684 4612 1841 4668 enim
1872 4614 1997 4684 ipse
2024 4631 2073 4697 D
2102 4615 2253 4684 giam
2281 4614 2524 4668 nostram
2553 4612 2825 4679 ingressus
2854 4612 3038 4665 octavo
3078 4611 3199 4666 Kal.
3246 4610 3396 4679 Maii,
3444 4627 3647 4668 novam
3699 4612 3762 4669 S.

349 4706 720 4763 Hermannus
741 4704 800 4759 in
826 4701 1108 4758 Chronico
1130 4699 1333 4755 scribit
1349 4716 1409 4756 se
1440 4704 1641 4756 natum
1660 4716 1810 4756 anno
1872 4705 1995 4771 013,

351 4794 563 4852 litteris
589 4810 723 4850 vero
753 4795 1095 4864 septennem
1142 4788 1419 4844 traditum
1451 4806 1602 4844 anno
1636 4791 1791 4843 1020.
1846 4790 1995 4863 Ergo

351 4888 486 4957 post
507 4898 729 4940 annum
746 4881 848 4935 102
869 4878 1059 4934 adhuc
1078 4876 1219 4933 vixit
1238 4876 1724 4951 Helpericus,imo
1747 4879 1997 4951 diutius,

353 4970 826 5046 quandoquidem
847 4986 881 5024 a
900 4967 1175 5041 praedicto
1198 4968 1474 5039 scriptore
1491 4967 1997 5023 diciturHerman-

355 5078 468 5118 nus
498 5060 560 5115 in
592 5056 791 5114 schola
847 5057 904 5112 S.
939 5054 1085 5111 Galli
1135 5054 1429 5127 Helperico
1485 5060 1954 5111 succenturiatus
1983 5074 1995 5123 ;

355 5161 547 5218 neque
566 5144 722 5201 enim
745 5144 1128 5211 Hermannus,
1150 5144 1446 5215 septennia
1467 5144 1657 5198 adhuc
1677 5160 1820 5213 puer
1834 5159 1997 5215 gym-

354 5234 520 5291 nasio
550 5233 739 5289 eidem
772 5233 971 5305 praefui
1005 5233 1211 5305 potuit,
1246 5233 1343 5287 sed
1379 5249 1512 5286 cum
1538 5232 1663 5301 jam
1693 5231 2003 5301 prudentia

352 5321 593 5390 valeret,
610 5325 667 5378 et
687 5327 952 5378 maturus
974 5321 1116 5378 satis
1139 5326 1310 5385 esset,
1328 5320 1482 5391 quod
1507 5323 1639 5374 ante
1657 5319 1999 5374 vicesimum

353 5416 629 5486 quartum
643 5411 829 5468 aetatis
851 5427 1066 5467 annum
1090 5409 1180 5464 vix
1195 5409 1508 5480 contigisse
1521 5407 1873 5463 credendum
1888 5412 1995 5463 est.

350 5503 409 5558 Si
440 5501 648 5556 demus
676 5515 811 5572 ergo
834 5499 1165 5555 Hermanno
1192 5498 1263 5549 24
1295 5511 1482 5551 annos
1495 5499 1811 5565 antequam
1842 5494 1994 5551 ludi-

340 5589 634 5663 magister
662 5587 1101 5646 San-Gallensis
1131 5583 1487 5640 constitutus
1516 5583 1612 5650 sit,
1638 5584 1994 5655 reperiemus

352 5677 462 5741 hoc
482 5692 597 5737 non
619 5677 879 5755 potuisse
892 5673 1017 5732 fieri
1040 5676 1174 5731 ante
1196 5685 1414 5730 annum
1436 5668 1652 5733 Christi
1675 5671 1830 5731 1037.
1850 5672 1994 5733 Cum

2109 4702 2278 4757 Marci
2304 4699 2642 4770 evangelium
2660 4700 2884 4770 patroni
2902 4701 3081 4754 nostri
3110 4700 3422 4765 basilicam,
3455 4717 3491 4755 a
3530 4700 3766 4758 Domino

2103 4792 2351 4847 Bernone
2378 4787 2569 4843 abbate
2594 4795 2972 4853 constructam,
3013 4802 3069 4843 se
3109 4796 3385 4859 piamento
3432 4806 3468 4845 a
3527 4790 3762 4847 Theodo-

2106 4880 2220 4934 rico
2252 4877 2656 4933 Constantiensi
2683 4877 2927 4946 episcopo
2956 4874 3199 4932 dedicari
3224 4878 3372 4947 fecit,
3421 4885 3473 4933 et
3516 4878 3763 4950 ejusdem

2105 4968 2280 5022 sancti
2297 4971 2431 5036 [esto
2480 4964 2624 5036 apud
2652 4981 2750 5019 nos
2797 4972 2932 5032 octo,
2964 4965 3340 5022 Ascensionem
3369 4966 3594 5023 Domini
3654 4968 3761 5023 Tu-

2108 5058 2242 5126 rcgi,
2275 5056 2634 5109 Pentecostem
2661 5052 2923 5107 Solodaro
2951 5053 3256 5120 celebravit,
3307 5059 3422 5111 etc.
3465 5055 3759 5112 Hactenus

2110 5145 2495 5212 llermannus,
2528 5157 2702 5212 quem
2737 5140 2926 5196 fusius
2956 5140 3027 5196 de
3053 5142 3241 5214 Augia
3261 5144 3758 5201 sermocinantem

2110 5248 2176 5287 eo
2200 5230 2474 5287 libentius
2507 5229 2861 5296 audivimus,
2895 5245 3009 5301 quo
3040 5232 3238 5302 majus
3278 5231 3372 5287 hic
3403 5232 3578 5289 nobis
3637 5250 3760 5289 sum

2106 5318 2486 5392 professionis
2515 5316 2708 5373 locum
2731 5316 3061 5373 inveniendi
3091 5317 3291 5375 lumen
3321 5320 3590 5392 praebuit.
3612 5322 3762 5377 Tam

2106 5408 2431 5464 luculenter
2460 5405 2615 5461 enim
2646 5405 2741 5460 hic
2772 5406 3028 5477 scripsit,
3060 5411 3126 5462 ut
3154 5422 3223 5463 ea
3266 5424 3393 5479 qua:
3446 5408 3760 5465 attulimus

2105 5513 2221 5551 non
2254 5496 2549 5567 indigeant
2572 5494 2788 5549 nostris
2818 5493 3054 5550 scholiis
3085 5493 3763 5570 illustrari,clarioraque

2106 5584 2226 5640 sint
2256 5600 2431 5657 quam
2454 5587 2520 5636 ut
2540 5580 2659 5638 ullo
2680 5581 3116 5655 aliointerprete
3131 5600 3280 5656 opus
3304 5584 3580 5642 habeant.
3606 5586 3758 5653 Quid

2101 5673 2261 5737 enim
2291 5670 2627 5748 expressius
2644 5669 2835 5731 dicere
2851 5671 3162 5747 potuisset,
3189 5689 3305 5753 quo
3322 5689 3384 5733 se
3399 5675 3757 5752 Augiensem
