3940 6274
176 390 250 453 18
1574 396 2185 457 PRULOGOMENA.
3270 456 3285 473 ,
3495 399 3573 463 η

176 526 487 590 assereret,
523 538 702 594 quam
735 524 967 596 quando
1015 526 1194 581 dixit:
1252 528 1545 596 Imperator
1593 528 1823 595 Augiam
1855 526 1905 592 Α
1936 526 2006 581 de
2038 543 2181 581 novo
2215 526 2507 597 professos
2537 544 2684 592 esse,
2720 543 2834 581 non
2866 530 3061 582 tamen
3092 526 3218 581 ideo
3248 542 3380 582 mox
3408 544 3569 585 asse-

174 615 420 668 noslram
446 613 743 682 ingressus,
775 612 829 667 S.
858 614 1029 667 Marci
1053 616 1274 683 patroni
1320 616 1492 668 nostri
1540 616 1825 668 basilicam

171 700 421 757 dedicari
447 701 596 769 fecit.
628 702 843 757 Festum
884 701 939 755 S.
993 701 1160 757 Marci
1208 705 1268 757 in
1318 704 1493 772 Augia
1538 703 1690 773 apud
1736 717 1831 756 nos

172 790 282 859 egit
302 792 326 839 ν
356 788 613 843 Rectene
643 788 1109 856 San-Gallenses,
1143 790 1284 845 dum
1336 807 1570 845 narrare
1620 790 1833 845 vellent

173 876 594 949 imperatorem
629 876 691 931 in
708 877 899 948 Augia
922 878 1135 933 festum
1161 879 1220 934 S.
1247 878 1423 933 Marci
1446 878 1829 949 evangelistae,

178 966 310 1037 qius
338 964 452 1020 loci
485 965 738 1037 patroni,
769 964 1118 1033 celebrasse,
1171 967 1463 1022 dicerent:
1511 967 1833 1038 Imperator

179 1053 341 1125 apud
372 1068 483 1108 nos
514 1053 731 1108 festum
763 1054 822 1110 S.
858 1053 1036 1109 Marci
1068 1054 1297 1126 patroni
1332 1055 1513 1110 nostri
1566 1054 1831 1126 peregit?

176 1142 236 1198 Si
268 1142 431 1198 enim
465 1141 550 1197 ita
578 1141 854 1207 dicerent,
878 1142 1033 1213 quis,
1053 1142 1440 1206 obsecro,non
1474 1144 1834 1198 existimaret

170 1230 591 1301 imperatorem
625 1229 836 1285 festum
870 1231 927 1284 S.
955 1231 1131 1285 Marci
1165 1232 1316 1302 apud
1351 1240 1404 1285 δ.
1427 1231 1654 1287 Gallum
1680 1231 1827 1287 cele-

169 1319 405 1384 brasse,
428 1335 563 1374 cum
597 1324 835 1373 econtra
853 1319 1221 1374 Hermannus
1250 1320 1402 1375 dicat
1433 1320 1493 1375 in
1513 1321 1699 1391 Augia
1721 1320 1827 1375 hoc

169 1409 398 1464 factum
426 1407 438 1461 Ξ
473 1405 617 1473 Quis
641 1408 819 1463 etiam
850 1425 963 1463 non
998 1408 1130 1463 inde
1162 1408 1456 1479 colligeret
1484 1409 1540 1464 S.
1568 1409 1823 1463 Marcum

169 1494 602 1567 evangelistam
636 1498 788 1567 apud
824 1496 1276 1552 San-Gatlenses
1325 1515 1453 1552 esse
1492 1503 1824 1569 patronum,

168 1585 565 1657 ejusdemque
591 1600 789 1640 sacras
822 1584 1095 1657 reliquias
1129 1587 1200 1640 ab
1234 1586 1305 1642 iis
1334 1587 1617 1641 asservari
1645 1604 1657 1654 ;
1691 1603 1823 1641 cum

168 1678 369 1729 tamen
386 1673 758 1728 Hermannus
781 1674 852 1728 ad
882 1690 1099 1729 annum
1114 1676 1221 1729 830
1237 1677 1443 1730 referat
1458 1674 1824 1731 solummodo

165 1764 237 1819 ad
272 1763 571 1835 Augiense
602 1763 1021 1817 monasterium
1053 1762 1324 1819 delatas?
1356 1765 1641 1828 Quoniam
1692 1782 1823 1818 vero

163 1850 292 1907 hiec
324 1850 528 1905 omnia
556 1854 696 1906 sunt
722 1850 886 1907 valde
918 1851 1173 1906 absurda
1193 1856 1247 1907 et
1278 1853 1567 1908 averitate
1589 1852 1821 1908 alienis-
1854 1890 1899 1953 Β

163 1939 343 2005 sima,
374 1938 646 2009 sequitur
673 1955 707 1993 a
737 1938 969 1994 nemine
1002 1938 1114 1994 alio
1148 1940 1299 1995 istud
1351 1940 1676 1995 Chronicon
1726 1958 1821 2013 po-

164 2027 357 2084 tuisse
388 2025 565 2082 scribi
599 2042 776 2097 quam
809 2044 843 2082 a
872 2028 1156 2082 monacho
1188 2028 1486 2099 Augieusi.
1527 2030 1669 2083 Cum
1719 2047 1822 2084 au-

162 2121 286 2172 tem
323 2119 552 2171 constet
569 2114 966 2171 Hermannum
998 2115 1175 2187 hujus
1208 2116 1822 2173 Chroniciesseaucto-

162 2222 315 2271 rem,
349 2203 621 2275 sequitur
649 2203 825 2258 etiam
858 2204 1153 2259 evidenter
1183 2204 1349 2259 illum
1402 2207 1580 2260 luisse
1622 2208 1817 2276 Augize

162 2291 551 2350 monachum.
585 2291 981 2347 Nihilominus
1013 2296 1235 2359 tamen,
1271 2294 1499 2347 etiamsi
1545 2294 1654 2347 ista
1701 2295 1820 2349 sint

162 2382 502 2445 verissima,
534 2379 848 2436 audiamus
876 2381 1013 2453 quid
1048 2386 1250 2437 contra
1284 2383 1646 2453 respondeat,
1681 2400 1819 2453 qua-

163 2472 425 2542 literque
438 2470 612 2525 verba
624 2486 690 2525 ex
704 2469 1036 2525 Hermanno
1050 2470 1303 2525 adducta
1317 2469 1557 2539 explicet
1572 2470 1635 2524 R.
1654 2471 1709 2525 Ρ.
1726 2471 1816 2525 Jo-

162 2561 351 2615 docus
375 2557 682 2623 Mczlerus,
717 2556 815 2629 qui
848 2574 973 2629 cap.
997 2557 1190 2612 261ib.
1212 2558 1290 2612 De
1322 2557 1458 2611 viris
1490 2557 1815 2613 illustribus

162 2650 219 2704 S.
266 2646 442 2713 Galli,
488 2646 589 2701 ubi
636 2646 706 2702 de
756 2646 1088 2701 Hermanno
1133 2651 1360 2712 tractat,
1409 2647 1490 2700 sic
1538 2646 1809 2701 disserit:

160 2736 569 2792 Allucinantur
612 2751 735 2791 vero
765 2738 861 2806 qui
905 2738 1100 2804 putant
1145 2737 1515 2789 Hermannum
1564 2736 1618 2788 S.
1673 2736 1815 2789 Galli

162 2823 496 2880 moriacham
525 2839 637 2878 non
664 2824 849 2894 fuisse.
883 2824 1045 2877 Enim
1076 2839 1197 2877 vero
1246 2840 1313 2877 ea:
1369 2841 1427 2877 eo
1483 2823 1620 2893 quod
1670 2828 1812 2878 Iler-

161 2929 427 2978 mannus,
447 2928 581 2967 cum
602 2913 835 2980 Augiam
854 2913 1100 2966 nominet
1114 2929 1292 2976 suum,
1317 2934 1342 2959 ‹‹
1369 2913 1541 2980 Augia
1560 2917 1766 2977 nostra,
1786 2936 1811 2958 ι)

161 3027 187 3053 α
221 3005 535 3073 imperator
562 3001 797 3071 Augiam
822 3004 1067 3054 nostram
1114 3002 1415 3069 ingressus,
1470 3000 1524 3053 S.
1577 3000 1810 3056 Marcum

158 3092 453 3147 nobiscum
481 3090 650 3158 egit,»
680 3089 1063 3159 similibusque
1093 3090 1288 3156 utitur,
1307 3104 1413 3143 non
1440 3090 1565 3159 plus
1594 3091 1815 3144 elicitur

160 3197 327 3252 quam
347 3179 727 3233 Hermannum
759 3179 819 3248 in
838 3178 1013 3247 Augia
1037 3193 1096 3231 eo
1127 3192 1229 3247 quo
1260 3179 1544 3246 imperato)
1595 3177 1813 3233 advenit

1940 614 2182 669 rcudnm
2206 615 2379 670 etiam
2406 615 2805 670 Hermannum
2830 630 3060 687 quoque
3088 619 3145 670 et
3176 613 3320 670 alios
3352 615 3408 671 id
3455 616 3573 672 fac-

1938 702 2160 769 titasse,
2193 720 2325 759 cum
2369 705 2623 758 rationes
2672 721 2776 759 cur
2822 704 3011 760 denuo
3058 703 3167 758 hoc
3216 703 3577 760 afﬁrmemus

1938 791 2163 862 possint
2190 793 2338 854 dari,
2373 809 2473 863 pro
2505 791 2617 847 alio
2649 808 2761 847 non
2793 792 2954 847 item.
2976 793 3085 849 Sed
3111 791 3160 847 si
3183 791 3356 848 etiam
3381 808 3578 871 conce-

1938 881 2207 934 deremus
2222 880 2329 935 hoc
2348 880 2585 946 factum,
2602 880 2985 946 nihilominus
2998 881 3370 938 Hermannus
3387 881 3578 955 magis

1937 968 2007 1023 ad
2025 969 2344 1041 Aegienses
2360 986 2531 1041 quam
2555 970 2626 1024 ad
2642 969 3081 1025 San-Gallenses
3092 969 3429 1041 pertineret.
3450 969 3580 1026 Cer-

1937 1060 2062 1110 tum
2086 1064 2166 1109 est
2191 1056 2345 1110 enim
2370 1055 2555 1123 illum,
2577 1056 2677 1111 sie
2698 1058 2751 1111 S.
2778 1057 2940 1113 Gallo
2964 1059 3021 1112 in
3042 1057 3294 1129 Augiam
3317 1056 3573 1121 transiit,

1937 1144 2133 1215 ibique
2164 1144 2537 1200 stabilitatem
2568 1145 2971 1216 ﬁrmavit,juri
3003 1162 3128 1216 suo,
3151 1145 3305 1217 quod
3329 1146 3400 1202 ad
3422 1145 3572 1203 illud

1937 1234 2354 1288 monasterium
2390 1233 2775 1303 habuit,prius
2794 1233 3575 1307 renuntiasse,vicissimque

1936 1323 2202 1376 abbatem
2238 1321 2712 1377 San-Gallensem
2735 1340 2866 1378 cum
2897 1326 3179 1378 conventu
3203 1323 3473 1379 eumdem
3496 1323 3570 1380 ab

1935 1410 2264 1465 obcdicntia
2293 1428 2401 1465 sua
2433 1410 2749 1465 absolvisse
2777 1410 3140 1482 liberumque
3171 1410 3484 1468 dimisisse.
3509 1409 3570 1467 Si

1934 1515 2069 1571 ergo
2100 1516 2191 1553 res
2222 1500 2302 1554 ita
2347 1517 2474 1554 sese
2522 1499 2753 1566 habeat,
2803 1515 2904 1554 cur
2949 1498 3417 1568 San-Gallenses,
3468 1500 3569 1572 qui

1934 1588 2329 1643 Hermannum
2358 1593 2491 1643 tunc
2514 1593 2721 1657 sponte
2743 1586 3111 1655 dimiserunt,
3127 1604 3281 1642 nunc
3304 1591 3575 1660 repetunt

1933 1681 1988 1730 ct
2017 1677 2083 1730 ad
2110 1694 2171 1731 se
2206 1676 2492 1731 nolentem
2530 1681 2800 1731 revocant
2818 1675 2845 1730 ‘I
2864 1677 3069 1731 Annon
3093 1676 3377 1732 Mezterus
3398 1674 3573 1749 paulo

1932 1782 2104 1835 supra
2131 1766 2440 1820 concedere
2463 1766 2671 1835 jussus
2703 1768 2789 1820 est
2820 1764 3571 1837 Hcrmannum,postquam

1934 1854 1989 1908 in
2014 1855 2256 1923 Augiam
2280 1855 2386 1909 eS.
2421 1853 2580 1909 Gallo
2620 1854 3016 1923 transmeavit,
3060 1853 3140 1909 ibi
3188 1852 3567 1910 stabilitatem

1931 1960 2097 1997 suam
2126 1943 2438 1997 ﬁrmasse?
2486 1942 2780 2008 Quomodo
2824 1946 3019 1997 autem
3060 1942 3312 1997 revocari
3355 1945 3563 2014 potest,

1930 2030 2028 2101 qui
2050 2030 2318 2086 stabilem
2343 2048 2402 2086 se
2422 2032 2480 2086 in
2511 2031 2692 2101 Augia
2713 2029 3238 2102 futurumjuravit?
3259 2030 3567 2086 Nosterest

1928 2136 2084 2189 ergo,
2119 2124 2174 2174 et
2208 2119 2421 2173 frustra
2444 2124 2572 2191 post
2601 2122 2719 2173 tam
2741 2117 2976 2190 longam
3009 2117 3325 2173 multorum
3346 2122 3567 2190 tempo-

1929 2226 2061 2263 rum
2088 2207 2505 2278 usucapionem
2538 2208 2837 2278 repetitur,
2869 2207 2969 2277 qui
2996 2206 3178 2261 etiam
3210 2209 3418 2278 sponte
3461 2223 3568 2262 sua

1928 2302 2061 2352 ante
2079 2301 2376 2352 sexcentos
2399 2313 2580 2350 annos
2604 2294 2994 2350 indissolubili
3016 2311 3165 2350 nexu
3187 2294 3568 2351 cumlicentia

1927 2403 2159 2457 quoque
2182 2384 2687 2440 San-Gallcnsium
2714 2384 2909 2456 Augiae
2941 2400 3002 2438 se
3033 2382 3308 2455 alligavit.
3339 2385 3413 2439 At
3436 2387 3565 2440 tan-

1926 2476 2058 2530 dem
2081 2472 2485 2540 Mezlerus,ubi
2518 2489 2705 2543 neque
2730 2473 3045 2527 secundam
3070 2471 3219 2527 hanc
3242 2472 3567 2544 responsio-

1927 2580 2056 2618 nem
2100 2562 2511 2617 animadvertit
2559 2578 2659 2631 pro
2715 2558 3231 2616 San-Gallensibus
3290 2564 3462 2628 stare,
3503 2560 3563 2615 in

1925 2668 2051 2705 eam
2075 2650 2324 2721 denique
2340 2648 2671 2718 opinionem
2692 2647 2967 2705 inductus
2989 2652 3095 2715 est,
3112 2653 3176 2703 ut
3197 2647 3415 2704 diceret
3431 2648 3565 2704 Her-

1927 2756 2204 2793 mannum
2240 2738 2297 2791 in
2338 2737 2521 2808 Augia
2576 2737 2835 2808 quidem,
2892 2738 3125 2808 quando
3176 2737 3257 2791 ita
3302 2737 3559 2807 scripsit,

1926 2829 2124 2893 fuisse,
2146 2826 2402 2898 potuisse
2419 2830 2609 2880 tamen
2650 2825 2720 2879 ad
2751 2825 2810 2880 S.
2835 2823 3062 2881 Gallum
3095 2823 3303 2892 redire,
3334 2829 3560 2880 consta-

1923 2934 2097 2988 rcquc
2118 2933 2184 2970 ex
2226 2914 2539 2970 Trithcmio
2590 2914 2905 2969 monachos
2961 2911 3101 2969 olim
3151 2930 3255 2985 pro
3301 2911 3563 2985 pleniore

1922 3005 2163 3061 scientia
2179 3002 2548 3074 assequenda
2578 3002 2646 3056 ad
2680 3000 2909 3057 diversa
2940 3000 3294 3057 monasteria
3323 3000 3558 3069 missos;

1921 3109 2172 3165 cumque
2202 3091 2311 3146 hoc
2340 3092 2409 3146 de
2436 3089 2742 3163 discipulis
2774 3091 2847 3145 sit
2870 3093 3113 3158 certum,
3147 3090 3217 3145 de
3261 3088 3561 3162 magistris

1921 3182 2091 3253 longe
2122 3180 2297 3235 fuisse
2328 3179 2741 3235 certissimum.

161 3278 408 3339 tempore
431 3268 624 3337 fuisse,
652 3266 737 3321 vel
765 3282 1037 3321 summum
1074 3264 1232 3333 illud,
1286 3267 1655 3320 llmnannum
1692 3268 1813 3338 jam
1842 3252 1883 3316 C
1995 3252 2277 3341 iniuatur
2306 3266 2471 3322 tertio
2495 3267 2893 3321 Hermannum
2915 3284 2943 3321 e
2964 3267 3020 3321 S.
3046 3264 3210 3321 Gallo
3230 3265 3288 3319 in
3309 3264 3556 3337 Augiam

159 3361 279 3413 tum
304 3358 367 3412 in
407 3357 637 3428 Augiam
676 3362 967 3425 receptum,
1026 3355 1377 3409 stabilitatem
1428 3371 1583 3408 suam
1633 3357 1693 3409 in
1750 3371 1814 3410 ea

160 3450 399 3519 fortasse
426 3446 700 3515 ﬁrmasse.
743 3444 886 3497 Bene
915 3445 1062 3498 enim
1098 3445 1273 3511 potuit
1296 3444 1634 3498 llermannus
1666 3445 1723 3497 in
1752 3444 1808 3498 S.

163 3535 317 3592 Gallo
328 3535 657 3605 religionem
670 3534 729 3587 in
736 3532 957 3604 princip
966 3534 1015 3587 io
1025 3531 1279 3602 proﬁteri
1292 3540 1341 3585 et
1362 3531 1485 3585 dein
1500 3534 1557 3586 in
1580 3533 1615 3586 Α
1628 3534 1813 3600 ayiwn

162 3634 550 3698 transmeasse,
599 3625 708 3677 etc.
756 3621 1048 3675 Hactenus
1116 3620 1230 3675 ille.
1292 3620 1560 3683 Videsne,
1613 3619 1811 3687 lector,

164 3712 470 3785 quomodo
490 3710 711 3766 nodum
732 3709 890 3764 hunc
913 3708 1131 3780 duplici
1150 3707 1260 3763 telo
1281 3714 1521 3763 conetur
1541 3709 1814 3780 perstrin-

163 3818 324 3874 gere.
349 3801 744 3871 Posteaquam
770 3798 926 3853 enim
946 3796 1618 3868 animadvertitprimum
1648 3797 1815 3852 infir-

164 3892 319 3945 mius
342 3904 497 3950 esse,
511 3887 688 3942 etiam
711 3885 1035 3941 secundum
1050 3885 1337 3941 adhibuit.
1356 3885 1537 3940 Batus
1553 3891 1639 3940 est
1656 3886 1811 3941 enim

164 3978 356 4049 primo
392 3976 792 4031 Hermannum
817 3972 961 4029 forte
993 3978 1114 4028 tum
1148 3974 1204 4029 in
1238 3974 1423 4044 Augia
1451 3974 1812 4046 hospitatum

170 4066 250 4122 illi
280 4062 639 4122 dedicationi
669 4079 802 4117 cum
836 4060 966 4117 aliis
995 4062 1282 4116 extraneis
1320 4061 1669 4117 interfuisse.
1704 4064 1811 4118 Sed

171 4154 404 4211 etiamsi
433 4153 732 4226 ﬁngamus
762 4150 870 4206 hoc
920 4151 1158 4216 factum,
1210 4168 1321 4205 non
1378 4157 1565 4206 tamen
1617 4154 1815 4208 statim

171 4245 323 4300 hanc
354 4243 431 4298 ob
462 4258 701 4297 causam
724 4240 1094 4295 Hermannus
1114 4239 1359 4311 Augiam
1383 4241 1583 4295 debuit
1613 4259 1818 4297 vocare

168 4342 439 4399 nostram,
474 4346 663 4401 neque
691 4334 746 4383 S.
782 4328 1042 4384 Marcum
1061 4336 1357 4400 patronum
1388 4334 1654 4385 nostrum.
1676 4331 1816 4386 Nul-

166 4422 257 4477 lus
278 4420 442 4476 enim
476 4418 693 4488 hospes
722 4420 778 4473 et
807 4416 1049 4483 advena,
1083 4417 1222 4471 dum
1263 4416 1355 4472 vix
1408 4417 1647 4474 alterius
1697 4436 1816 4475 mo-

168 4507 409 4566 nasterii
444 4506 623 4562 limen
655 4503 994 4570 salutasset,
1028 4522 1160 4560 mox
1190 4506 1261 4561 ad
1304 4505 1447 4561 illud
1496 4507 1821 4579 acquireret

144 4599 261 4669 _jus
295 4596 528 4666 ut,jam
559 4592 775 4668 proprii
807 4593 1409 4684 monasteriioblitus,
1442 4593 1584 4649 illud
1617 4595 1675 4650 in
1705 4613 1819 4668 quo
1851 4620 1897 4684 D

169 4686 574 4759 hospitaretur
601 4686 833 4739 vocaret
860 4698 1041 4738 suum.
1062 4682 1203 4745 Quis
1224 4699 1357 4754 ergo
1379 4700 1492 4738 non
1514 4684 1671 4740 videt
1688 4684 1822 4741 Her-

170 4788 483 4838 mannum,
516 4771 659 4826 dum
683 4768 1168 4842 talibusAugium
1200 4769 1388 4825 verbis
1405 4771 1733 4844 deseripsit,
1758 4790 1821 4830 se

172 4878 407 4935 quoque
436 4860 588 4915 inter
629 4858 823 4930 Augiae
874 4857 1195 4914 manachos
1243 4861 1631 4915 numerasse?
1676 4862 1816 4917 Cum

171 4951 418 5021 proinde
451 4947 741 5004 Mezlerus
771 4947 1165 5019 perspexisset
1197 4946 1304 5002 hac
1348 4948 1535 5019 prima
1578 4966 1686 5004 sua
1734 4968 1819 5005 re-

171 5039 492 5112 sponsione
523 5037 854 5109 argumenti
878 5036 995 5090 vim
1022 5035 1280 5090 nondum
1306 5036 1824 5110 labefactari,adje-

173 5129 245 5183 cit
263 5129 541 5193 alteram,
557 5125 952 5196 divinavitque
966 5124 1361 5180 Hermannum
1378 5126 1638 5196 potuisse
1660 5128 1823 5199 prius

173 5218 322 5289 apud
347 5212 794 5273 San-Gallenses
826 5212 1249 5285 professionem
1272 5213 1555 5281 emittere,
1579 5220 1635 5270 et
1664 5216 1819 5285 dein,

173 5306 408 5379 quando
424 5302 741 5375 inAugiam
759 5300 1382 5368 transmeavit,ibidem
1406 5304 1823 5373 professionem

174 5410 484 5452 renovasse
496 5390 1003 5462 stabilitatemque
1025 5390 1312 5446 ﬁrmasse.
1329 5392 1543 5447 Atcum
1564 5392 1671 5448 hoc
1690 5410 1823 5465 pro-

173 5482 514 5541 bationibus
537 5483 752 5548 careat,
776 5478 955 5553 gratis
978 5478 1280 5534 asseritur.
1301 5478 1461 5535 Dicet
1483 5496 1613 5535 vero
1634 5480 1824 5538 allatis

173 5571 457 5646 exemplis
488 5573 735 5627 conetur
758 5569 1003 5642 probare
1035 5571 1168 5623 ante
1191 5570 1247 5622 et
1277 5571 1407 5641 post
1428 5567 1821 5627 Hermannum

173 5663 498 5747 Aegienses
520 5659 809 5735 quosdam
833 5657 902 5717 ad
926 5657 986 5717 S.
1018 5654 1248 5717 Gallum
1282 5655 1604 5731 transiisse,
1626 5658 1825 5743 ibique

1921 3369 2038 3432 jam
2069 3356 2785 3425 missum,utjuventutem
2808 3355 2977 3410 bonis
3010 3353 3215 3408 litteris
3244 3353 3548 3410 imbueret.

1921 3452 2131 3502 Verum
2166 3450 2221 3499 et
2252 3443 2368 3498 haec
2391 3443 2467 3497 im
2479 3442 2792 3514 probabilis
2813 3441 3112 3513 responsio
3134 3458 3374 3514 prorsus
3392 3446 3447 3497 et
3465 3458 3557 3497 ve-

1922 3535 2075 3591 ritati
2110 3537 2493 3589 consentanea
2528 3530 2768 3585 minime
2813 3535 2919 3585 est.
2970 3529 3116 3585 Nam
3167 3533 3553 3603 praiterquam

1922 3624 2074 3698 quod
2103 3628 2329 3677 tantum
2362 3622 2432 3675 ad
2459 3621 2575 3675 vim
2599 3618 2927 3692 argumenti
2951 3618 3134 3674 nostri
3156 3617 3560 3675 declinandam

1923 3709 2700 3783 sitexcogitata,probarique
2714 3706 3279 3779 aliquotiestimonio
3292 3708 3562 3780 nequeat,

1923 3800 2261 3858 incredibile
2292 3799 2465 3854 etiam
2499 3806 2584 3853 est
2610 3798 2716 3852 hoc
2750 3797 3061 3869 contigisse
3090 3801 3215 3851 tum
3256 3797 3410 3868 quod
3440 3797 3562 3851 Au-

1924 3891 2123 3962 giense
2157 3886 2578 3943 monasterium
2611 3890 2749 3940 tunc
2780 3885 3089 3940 adventitio
3112 3882 3387 3954 magistro
3413 3898 3563 3955 opus

1926 3997 2037 4034 non
2062 3978 2481 4041 habebat,cum
2510 3975 2619 4029 sub
2652 3979 2909 4029 Bernone
2937 3972 3165 4039 abbate,
3199 3970 3368 4026 editis
3396 3969 3562 4026 libris

1925 4061 2321 4132 celeberrimo,
2355 4063 2493 4118 viris
2524 4061 2880 4117 doctissimis
2910 4060 2990 4115 ita
3020 4060 3297 4128 ﬂoruerit,
3329 4063 3395 4113 ut
3436 4074 3563 4114 om-

1925 4157 2087 4211 nium
2113 4153 2487 4208 scientiarum
2508 4150 2737 4206 culmen
2754 4150 3168 4223 fastigiumque
3190 4147 3562 4203 transcende-

1925 4250 2047 4300 ret:
2072 4249 2197 4298 tum
2230 4241 2429 4306 etiam,
2454 4240 2503 4294 si
2536 4241 2743 4295 demus
2775 4237 3031 4310 aliquem
3063 4238 3170 4292 aS.
3198 4235 3358 4293 Gallo
3377 4234 3562 4309 magi-

1926 4339 2112 4390 strum
2144 4329 2352 4385 schola:
2384 4327 2661 4401 Augiensi
2694 4327 2752 4382 in
2784 4325 3115 4382 subsidium
3149 4326 3422 4391 missum,
3445 4340 3563 4380 non

1926 4425 2120 4477 tamen
2138 4417 2740 4474 videturHermannus
2756 4414 3015 4487 potuisse
3032 4413 3183 4469 mitti
3192 4412 3313 4484 ,qui
3326 4427 3564 4484 corpore

1929 4526 2156 4580 semper
2186 4511 2242 4563 et
2271 4505 2597 4561 valetudine
2630 4503 2920 4571 infirmus,
2961 4502 3339 4581 omniumque
3388 4516 3566 4556 mem-

1930 4601 2165 4655 brorum
2196 4596 2376 4651 t‘erme
2409 4594 2725 4649 destitutus
2755 4596 2844 4647 est
2874 4591 3123 4659 usu,sed
3156 4590 3304 4646 alius
3327 4604 3565 4661 corpore

1935 4686 2267 4760 vegetior,et
2288 4683 2358 4738 iis
2379 4682 2651 4737 omnibus
2670 4680 3016 4736 sufferendis
3032 4677 3523 4735 accommodatior
3548 4694 3562 4743 ;

1929 4781 2053 4831 tum
2086 4773 2335 4844 denique
2363 4770 2557 4837 etiam,
2588 4770 2742 4841 quod
2774 4786 2887 4825 non
2919 4769 3263 4836 existimem,
3283 4766 3568 4823 Herman-

1932 4881 2071 4919 num
2087 4862 2176 4917 sui
2192 4860 2291 4915 ωνί
2305 4858 2469 4914 facile
2480 4855 3569 4927 scientissimum,eruditissimumque,

1930 4968 1959 5008 e
1993 4968 2098 5007 suo
2128 4947 2479 5004 monasterio
2510 4946 2621 5002 alio
2655 4946 2831 5001 fuisse
2862 4945 3219 5018 ablegatum,
3244 4962 3374 5000 cum
3418 4943 3574 4999 scia-

1934 5058 2065 5096 mus
2082 5039 2369 5108 hodieque
2384 5037 2686 5091 thesauros
2699 5034 2982 5106 pretiosos
2994 5037 3050 5089 et
3061 5037 3223 5088 raros
3235 5031 3576 5105 diligentius

1933 5126 2234 5185 custodiri.
2259 5126 2366 5182 Sed
2393 5124 2651 5180 attendat
2671 5122 2854 5178 loctor
2884 5122 3036 5194 quod
3065 5121 3273 5189 ultimo
3325 5119 3579 5192 denique

1934 5222 2134 5273 contra
2155 5218 2499 5286 argumenta
2522 5216 2720 5268 nostra
2744 5212 2980 5283 abjieiat
2998 5209 3296 5266 Mezlerus.
3312 5208 3414 5265 Hic
3438 5224 3574 5264 cum

1934 5303 2353 5378 pensiculatius
2385 5301 2564 5356 robur
2583 5301 2919 5356 eorumdem
2943 5297 3573 5369 examinasset,sensis-

1934 5400 2134 5466 setque
2151 5393 2427 5447 humeros
2448 5407 2585 5445 suos
2607 5390 3343 5462 graviterpremere,neque
3355 5386 3571 5442 ostium

1934 5499 2049 5555 quo
2080 5482 2409 5550 erumperet
2440 5482 2656 5550 patere,
2690 5477 2746 5532 in
2774 5494 2976 5533 omnes
3017 5493 3080 5534 se
3122 5480 3315 5548 partes
3362 5471 3570 5527 anxius

1931 5568 2200 5638 versavit,
2232 5571 2297 5623 ut
2334 5582 2505 5639 grave
2547 5567 2761 5639 jugum
2812 5565 3068 5639 scapulis
3098 5564 3222 5620 suis
3251 5560 3564 5618 excuteret.

1933 5657 2307 5721 Occasionem
2338 5655 2576 5719 demum
2608 5658 2824 5719 certam
2855 5651 3120 5716 elabendi
3163 5663 3223 5707 se
3276 5645 3567 5705 invenisse
