3940 6380
376 436 415 509 ⁵1
428 442 463 508 tl

389 582 553 635 ratus
585 591 797 651 negare
825 575 1058 651 incipit,
1089 594 1220 651 quae
1247 595 1314 634 ex
1330 576 1612 634 Chronico
1630 576 1900 649 praedicto
1922 575 2022 631 ad-
2055 584 2109 650 Α

392 667 693 734 duximus,
713 667 891 724 verba
921 683 1049 723 esse
1080 666 1489 723 abHermanno
1521 666 1755 738 scripta,
1779 664 1879 737 sed
1902 680 2029 719 esse

393 757 467 815 ab
498 756 694 829 aliquo
727 755 1203 828 alioappendicis
1232 754 1356 812 loco
1387 755 1631 827 adjecta,
1665 753 1919 825 dicitque
1968 770 2030 809 se

394 846 458 903 in
487 845 813 903 Annalibus
842 845 987 913 suis,
1021 862 1055 901 a
1084 860 1177 900 me
1208 860 1312 901 nec
1342 843 1485 899 visis
1534 859 1640 900 nec
1686 842 1869 911 lectis,
1922 842 2031 898 hoc

395 935 848 992 demonstrasse.
1309 1005 1315 1010 _

465 1026 541 1080 At
569 1022 618 1080 si
648 1022 761 1079 huc
780 1022 1013 1078 tandem
1041 1021 1393 1078 veniendum
1414 1025 1557 1087 erat,
1580 1022 1839 1092 poteram
1859 1020 2029 1075 omit-

392 1115 516 1169 tere
544 1128 611 1168 ea
641 1128 766 1184 quae
798 1111 1077 1166 hactenus
1107 1109 1741 1182 probavimus,poterat
1759 1108 2030 1164 etMezle-

392 1217 495 1258 rus
512 1203 632 1256 tres
662 1216 697 1255 a
725 1215 786 1256 se
800 1215 1013 1272 magno
1028 1198 1226 1254 studio
1250 1197 1601 1270 excogitatas
1623 1197 2030 1269 responsiones

390 1289 704 1366 prmterire,
725 1292 783 1344 et
811 1288 983 1343 unico
1012 1286 1248 1359 neganti
1277 1287 1448 1342 verbo
1482 1290 1668 1341 totum
1700 1286 2030 1358 argumenti

389 1378 570 1435 robur
589 1376 856 1449 dejicere,
879 1391 1234 1448 omnemque
1254 1373 1414 1429 litem
1436 1389 1798 1445 componere.
1814 1374 2028 1429 Verum

391 1462 483 1525 est
509 1467 690 1536 enim,
722 1465 772 1522 si
797 1482 866 1522 ea
892 1464 1069 1521 verba
1098 1462 1413 1520 Hermanni
1446 1480 1560 1519 non
1591 1468 1747 1532 sunt,
1781 1480 1886 1518 nos
1926 1463 2029 1519 ha-

392 1561 600 1612 ctenus
628 1570 835 1628 parum
867 1554 1182 1626 probasse;
1216 1552 1265 1609 si
1305 1557 1502 1608 autem
1552 1552 1689 1618 sint,
1724 1558 1787 1607 ut
1833 1552 2031 1608 nullus

394 1643 648 1718 ambigo,
680 1658 882 1699 verum
913 1657 1148 1715 quoque
1176 1645 1265 1697 est
1296 1657 1402 1697 nos
1431 1640 1830 1696 Hermannum
1862 1640 2032 1697 nobis

394 1733 689 1790 evidenter
715 1730 1054 1788 asseruisse.
1086 1729 1242 1786 Licet
1268 1746 1400 1785 vero
1432 1728 1526 1783 ille
1554 1730 1709 1784 dicat
1735 1746 1797 1785 se
1823 1730 1882 1784 in
1910 1729 2033 1786 suis

391 1820 717 1876 Annalibus
731 1819 839 1874 hoc
851 1818 1495 1887 demonstrasse,miror
1507 1823 1701 1874 tamen
1713 1823 1864 1873 certe
1881 1820 2034 1874 unde

392 1910 618 1987 probet.
651 1907 898 1979 Etenim,
930 1908 979 1963 si
1010 1905 1268 1963 divinare
1307 1905 1498 1974 liceat,
1551 1907 1818 1978 suspicor
1861 1906 2029 1963 illum

396 1998 534 2054 inde
559 1994 704 2054 velle
732 1996 1005 2069 colligere
1037 1996 1193 2067 quod
1223 1996 1283 2051 in
1331 1995 1614 2052 Chronico
1662 1996 1927 2065 auctiori,
1962 1997 2034 2052 ab

393 2085 641 2143 Henrico
670 2084 899 2142 Canisio
927 2084 1103 2152 edito,
1137 2083 1325 2139 multa
1353 2085 1721 2156 reperiantur
1749 2101 1876 2155 quae
1917 2085 2036 2140 sint

398 2174 472 2230 ab
493 2174 625 2231 aliis
655 2174 977 2246 interjecta.
1010 2173 1079 2228 Et
1108 2172 1342 2228 tametsi
1375 2190 1489 2228 non
1520 2172 1781 2245 ignorem
1812 2172 1920 2228 hoc
1950 2190 2037 2228 ve-

397 2254 701 2320 rissimum
731 2278 883 2329 esse,
904 2262 1080 2318 verba
1103 2265 1300 2317 tamen
1331 2260 1432 2316 illa
1461 2279 1588 2333 quae
1619 2279 1798 2335 supra
1838 2263 2033 2333 posui-

397 2369 556 2423 mus,
574 2356 797 2409 certum
814 2354 903 2408 est
931 2367 1059 2413 esse
1091 2350 1436 2418 Hermanni;
1459 2350 1750 2422 siquidem
1774 2352 1831 2406 in
1854 2352 2037 2407 omni-

396 2442 534 2512 bus,
567 2457 715 2514 quas
745 2440 985 2513 quidem
1017 2456 1110 2495 me
1143 2439 1337 2495 videre
1385 2440 1648 2511 contigit,
1681 2439 2035 2495 editionibus

398 2535 458 2589 et
485 2529 745 2602 antiquis
774 2533 831 2586 et
851 2528 1292 2595 recentioribus,
1320 2532 1438 2583 tam
1469 2528 1826 2585 auctioribus
1856 2545 2034 2601 quam

2065 1955 2111 2019 B

399 2618 908 2689 diminutioribus,
938 2617 1326 2690 reperiuntur,
1355 2622 1421 2673 ut
1447 2616 1593 2672 nihil
1626 2616 1800 2673 etiam
1832 2618 1901 2673 de
1920 2634 2038 2672 ma-

399 2707 722 2781 nuscriptis
751 2707 884 2765 aliis
914 2707 1125 2763 dicam.
1160 2708 1221 2762 In
1254 2711 1449 2763 nostro
1507 2711 1658 2762 certe
1705 2710 2036 2779 pervetusto

397 2795 713 2871 exemplari
736 2796 916 2870 (quod
949 2812 1125 2869 penes
1150 2812 1241 2852 me
1270 2795 1475 2861 habeo,
1506 2795 1778 2868 quodque
1810 2796 1882 2851 ab
1927 2794 2035 2851 alio

400 2887 619 2962 quibus
646 2885 844 2958 ipsum
875 2884 1304 2958 autographum
1327 2884 1829 2956 credebatur,etc.)
1852 2884 1986 2952 licet
2002 2902 2038 2940 a

400 2968 723 3033 recentiore
751 2990 931 3030 manu
960 2973 1130 3046 plura
1158 2973 1277 3029 sint
1306 2973 1593 3045 apposita,
1612 2990 1738 3045 quae
1769 2973 1945 3029 etiam
1977 2974 2038 3028 in

402 3062 717 3123 editionem
734 3062 950 3120 Canisii
966 3062 1269 3134 irrepsere,
1291 3062 1467 3118 verba
1486 3064 1683 3117 tamen
1715 3062 2038 3134 suprascri-

402 3159 504 3227 pta
532 3152 870 3209 continuato
889 3155 946 3208 et
972 3151 1147 3207 veteri
1178 3150 1478 3206 simillimo
1500 3150 1829 3207 charactere
1856 3151 1915 3206 in
1947 3168 2039 3207 or-

404 3243 541 3303 dine
572 3259 679 3299 suo
709 3240 899 3314 posita
923 3244 1264 3297 cernuntur.
1296 3239 1619 3297 Ostendant
1647 3240 2039 3309 adversarii,si

401 3331 517 3389 tale
546 3329 781 3404 aliquod
810 3332 975 3387 vetus
1004 3329 1471 3402 manuscriptum
1503 3328 1739 3399 habent,
1773 3329 1872 3384 ubi
1916 3330 2040 3386 haec
2069 3317 2111 3385 C

399 3421 576 3478 verba
605 3437 722 3477 non
751 3419 1140 3477 inveniantur.
1155 3418 1225 3473 Et
1255 3417 1578 3473 licetetiam
1604 3417 1717 3474 tale
1737 3418 2040 3491 haberent,

404 3514 463 3568 et
492 3509 796 3567 ostendere
824 3512 1084 3581 possent,
1117 3524 1232 3563 non
1257 3511 1453 3563 tamen
1482 3507 1815 3579 probabunt
1842 3525 2041 3581 supra-

409 3597 566 3657 diCta
590 3598 766 3655 verba
806 3597 878 3654 ab
926 3596 1038 3655 alio
1087 3594 1484 3668 superaddita,
1509 3612 1642 3651 cum
1670 3612 1798 3652 vero
1851 3596 2043 3654 simile

405 3686 891 3753 sitHermannum
906 3684 1232 3742 Chronicon
1243 3701 1415 3741 suum
1431 3701 1545 3740 non
1559 3684 1737 3740 semel
1758 3686 2043 3742 duntaxat

405 3775 825 3850 composuisse,
859 3776 960 3830 sed
988 3778 1122 3847 post
1151 3772 1378 3846 aliquos
1409 3790 1594 3829 annos
1624 3774 1962 3840 correxisse,
1985 3779 2043 3829 et

402 3868 579 3923 rebus
609 3865 741 3923 aliis
771 3865 945 3922 etiam
969 3864 1225 3932 auxisse,
1255 3868 1428 3935 prout
1457 3867 1653 3935 aperte
1684 3862 1857 3918 etiam
1889 3862 2039 3917 indi-

400 3960 538 4014 cant
570 3953 848 4012 Urstitius
876 3957 935 4009 et
964 3950 1251 4021 Canisius,
1283 3951 1697 4022 afﬁrmantque
1726 3950 1887 4007 illam
1916 3956 2038 4008 tam

399 4040 720 4101 multarum
766 4043 1088 4099 editionum
1132 4040 1469 4097 varietatem
1528 4039 2039 4113 diversitatemque

374 4122 537 4190 inde
557 4131 748 4190 solum
774 4129 932 4188 oriri.
954 4132 1140 4202 Atque
1169 4129 1241 4184 de
1261 4128 1355 4184 his
1384 4127 1575 4184 fusius
1603 4127 1907 4200 hucusque
1925 4129 2040 4184 dis-

397 4221 826 4295 putavimus,ut
840 4219 1063 4276 scilicet
1088 4218 1530 4274 ostenderemus
1552 4217 1742 4272 locum
1766 4233 1881 4289 quo
1902 4218 2036 4272 Her-

396 4325 652 4368 mannus
681 4309 742 4369 in
771 4308 1057 4367 Chronico
1085 4305 1439 4378 Augiensem
1468 4321 1529 4361 se
1557 4304 1896 4375 insinuavit,
1919 4321 2033 4361 non

398 4400 539 4456 adeo
561 4398 819 4474 segniter
830 4401 1112 4469 tanquam
1127 4395 1440 4451 obscurum
1451 4397 1574 4461 ,aut
1586 4392 1867 4449 Chronico
1880 4394 2036 4449 novi-

393 4491 483 4546 ter
509 4489 772 4546 affictum
792 4491 849 4544 et
869 4484 1263 4542 adulterinum
1281 4498 1409 4539 esse
1438 4483 2032 4554 praetereundum,sed

391 4576 572 4634 veluti
600 4578 825 4635 clarum
856 4573 1168 4649 imprimis,
1200 4570 1568 4627 luculentum
1607 4578 1663 4626 et
1709 4572 2030 4643 genuinum

391 4683 520 4723 esse
552 4666 898 4730 notandum,
921 4666 988 4720 ut
1016 4661 1246 4732 merito,
1270 4660 1319 4716 si
1340 4659 1517 4716 etiam
1548 4659 1704 4715 aliud
1727 4676 2035 4733 argumen-
2062 4689 2108 4754 D

395 4758 522 4811 tum
557 4772 672 4812 non
706 4754 999 4826 suppetat,
1050 4749 1447 4806 Hermannum
1498 4747 1667 4803 nobis
1717 4749 2033 4806 astruxisse

388 4848 656 4900 constare
686 4841 895 4915 possit.
918 4838 1081 4895 Unde
1104 4837 1318 4892 mirum
1336 4840 1425 4892 est
1443 4836 1749 4892 Mezlerum
1770 4854 2031 4895 asserere

387 4949 456 4988 ex
485 4949 551 4988 eo
581 4932 707 4988 loco
737 4927 884 4985 nihil
916 4931 1118 4983 contra
1159 4923 1613 4982 San-Gallenses
1656 4926 1907 4997 probari.
1959 4927 2031 4983 Ut

386 5020 544 5078 enim
574 5023 938 5095 praeteream,
971 5016 1124 5089 quod
1156 5030 1334 5087 supra
1374 5013 1612 5069 uberius
1660 5017 2025 5086 pertractavi,

384 5126 573 5167 unum
604 5109 735 5177 hoc,
769 5106 922 5179 quod
954 5105 1322 5161 Hermannus
1352 5103 1405 5158 S.
1443 5108 1688 5159 Marcum
1730 5110 2026 5176 patronum

382 5201 635 5254 nostrum
661 5195 888 5263 dixerit,
922 5195 995 5251 ad
1026 5193 1496 5266 persuadendum
1529 5193 1588 5247 in
1625 5193 1812 5266 Augia
1859 5193 2025 5249 illum

385 5285 729 5342 cenobitam
763 5284 963 5351 fuisse,
997 5284 1264 5339 sufﬁcere
1288 5281 1528 5337 Mezlero
1560 5287 1804 5354 poterat.
1828 5283 2024 5338 Memi-

386 5372 545 5430 nisse
574 5374 730 5430 enim
764 5373 1028 5441 debebat,
1062 5387 1122 5427 se
1153 5388 1331 5443 supra
1362 5370 1639 5442 persimili
1680 5376 2023 5443 argumento

383 5460 1073 5536 probasse,Walafridum
1099 5460 1207 5516 sub
1227 5459 1537 5532 disciplina
1567 5460 1795 5516 abbatis
1811 5460 2025 5516 S.Galli

380 5551 614 5620 vixisse,
637 5550 793 5624 quod
814 5549 1078 5605 videlicet
1098 5548 1157 5604 in
1170 5548 1407 5622 prologo
1431 5550 1575 5604 Vitae
1597 5549 1653 5603 S.
1690 5548 1837 5605 Galli
1860 5564 2026 5604 eum-

381 5642 516 5700 dem
540 5640 880 5699 vocitaverit
903 5647 1200 5713 patronum
1220 5645 1487 5695 nostrum.
1512 5639 1572 5694 Si
1612 5654 1747 5711 ergo
1784 5637 2026 5694 Mezlero

378 5731 718 5797 subinferre
774 5727 938 5786 licuit
990 5729 1284 5807 neminem
1342 5729 1401 5788 S.
1459 5726 1690 5787 Gallum
1732 5730 2028 5802 patronum

1158 436 1640 508 HERMANNUS
1684 439 2202 506 CONTRACTUS
2247 440 2595 506 MONACH.
2641 404 3011 509 AUGlENS.

3698 444 3785 508 ³16

2136 581 2384 632 nostrum
2414 577 2673 649 potuisse
2703 577 2915 647 dicere,
2938 577 3038 652 qui
3069 577 3409 652 patrimonii
3436 579 3568 652 ejus
3598 579 3786 652 portio

2139 665 2301 721 nulla
2321 681 2579 737 unquam
2614 666 2917 735 fuerit,cur
2944 672 3001 724 et
3021 668 3167 723 mihi
3192 685 3305 724 non
3327 667 3500 725 liceat
3524 683 3787 725 asserere

2138 753 2431 809 neminem
2489 770 2720 827 quoque
2769 755 3034 827 potuisse
3074 758 3131 813 S.
3165 756 3430 812 Marcum
3484 761 3791 830 patronum

2136 845 2381 897 nostrum
2405 842 2728 911 nominare,
2752 845 2850 916 qui
2874 844 3211 916 patrimonii
3237 846 3366 916 ejus
3394 845 3572 901 etiam
3596 845 3785 918 portio

2139 929 2301 985 nulla
2332 930 2505 986 fuerit
2534 947 2814 1003 unquam.
2850 933 2916 988 Et
2944 949 3141 989 revera
3171 934 3306 991 inde
3337 934 3506 1006 sequi
3555 934 3782 1002 debuit,

2139 1019 2292 1090 quod
2314 1022 2508 1074 tamen
2526 1035 2651 1092 cap.
2670 1021 2737 1075 12
2760 1036 2940 1093 supra
2959 1023 3365 1090 refutavimus,
3387 1021 3784 1078 Walat‘ridum

2139 1106 2620 1163 San-Gallensem
2649 1107 3039 1176 fuisse,multo
3058 1110 3246 1183 magis
3270 1110 3438 1183 sequi
3465 1110 3639 1166 debet
3651 1110 3787 1167 Her-

2140 1213 2423 1251 mannum
2440 1196 2789 1268 Augiensem
2806 1198 3003 1263 fuisse,
3019 1212 3153 1255 cum
3168 1198 3438 1272 pluribus
3458 1204 3517 1256 et
3537 1198 3785 1256 diversis

2138 1284 2436 1340 vocabulis
2468 1302 2582 1340 uno
2621 1287 2943 1357 eodemque
2988 1288 3112 1343 loco
3143 1293 3263 1343 tam
3296 1288 3625 1345 luculenter
3679 1289 3789 1345 hoc

2137 1372 2369 1428 indicet.
2394 1374 2525 1428 Jam
2540 1390 2673 1431 vero
2696 1374 3023 1448 producant
3045 1377 3222 1432 etiam
3247 1376 3566 1432 adversarii
3587 1376 3786 1433 locum

2138 1461 2393 1533 aliquem
2417 1477 2485 1517 ex
2500 1463 2806 1531 Chronico,
2828 1480 2943 1535 quo
2966 1464 3448 1521 San-Gallensem
3470 1465 3641 1521 illum
3664 1483 3793 1539 pro-

2139 1551 2294 1606 bent.
2320 1552 2487 1607 Forte
2508 1552 2729 1607 sicutS.
2769 1552 3052 1620 Marcum,
3085 1553 3166 1608 ita
3186 1558 3243 1609 et
3263 1554 3323 1611 S.
3344 1552 3582 1609 Gallum
3622 1559 3793 1610 vocat

2136 1644 2427 1711 patronum
2456 1644 2720 1707 nostrum,
2749 1645 2851 1698 aut
2895 1657 2963 1696 ex
2992 1642 3186 1697 verbis
3229 1640 3361 1698 aliis
3396 1642 3593 1698 forsan
3623 1642 3789 1699 colli-

2140 1728 2297 1800 gitur
2312 1728 2489 1783 t‘uisse
2509 1727 2980 1785 San-Gallensis?
2993 1729 3209 1785 Verum
3222 1742 3329 1802 ego
3352 1729 3630 1803 nuspiam
3647 1731 3790 1804 quid

2140 1816 2252 1871 tale
2275 1816 2645 1881 invenio,imo
2661 1833 2793 1872 vero
2808 1818 3000 1890 potius
3015 1818 3371 1874 contrarium
3399 1836 3515 1874 non
3539 1820 3794 1876 obscure

2141 1904 2348 1976 colligo
2380 1921 2448 1960 ex
2479 1922 2544 1959 eo
2576 1907 2732 1977 quod
2780 1907 2852 1961 ad
2894 1922 3116 1962 annum
3161 1906 3377 1963 Christi
3416 1908 3522 1964 977
3568 1908 3795 1965 scribat

2143 1993 2295 2064 Apud
2326 1994 2379 2048 S.
2414 1993 2631 2049 Gallum
2667 1996 2844 2051 Ymmo
2879 1996 3042 2051 abbas
3079 1998 3311 2067 praefuit
3340 1998 3505 2052 annis
3531 2005 3666 2067 octo,
3698 1999 3797 2070 qui

2142 2083 2400 2154 templum
2452 2086 2682 2155 patroni
2732 2086 2827 2140 sui
2863 2086 3141 2140 adamare
3198 2084 3428 2151 studuit,
3476 2090 3587 2141 etc.
3650 2088 3795 2152 Quis

2143 2173 2374 2237 amabo,
2407 2172 2603 2226 credat
2633 2173 3031 2228 Hermannum
3062 2173 3242 2229 fuisse
3281 2173 3791 2243 San-Gallensem,

2145 2276 2277 2314 cum
2314 2260 2403 2315 hic
2436 2266 2713 2316 consueto
2764 2261 3053 2317 abstineat
3097 2263 3154 2319 S.
3207 2262 3438 2319 Gallum
3486 2264 3797 2320 nominare

2140 2353 2435 2420 patronum
2465 2354 2883 2416 nostrum,cum
2915 2356 3108 2406 tamen
3134 2352 3181 2408 si
3201 2351 3798 2409 San-Gallensistuis-

2146 2442 2253 2503 set,
2285 2436 2378 2493 hic
2406 2438 2648 2493 minime
2670 2443 2958 2514 oporteret
2978 2439 3005 2494 ‘?
3022 2439 3138 2518 cur
3156 2440 3214 2497 S.
3233 2439 3801 2499 GallumYmmonis

2146 2526 2374 2581 abbatis
2406 2526 2596 2581 solum
2619 2533 2930 2598 patronum
2962 2528 3128 2595 dixit,
3160 2533 3218 2585 et
3247 2547 3421 2586 suum
3460 2531 3802 2603 praeteriit?

2147 2614 2309 2670 Certe
2341 2631 2454 2670 non
2479 2614 2650 2671 aliam
2679 2616 2751 2671 ob
2774 2632 3014 2672 causam
3046 2634 3222 2690 quam
3245 2619 3399 2691 quod
3419 2636 3533 2675 non
3567 2620 3809 2692 ignora-

2144 2702 2226 2757 vit
2278 2703 2629 2777 Augiensem
2686 2721 2747 2760 se
2803 2722 2931 2761 esse
2985 2706 3338 2762 monachum
3394 2710 3453 2764 et
3496 2709 3556 2764 S.
3610 2709 3807 2766 Marci

2147 2793 2355 2849 ﬁlium.

2218 2882 2507 2937 Hactenus
2538 2898 2673 2953 ergo
2705 2882 2998 2940 evidenter
3024 2900 3093 2940 ex
3119 2884 3250 2957 ipso
3291 2884 3629 2942 Hermanno
3662 2902 3808 2960 pro-

2148 2970 2417 3025 bav1mus
2437 2988 2570 3025 eum
2583 2971 2932 3042 Augiensem
2956 2989 3070 3027 non
3085 2972 3561 3030 San-Gallensem
3586 2975 3787 3033 fuisse

2150 3058 2389 3114 Frustra
2410 3059 2552 3131 igitu
2565 3077 2589 3113 r
2609 3060 2777 3115 nobis
2793 3058 3097 3116 Trithemii
3119 3053 3523 3118 dissentientis
3546 3065 3790 3121 auctori

2148 3151 2237 3203 tas
2268 3148 2617 3219 obtruditur,
2632 3149 2730 3220 qui
2747 3147 3123 3205 historiarum
3145 3149 3689 3209 diversissimarum
3708 3170 3815 3210 va-

2150 3237 2351 3291 rietate
2374 3236 2639 3301 obrutus,
2683 3236 3134 3309 particularibus
3182 3239 3313 3295 istis
3363 3240 3815 3312 quastionibus

2149 3325 2551 3381 examinandis
2581 3326 2777 3381 minus
2807 3326 3083 3384 insudare
3104 3327 3312 3400 potuit.
3332 3328 3559 3384 Etenim
3585 3336 3819 3402 praeter

2154 3414 2472 3486 ipsummet
2485 3413 2880 3470 Hermannum
2907 3416 3259 3488 opponimus
3272 3415 3703 3475 Bellarminum
3730 3420 3818 3476 De

2150 3504 2534 3576 scriptoribus
2569 3502 3016 3572 ecclesiasticis;
3047 3505 3361 3561 Antonium
3410 3506 3819 3566 Possevinum

2149 3593 2209 3649 in
2240 3596 2537 3665 Apparatu
2567 3609 2765 3661 sacro;
2798 3593 3117 3648 Antonium
3150 3595 3223 3651 de
3253 3595 3431 3667 Yepes
3464 3595 3819 3668 Hispanum

2150 3682 2211 3737 in
2224 3681 2505 3738 Chronico
2537 3681 2929 3754 generaliord.
2953 3682 3012 3737 S.
3034 3683 3246 3739 Bened.
3266 3683 3821 3752 ;A‘rnoldumWion

2150 3771 2210 3826 in
2242 3770 2365 3842 Lig.
2398 3770 2580 3839 Vitae;
2612 3770 2924 3827 Henricum
2962 3771 3283 3842 Canisium,
3316 3772 3591 3830 Carolum
3627 3776 3819 3833 Sten-

2148 3858 3405 3934 gelium,ChristianumUrstisium,aliosque
3426 3862 3820 3934 innumeros,

2149 3950 2248 4021 qui
2274 3964 2477 4005 omnes
2497 3949 2858 4005 concorditer
2871 3954 3570 4021 asserunt,Hermannum
3592 3954 3822 4028 Augie

2147 4037 2330 4094 fuisse
2352 4037 2704 4094 monachum
2730 4057 2743 4107 ;
2764 4038 3080 4111 pluresque
3100 4056 3301 4096 eorum
3326 4040 3462 4097 inde
3485 4040 3826 4114 suspican-

2144 4130 2242 4182 tur
2262 4114 2562 4182 Trithemii
2583 4144 2835 4183 errorem
2855 4128 3038 4185 fuisse
3052 4129 3427 4201 ortum,quod
3444 4130 3591 4185 forte
3605 4132 3828 4203 prima

2144 4214 2245 4271 illa
2270 4219 2327 4272 et
2352 4215 2586 4288 vulgata
2613 4216 2930 4273 Hermanni
2962 4217 3138 4273 editio
3168 4233 3238 4273 ex
3278 4217 3473 4274 codice
3501 4219 3821 4277 Sen-Gal-

2141 4304 2286 4360 lensi
2310 4304 2483 4360 fuerit
2502 4306 2872 4378 transcripta.
2888 4306 3035 4362 Hinc
3052 4307 3226 4363 etiam
3243 4324 3357 4363 non
3375 4308 3824 4366 subticendum

2141 4393 2408 4450 existimo
2437 4394 2836 4452 Hermannum
2881 4394 3098 4467 ubique
3129 4395 3188 4451 in
3236 4396 3528 4452 veteribus
3578 4413 3828 4455 manu-

2140 4482 2372 4555 scriptis
2384 4482 2816 4555 exemplaribus
2838 4483 3027 4540 vocari
3045 4484 3399 4540 monachum
3412 4484 3826 4558 Augiensem,

2140 4588 2443 4644 nunquam
2495 4572 2991 4641 San-Gallensem,
3038 4574 3194 4645 quod
3264 4572 3558 4629 Arnoldus
3619 4576 3823 4632 Wion

2138 4659 2353 4718 diserte
2382 4665 2651 4718 testatur.
2679 4662 2845 4718 Unde
2875 4661 3047 4735 longe
3096 4663 3371 4718 aberrant
3418 4678 3454 4718 a
3501 4678 3642 4719 vero
3706 4665 3827 4738 qui

2144 4754 2406 4806 nostram
2437 4752 2507 4806 de
2533 4751 2848 4806 Hermanni
2871 4750 3223 4806 monachatu
3249 4751 3524 4824 Augiensi
3556 4756 3828 4810 senten-

2139 4839 2285 4894 tiam
2316 4843 2524 4895 vocant
2545 4857 2774 4909 novam,
2807 4844 3133 4913 putantque
3169 4841 3431 4913 primum
3463 4840 3537 4896 ab
3578 4857 3649 4897 eo
3705 4843 3826 4915 qui

2136 4928 2684 4984 Francol‘ordianam
2735 4928 3054 4985 editionem
3106 4928 3398 5002 promovit
3462 4928 3822 4988 inventam.

2137 5015 2253 5071 Hoc
2280 5017 2435 5071 enim
2462 5016 2675 5073 melius
2707 5015 2886 5072 refelli
2921 5035 3036 5074 non
3068 5022 3259 5091 potest
3287 5034 3465 5089 quam
3509 5017 3559 5074 si
3592 5022 3822 5077 vetera

2135 5105 2524 5177 inspiciantur
2542 5106 2917 5179 exemplaria,
2940 5123 3066 5179 quae
3084 5106 3307 5178 aliquot
3321 5104 3587 5162 centenis
3610 5109 3819 5166 annis

2138 5200 2270 5250 ante
2292 5195 2838 5251 Francofurdianam
2861 5196 3173 5252 editionem
3196 5196 3415 5269 scripta
3444 5203 3605 5262 sunt,
3629 5212 3821 5268 quaa-

2135 5301 2247 5360 que
2278 5283 2591 5339 Hermanni
2625 5284 2896 5340 monachi
2917 5284 3225 5359 Augiensis
3243 5300 3459 5342 nomen
3490 5283 3553 5339 in
3599 5285 3822 5345 fronte

2132 5377 2429 5432 exaratum
2452 5377 2699 5446 gestant.
2720 5373 2858 5429 Tale
2881 5372 3177 5446 exemplar
3196 5373 3816 5447 reperiturAugustaa

2134 5464 2288 5537 apud
2309 5461 2750 5532 S.Uda1ricum,
2774 5478 2841 5517 ex
2869 5479 2982 5535 quo
3005 5462 3289 5519 Henricus
3309 5461 3581 5519 Canisius
3614 5479 3821 5538 suam

2134 5552 2446 5610 editionem
2478 5550 2807 5622 exscripsit.
2860 5550 2998 5607 Tale
3055 5552 3232 5607 etiam
3291 5551 3403 5607 fuit
3457 5550 3607 5606 illud
3674 5570 3822 5626 quo

2134 5641 2418 5700 Urstisius
2450 5639 2559 5694 fuit
2586 5655 2753 5709 usus,
2782 5637 2923 5695 talia
2951 5639 3188 5696 fuerunt
3214 5656 3283 5696 ea
3328 5656 3460 5712 quas
3487 5639 3827 5702 Arnoldus

2142 5730 2307 5795 Wion
2331 5746 2393 5789 se
2411 5728 2628 5788 vidisse
2657 5732 2759 5786 aut
2784 5727 2998 5806 legisse
3014 5729 3241 5804 asserit;
3263 5728 3408 5789 talia
3430 5732 3576 5787 sunt
3598 5732 3827 5795 multa
