3940 6388
155 484 219 556 ﬂ
1382 520 1407 527 --
1522 471 2107 541 PROLOGOMENA
2121 518 2138 538 .

3423 475 3504 553 1,8

157 621 268 682 hinc
292 617 420 679 inde
447 615 511 677 in
539 615 717 678 variis
744 612 1110 677 bibliothecis
1139 615 1756 682 asservata.Quomodo
1786 612 1839 677 Α
1868 618 2262 677 certissimum
2294 621 2403 687 est,
2434 621 2492 676 et
2512 616 2572 675 in
2601 614 2882 675 Chronico
2913 610 3156 673 auctiori
3183 628 3285 688 per
3328 610 3504 671 Cani-

155 728 266 789 ergo
291 708 460 786 (quod
492 706 732 783 quidam
764 707 927 779 dixit)
959 724 1130 763 nemo
1161 722 1421 777 unquam
1466 704 1755 760 dubitavit

157 802 518 859 Hermannum
546 797 729 855 fuisse
759 801 814 852 S.
848 796 995 854 Galli
1038 795 1391 851 monachum
1440 800 1753 866 antequam

153 891 259 962 ejus
268 886 587 945 Chronicon
600 886 957 942 Francoforti
972 886 1226 958 prodiret
1247 886 1275 940 ‘I
1293 884 1501 941 Verius
1514 883 1756 956 proinde

155 977 362 1035 dixerim
384 991 489 1050 ego
512 978 648 1033 ante
668 974 975 1031 Trithemii
1001 978 1264 1045 tempora
1275 974 1569 1029 neminem
1582 973 1757 1029 exsti-

150 1067 269 1123 tisse
293 1064 387 1138 qui
419 1081 535 1121 nen
569 1065 829 1120 crederet
865 1064 1263 1120 Hermannum
1296 1063 1477 1119 fuisse
1506 1063 1754 1134 Augien—

152 1153 433 1227 sem,quod
449 1153 692 1226 antiqua
704 1152 1076 1225 exemplaria,
1100 1153 1170 1208 de
1192 1152 1407 1224 quibus
1430 1152 1601 1206 modo
1616 1150 1757 1215 dixi,

149 1246 324 1301 docere
368 1247 636 1321 possunt.
690 1246 866 1299 Porro
912 1246 977 1298 ut
1021 1242 1257 1298 tandem
1304 1240 1756 1297 controversiam

149 1332 274 1388 hanc
294 1330 795 1399 finiamus,audire
819 1329 995 1386 etiam
1019 1329 1223 1385 ultimo
1247 1329 1452 1385 liberet
1470 1346 1596 1400 qua
1613 1333 1759 1384 San-

145 1419 413 1477 Gallenses
438 1422 806 1493 argumenta,
840 1436 986 1491 quas
1019 1418 1272 1475 rationes
1313 1434 1576 1490 quosque
1607 1417 1755 1473 anti-

146 1526 271 1582 quos
299 1507 527 1565 codices
559 1524 663 1580 pro
697 1523 760 1563 se
780 1507 1094 1571 adducant,
1120 1507 1335 1578 quibus
1362 1508 1757 1562 Hermannum

143 1596 238 1657 sibi
263 1595 876 1671 ascribant.Hactenus
898 1596 1051 1651 enim
1086 1595 1232 1650 nihil
1266 1595 1504 1651 allatum
1536 1598 1624 1649 est
1645 1611 1758 1665 quo

142 1686 236 1743 Sen
267 1684 553 1742 Gallensis
583 1686 948 1757 probaretur.
982 1687 1168 1750 Quare
1201 1684 1249 1739 si
1282 1684 1458 1739 etiam
1514 1683 1761 1739 sciretur

142 1791 234 1830 non
264 1774 445 1831 fuisse
472 1773 1077 1848 Augiensis,nondum
1110 1776 1301 1829 tamen
1321 1775 1612 1828 constaret
1632 1786 1759 1826 esse

137 1859 787 1918 Sau-Gallensem.Unde
810 1866 1219 1934 praeposteram
1251 1878 1378 1917 esse
1405 1876 1606 1916 censes
1629 1876 1756 1915 eam

137 1951 285 2025 dispu
295 1951 454 2042 tendi
467 1951 750 2007 rationem
762 1951 1012 2042 ,quando
1021 1950 1545 2042 audacter-quidem
1558 1949 1756 2042 alien-aa
1788 1979 1836 2042 Β

134 2039 429 2115 sententias,
464 2040 847 2112 quantumvis
871 2038 1132 2105 munitis,
1156 2038 1496 2106 insultatur,
1526 2037 1759 2110 pr0pria

133 2141 246 2195 vero
274 2124 919 2199 negligitur,nullisque
947 2127 1309 2199 argumentis
1329 2124 1757 2182 obﬁrmatur.Si

129 2229 248 2287 ergo
261 2213 784 2275 San-Gallensium
802 2214 1051 2271 rationes
1065 2215 1279 2271 nostris
1293 2214 1610 2286 aliquando
1633 2214 1755 2268 effi-

130 2302 366 2359 caciores
396 2304 896 2376 perspexerimus,
930 2320 1099 2359 nemo
1123 2304 1383 2375 ambigat
1406 2320 1511 2359 nos
1534 2301 1757 2358 veritati

125 2390 353 2448 libenter
380 2391 584 2448 locum
615 2392 877 2460 daturos,
909 2392 1186 2465 litemque
1216 2409 1349 2447 mox
1398 2408 1629 2448 omnem
1666 2407 1755 2447 se-

128 2479 396 2550 pulturus.
430 2481 853 2537 Verumtamen
884 2483 1064 2537 donec
1096 2482 1167 2539 ab
1198 2482 1270 2537 iis
1300 2481 1545 2537 certiora
1593 2481 1753 2536 inve-

124 2568 363 2637 niantur,
397 2573 604 2625 noster
644 2574 880 2626 maneat
926 2572 1212 2642 tantisper
1258 2571 1647 2633 Hermannus,
1698 2573 1756 2624 et

124 2671 237 2711 cum
268 2672 586 2729 speremus
616 2658 737 2714 fore
769 2662 833 2714 ut
860 2660 953 2714 vix
983 2660 1231 2715 certiora
1276 2658 1594 2725 inveniant,
1646 2674 1756 2713 no-

119 2744 327 2801 biscum
359 2746 550 2803 etiam
578 2748 940 2819 perennabit.

751 2836 1124 2892 APPENDIX.

169 2923 295 2983 Jam
326 2941 363 2980 a
394 2940 497 2980 me
528 2924 732 2981 isthaec
763 2929 1134 2981 controversa
1164 2926 1233 2981 de
1264 2924 1577 2981 Hermanni
1623 2932 1750 2997 pro-

115 3010 348 3069 fossione
376 3013 748 3070 concertatio
780 3014 944 3069 finita
974 3018 1179 3079 erat,et
1200 3013 1410 3084 saepius
1436 3017 1754 3069 memorato

112 3099 167 3156 Η.
199 3102 258 3158 Ρ.
294 3103 560 3159 Mezlero
592 3102 999 3159 San-Gallensi
1031 3105 1401 3170 transmissa,
1443 3104 1580 3167 ut,si
1613 3103 1751 3175 quid

114 3189 293 3248 minus
314 3191 375 3247 in
400 3208 474 3250 ea
497 3191 794 3247 videretur
814 3192 1051 3247 ﬁrmum
1072 3196 1127 3247 et
1149 3191 1753 3259 solidum,annotaret,

107 3294 163 3334 ac
213 3281 564 3346 contrariis,
626 3280 675 3336 si
733 3280 1063 3336 robustiora
1104 3280 1359 3349 haberet,
1393 3279 1754 3352 argumentis

106 3368 488 3426 refelleret.At
520 3369 671 3425 nihil
703 3369 1029 3442 ille,praster
1058 3370 1359 3441 antiquam
1392 3369 1551 3424 illam
1583 3385 1751 3424 suam

105 3458 257 3514 toties
288 3459 621 3532 repetitam
653 3459 947 3514 crambem
981 3458 1214 3522 recoxit,
1266 3474 1533 3514 asserens
1578 3460 1752 3514 verba

103 3544 192 3600 illa
218 3546 758 3619 Chronici,quibus
780 3564 959 3618 supra
980 3546 1168 3602 fusius
1187 3545 1384 3602 relatis
1411 3548 1751 3620 probavera-

102 3650 218 3692 mus
247 3636 679 3693 Hermannum
707 3635 1060 3709 Augiensem
1089 3652 1236 3705 esse,
1267 3652 1381 3691 non
1412 3651 1539 3692 esse
1571 3637 1750 3692 fetum

103 3721 436 3792 Hermanni,
504 3723 857 3797 addiditque
913 3728 1096 3779 totam
1143 3723 1430 3796 reliquam
1480 3724 1750 3782 Chronici

102 3817 307 3883 partem
340 3831 484 3886 quas
504 3817 605 3869 est
632 3813 705 3867 ab
732 3828 885 3868 anno
916 3813 1056 3867 1040
1080 3828 1209 3867 esse
1232 3814 1754 3885 supposititiam,et

102 3902 327 3957 auctarii
360 3902 504 3959 loco
538 3901 618 3957 ab
656 3900 853 3973 aliquo
883 3899 996 3957 alio
1048 3902 1509 3972 superadjectam
1538 3921 1550 3969 ;
1596 3906 1750 3975 quod

101 3989 388 4047 evidenter
409 3996 599 4047 ratus
623 3992 711 4045 est
730 3988 868 4044 inde
888 4005 950 4044 se
972 3990 1406 4046 demonstrasse
1427 3993 1578 4062 quod
1603 3993 1754 4048 vide-

100 4077 217 4134 licet
262 4081 324 4136 in
376 4078 721 4151 antiquiori
770 4077 1053 4133 Chronico
1102 4094 1260 4133 mors
1300 4084 1356 4133 et
1382 4079 1583 4136 laudes
1614 4080 1753 4137 Her-

96 4169 278 4224 manni
312 4171 388 4226 ad
425 4183 671 4225 annum
702 4166 911 4222 Christi
945 4167 1078 4222 1054
1123 4167 1425 4239 descriptae
1457 4169 1754 4225 invenian-

94 4262 193 4313 tur.
226 4264 345 4316 Hoc
377 4262 601 4315 autem
634 4259 787 4312 certe
817 4256 1213 4311 Hermannum
1245 4263 1517 4329 praestare
1538 4275 1756 4331 nequa-

94 4362 253 4417 quam
289 4348 609 4421 pOtuisse,
644 4345 745 4401 sed
774 4362 1077 4401 necessum
1108 4362 1235 4401 esse
1266 4346 1336 4401 ab
1360 4346 1472 4402 alio
1503 4348 1754 4419 factum;

96 4430 153 4489 de
182 4453 294 4508 quo
326 4454 446 4511 ego
484 4435 675 4509 plane
695 4440 810 4489 non
834 4434 1148 4505 ambigo,et
1167 4433 1557 4507 libenteripse
1579 4438 1762 4494 fateor

97 4529 329 4583 mortem
367 4525 518 4597 ejus
554 4524 634 4579 ab
664 4519 780 4577 alio
813 4536 940 4577 esse
969 4521 1341 4594 descriptam,
1382 4523 1534 4580 sicut
1562 4530 1621 4582 et
1649 4527 1763 4583 alia

97 4615 208 4682 quae
223 4615 357 4683 eius
372 4613 637 4669 obitum
658 4612 857 4666 secuta
877 4610 1105 4666 sunt.Al
1131 4609 1453 4683 intelligere
1474 4629 1579 4685 ego
1603 4615 1764 4672 nulla

1871 709 2025 765 sium
2056 709 2230 777 edito,
2263 714 2318 766 et
2348 726 2505 765 nunc
2535 709 2708 765 etiam
2737 707 2959 764 tom.IX
2988 703 3507 764 Biblioth.Patrum

1870 798 2089 855 inserto
2120 798 2425 856 manifeste
2456 802 2717 872 apparet,
2750 804 2923 871 prout
2952 795 3102 868 aequi
3133 798 3191 852 et
3218 793 3509 869 sapientes

1867 904 2061 943 rerum
2093 904 2641 959 censores,quorum
2668 887 2908 944 arbitrio
2917 885 3214 958 judicium
3239 887 3506 942 nostrum

1862 974 2111 1033 libenter
2143 978 2516 1048 subjicimus,
2546 977 2832 1045 dispicere
2853 980 3120 1051 possunt.
3140 976 3356 1032 Verum
3380 970 3511 1047 qui-

1866 1066 1996 1120 dem
2028 1070 2116 1121 est
2136 1066 2398 1122 ordinem
2421 1067 2480 1122 in
2503 1066 2815 1139 antiquiori
2833 1065 2932 1123 illo
2954 1064 3238 1122 Chronico
3260 1063 3333 1121 ab
3354 1078 3509 1120 anno

1867 1155 2005 1210 1040
2036 1156 2108 1210 ad
2140 1156 2315 1211 finem
2348 1172 2535 1228 usque
2562 1155 2733 1229 longe
2774 1154 2957 1212 videri
3006 1154 3327 1219 diversum,
3376 1154 3533 1219 tum.

1866 1244 2020 1315 quod
2053 1244 2236 1300 multo
2258 1244 2444 1300 fusior
2459 1250 2516 1300 et
2538 1244 2765 1318 longior
2782 1245 2877 1301 hic
2893 1245 3122 1310 sit,tum
3144 1242 3321 1300 etiam
3344 1241 3505 1313 quod

1867 1331 1927 1386 in
1960 1332 2434 1388 antecedentibus
2465 1331 2725 1404 singulos
2754 1331 2929 1387 etiam
2970 1346 3154 1387 annos
3200 1327 3504 1401 regiminis

1867 1420 2260 1476 Romanorum
2291 1422 2709 1492 imperatorum
2741 1417 3199 1493 apposuerit,qui
3222 1417 3281 1474 in
3304 1418 3504 1491 poste-

1867 1509 2005 1564 riori
2037 1514 2199 1581 parte
2230 1509 2431 1565 omissi
2463 1514 2622 1578 sunt,
2656 1508 2868 1565 Christi
2916 1508 3087 1587 annis
3134 1506 3503 1564 solummodo

1868 1598 2179 1654 notatis.At
2207 1615 2406 1655 revera
2434 1598 2759 1655 Chronicon
2790 1614 3003 1655 novum
3023 1600 3080 1653 et
3100 1595 3329 1652 auctius
3349 1611 3507 1651 nunc

1867 1687 2383 1761 evulgatum,quod
2407 1706 2510 1761 pro
2527 1688 2782 1761 genuino
2812 1691 2870 1744 et
2898 1686 3161 1759 legitimo
3190 1682 3509 1741 Hermanni

1868 1776 1986 1832 fetu
2034 1776 2368 1833 habendum
2411 1781 2528 1845 est,
2589 1777 2808 1849 ubique
2863 1775 3057 1833 simile
3099 1791 3342 1848 prorsus
3398 1776 3535 1847 est.

1866 1869 2051 1922 Causa
2077 1883 2209 1923 vero
2240 1883 2421 1937 quare
2450 1866 2511 1922 in
2542 1866 2844 1938 posteriori
2878 1869 3041 1938 parte
3088 1862 3363 1936 prolixior
3407 1861 3505 1931 sit,

1866 1954 1991 2009 sine
2022 1954 2197 2010 dubio
2226 1953 2327 2009 illa
2356 1956 2624 2027 est,quod
2654 1972 2721 2010 ea
2741 1971 2866 2027 quas
2898 1951 3216 2009 recentiora
3248 1950 3505 2017 fuerunt,

1866 2047 1924 2098 et
1951 2047 2117 2098 aetate
2147 2061 2255 2099 sua
2283 2048 2615 2111 evenerunt,
2649 2042 2991 2117 explicatius
3027 2045 3084 2097 et
3129 2039 3336 2113 majori
3366 2055 3508 2097 cura

1868 2132 1979 2187 sibi
2009 2132 2242 2213 duxerit
2270 2132 2598 2199 scribenda,
2630 2148 2807 2204 quam
2829 2148 2898 2187 ea
2917 2147 3043 2202 quae
3059 2130 3132 2185 ab
3153 2130 3290 2187 orbe
3312 2130 3506 2187 creato

1867 2222 1939 2277 ad
1969 2239 2077 2276 sua
2105 2237 2293 2293 usque
2320 2226 2588 2295 tempora
2602 2220 3142 2293 contigere.quze.ut
3159 2234 3306 2289 opus
3328 2232 3505 2273 suum

1866 2311 2337 2382 chronologicum
2362 2310 2519 2366 omni
2542 2326 2612 2366 ex
2630 2313 2794 2382 parte
2822 2308 3146 2382 perfectum
3176 2308 3507 2380 appareret,

1865 2400 2445 2472 compendiosissime
2474 2398 2665 2471 potius
2696 2398 2979 2471 attingere
3007 2412 3184 2468 quam
3222 2409 3507 2468 exponere

1866 2489 2275 2561 studuit,quod
2307 2488 2585 2543 nimirum
2615 2488 2790 2545 sciret
2818 2487 2890 2543 ab
2923 2485 3055 2542 aliis
3075 2482 3505 2557 antiquioribus

1864 2577 1973 2633 hoc
2002 2577 2241 2634 uberius
2272 2576 2623 2650 praestitum,
2652 2575 2799 2632 illud
2827 2592 2961 2632 vero
2991 2573 3253 2631 minime.
3268 2572 3355 2628 Ad
3384 2571 3509 2628 hac

1865 2683 1979 2722 non
2031 2683 2270 2739 possum
2303 2683 2417 2721 non
2450 2664 2649 2721 mirari
2696 2682 2800 2722 cur
2844 2664 3235 2730 Hermannus,
3284 2660 3387 2735 qui
3434 2661 3508 2719 ad

1863 2772 2052 2827 usque
2081 2773 2188 2812 sua
2218 2759 2479 2826 tempora
2500 2754 2796 2810 succincte
2826 2753 3087 2825 quidem,
3113 2751 3214 2808 sed
3238 2753 3507 2809 accurate

1863 2843 2165 2899 historiam
2197 2859 2364 2899 suam
2396 2842 2914 2914 perduxit,ea,quaa
2944 2857 3050 2897 suo
3081 2855 3196 2894 sevo
3217 2837 3502 2911 accidere,

1863 2932 2306 3004 praetermisisse
2336 2930 2583 2987 dicatur.
2617 2930 2757 2997 Quis
2795 2929 2951 2987 enim
2996 2928 3107 2984 sibi
3157 2927 3507 3000 persuadeat

1862 3022 2160 3077 hominem
2183 3021 2399 3078 laboris
2426 3021 2706 3093 cupidum
2719 3024 2776 3075 et
2784 3018 3040 3075 historia:
3054 3018 3352 3072 amantem
3365 3014 3506 3090 totis

1865 3111 1931 3165 14
1958 3109 2148 3177 annis,
2181 3110 2396 3182 quibus
2426 3110 2500 3165 ab
2531 3126 2683 3165 anno
2714 3106 2927 3163 Christi
2966 3106 3107 3163 4040
3147 3106 3300 3161 inter
3343 3103 3533 3169 vivos,

1863 3198 2054 3254 adhuc
2085 3198 2213 3267 fuit,
2241 3217 2275 3254 a
2305 3198 2612 3255 scribendo
2642 3213 2907 3254 cessasse
2931 3199 2988 3251 et
3016 3191 3507 3251 otiatum'fuisse?

1861 3290 1937 3342 At
1964 3303 2117 3355 vero,
2149 3291 2214 3342 ut
2242 3288 2606 3357 conjecturas
2635 3285 2780 3342 alias
2808 3284 3059 3341 intactas
3076 3281 3501 3353 relinquamus,

1863 3374 2018 3431 aliud
2050 3375 2438 3447 inseparabile
2465 3367 2794 3446 argumenti
2823 3373 3001 3428 robur
3028 3386 3092 3427 se
3122 3369 3291 3425 nobis
3308 3369 3498 3436 offert,

1859 3464 2046 3534 quoad
2061 3464 2445 3519 versariorum
2467 3462 2617 3518 male
2637 3461 2844 3518 fultam
2866 3458 3198 3532 opinionem
3220 3455 3498 3513 facillimo

1859 3551 2091 3622 negotio
2120 3553 2497 3617 subruamus,
2531 3551 2685 3623 quod
2715 3549 2885 3605 credo
2912 3546 3047 3603 illos
3088 3545 3499 3603 dissimulasse

1858 3640 2053 3711 potius
2085 3657 2261 3712 quam
2292 3657 2406 3695 non
2438 3638 2926 3694 advertisse.Tam
2948 3634 3104 3692 enim
3126 3633 3501 3707 perspicuum

1859 3732 2044 3797 est,ut
2071 3727 2246 3784 etiam
2278 3745 2311 3784 a
2341 3727 2551 3783 modici
2582 3726 2644 3782 in
2668 3725 2913 3782 historia
2930 3727 3157 3781 versato
3179 3740 3298 3779 non
3319 3723 3508 3795 possit

1861 3812 1978 3871 non
2009 3816 2385 3888 deprehendi.
2418 3817 2489 3871 Et
2524 3817 2845 3887 quodnam,
2876 3812 3131 3885 inquies,
3161 3811 3356 3869 illud?
3383 3812 3504 3868 Hoc

1861 3908 2012 3960 certe
2043 3906 2197 3976 quod
2229 3904 2287 3959 in
2318 3904 2440 3971 illa,
2484 3921 2661 3977 quam
2710 3906 2925 3975 negant
2972 3899 3288 3957 Hermanni
3324 3899 3502 3955 telam

1861 4008 2010 4058 esse,
2062 3992 2328 4047 Chronici
2385 3992 2703 4064 posteriore
2746 3993 2908 4061 parte
2937 3988 3007 4044 ad
3039 4003 3260 4043 annum
3291 3984 3507 4057 Christi

1865 4082 2003 4137 1052
2036 4095 2193 4135 mors
2222 4079 2506 4135 Hiltrudis
2542 4078 2875 4145 comitissas,
2908 4074 3224 4133 Hermanni
3274 4074 3504 4143 matris,

1862 4168 2080 4224 talibus
2108 4167 2298 4223 verbis
2320 4167 2684 4223 describatur
2703 4164 2977 4237 qualibus
2994 4180 3165 4220 nemo
3186 4162 3336 4219 alius
3359 4179 3508 4236 prae-

1865 4261 1951 4312 ter
1980 4260 2397 4321 Hermannum,
2432 4259 2630 4327 utpote
2660 4255 2786 4325 ejus
2816 4252 3026 4320 filium,
3066 4252 3151 4308 uti
3191 4252 3400 4324 potuit.
3430 4251 3514 4308 Ex

1867 4345 2080 4417 quibus
2112 4344 2354 4417 proinde
2384 4343 2778 4399 clarissimum
2811 4343 2910 4399 fiat
2938 4358 3066 4397 eam
3086 4340 3354 4397 Chronici
3377 4357 3512 4413 par-

1866 4440 1983 4490 tem
2017 4434 2237 4490 nemini
2270 4434 2382 4489 nisi
2433 4434 2763 4489 Hermanno
2812 4448 2985 4504 posse
3031 4429 3265 4487 ascribi.
3322 4429 3515 4486 Verba

1870 4528 2066 4579 autem
2098 4525 2237 4578 sunt
2281 4522 2432 4577 ista:
2484 4520 2679 4577 Eodem
2719 4528 2955 4590 tempore
2998 4535 3036 4573 v
3088 4517 3211 4574 Idus
3256 4518 3518 4575 Januarii

1871 4622 2048 4668 mater
2076 4628 2195 4667 mea
2229 4610 2516 4677 Hiltrudis,
2560 4608 2854 4680 Wolferadi
2883 4608 3098 4664 comitis
3145 4621 3290 4663 uxor
3334 4604 3519 4663 admo-

94 4702 303 4761 ratione
350 4716 637 4777 possum
693 4714 799 4754 cur
845 4699 1042 4754 statim
1093 4698 1268 4754 etiam
1321 4716 1388 4756 ea
1417 4703 1615 4758 omnia
1644 4721 1769 4775 qum
1801 4710 1847 4774 ι)
1876 4701 2008 4756 dum
2030 4702 2148 4773 pia,
2175 4700 2317 4755 diem
2347 4700 2605 4755 ultimum
2632 4699 2851 4767 clausit,
2882 4701 2990 4752 etc.
3018 4715 3032 4765 ;
3064 4696 3155 4751 cui
3188 4702 3249 4752 ut
3274 4709 3376 4769 pro
3403 4696 3519 4767 epi-

95 4796 331 4848 mortem
367 4793 518 4865 ejus
546 4786 998 4861 praecedunt,ab
1022 4803 1173 4843 anno
1192 4787 1411 4844 scilicet
1431 4789 1569 4851 1οΖιο
1591 4809 1779 4865 usque

95 4877 152 4933 ad
183 4894 416 4937 annum
458 4876 651 4946 1054,
681 4875 744 4930 in
776 4888 952 4947 quem
993 4875 1187 4931 obitus
1216 4877 1343 4947 ejus
1375 4877 1599 4952 incidit,
1631 4885 1777 4937 Her-

96 4983 297 5026 manno
320 4964 768 5042 adjnd'icanda
822 4963 960 5020 sint.
1008 4963 1297 5037 Equidem
1348 4968 1617 5040 suspicor
1661 4987 1777 5027 non

97 5054 253 5115 aliam
287 5059 368 5117 ob
404 5069 685 5116 causam
715 5052 827 5109 hoc
856 5051 1246 5126 excogitatum
1287 5071 1465 5126 quam
1512 5060 1578 5112 ut
1605 5060 1781 5116 verba

94 5145 177 5201 illa
205 5167 364 5206 anno
399 5142 657 5204 Christi
691 5142 834 5198 1058
863 5141 1072 5214 posita,
1118 5142 1331 5213 quibus
1379 5144 1778 5203 Hermannum

92 5233 447 5309 Augiensem
485 5233 700 5290 fuisse
733 5235 931 5302 aperte
982 5230 1440 5299 conviceramus,
1474 5234 1676 5305 spuria
1724 5240 1780 5291 ct

93 5325 293 5383 incerta
328 5319 955 5384 redderentur.Unde
980 5319 1028 5375 si
1060 5318 1203 5375 nihil
1237 5319 1391 5375 aliud
1425 5330 1777 5393 superesset,

93 5416 266 5473 totum
299 5411 657 5474 sententiae
689 5412 900 5465 nostra;
919 5409 1362 5465 fundamentum
1386 5416 1660 5478 rueret,et
1679 5430 1782 5483 per

92 5516 471 5580 consequens
496 5496 1041 5558 SanéGallensium
1064 5496 1258 5569 Opinio
1282 5498 1777 5556 fortiorevaderet.

92 5592 139 5648 Si
164 5595 330 5653 dicas
387 5586 832 5650 diversitan
883 5584 1017 5657 styli
1069 5589 1125 5641 et
1173 5585 1429 5641 methodi
1486 5587 1781 5644 diversum

87 5683 246 5741 etiam
285 5688 645 5742 auctorem
676 5674 860 5747 loqui,
892 5674 1083 5730 dicam
1115 5690 1219 5746 ego
1242 5673 1457 5746 stylum
1481 5679 1536 5731 et
1556 5675 1783 5733 metho-

1888 4791 2076 4862 iaphio
2105 4790 2199 4846 hos
2227 4790 2462 4845 scribere
2491 4803 2672 4843 versus
2705 4787 2905 4841 libuit:

1947 4923 2114 4974 Mater
2143 4935 2453 4987 egenorum,
2485 4934 2606 4986 spes
2635 4918 2999 4984 auxiliumque
3027 4930 3268 4980 suorum,
3298 4919 3398 4969 etc.

1887 5058 2015 5113 Hzec
2043 5055 2161 5113 ille.

1958 5147 2271 5201 Fateantur
2295 5160 2430 5217 ergo
2454 5159 2691 5200 necesse
2710 5146 2800 5199 est
2830 5141 2987 5197 istud
3005 5140 3372 5214 epitaphium
3396 5140 3532 5198 Her-

1889 5233 2086 5290 manni
2137 5250 2263 5289 esse
2313 5233 2515 5298 fctum,
2565 5231 2716 5287 sicut
2746 5235 2803 5286 et
2831 5230 2987 5287 dicta
3012 5230 3190 5287 verba
3218 5230 3290 5286 ad
3319 5228 3534 5287 Christi

1887 5341 2109 5382 annum
2145 5324 2282 5376 1052
2311 5322 2382 5376 de
2412 5320 2697 5376 Hiltrudis
2728 5320 2887 5375 obitu
2921 5319 3095 5375 dicta.
3131 5319 3248 5375 Hoc
3280 5335 3415 5375 cum
3453 5319 3538 5375 ita

1906 5430 1966 5468 se
1999 5412 2211 5467 habere
2245 5409 2409 5466 fateri
2433 5407 2749 5465 adversarii
2789 5408 2970 5464 velint
3002 5406 3186 5464 nolint
3234 5412 3538 5480 cogantur,

1891 5502 2025 5573 quis
2055 5518 2169 5555 non
2198 5499 2355 5554 videt
2381 5498 2599 5570 optime
2630 5496 2795 5568 sequi
2817 5497 2995 5552 verba
3014 5512 3245 5569 quoque
3264 5493 3534 5565 uperius

1892 5589 2104 5662 Saepius
2117 5586 2646 5658 inculcata,quibus
2660 5584 2824 5641 illum
2838 5583 3532 5656 Augiensemfeceramus,

1892 5676 2225 5734 Hermanno
2256 5693 2383 5733 esse
2412 5673 2803 5741 attribuenda,
2834 5689 2967 5728 cum
3023 5686 3090 5726 ea
3119 5684 3242 5740 quae
3270 5676 3536 5735 seQuun-

89 5772 218 5833 dum
251 5774 599 5843 eamdem,
639 5765 918 5823 eumdem
947 5768 1245 5823 auctorem
1304 5763 1576 5834 clamare,
1627 5767 1785 5838 quod
1896 5770 2012 5838 tur,
2039 5782 2285 5839 quaeque
2334 5764 2703 5835 antecedunt,
2734 5762 2951 5834 absque
2980 5757 3097 5815 ulla
3135 5752 3533 5829 conum/orsis
