3940 6358
385 476 463 563 23
1159 500 1636 563 HERMANNUS
1682 502 2198 566 CONTRACTUS
2242 499 2593 566 nomen.
2636 499 3003 566 AUGIENS.
3697 458 3813 564 et

388 634 668 692 adnotare
697 632 1043 707 plerumque
1072 634 1279 691 solent.
1312 636 1445 698 Qua:
1478 636 1713 708 quidem
1745 651 1813 691 ex
1837 634 2022 710 ipsius
2052 637 2105 703 Α
2137 643 2269 698 dem
2300 642 2555 715 primum
2586 641 2714 713 ejus
2743 640 3020 699 maritum
3052 639 3123 697 ad
3153 652 3250 697 an.
3282 634 3381 696 9⁸11
3418 638 3775 713 panditHer-

387 721 673 793 Chronico
694 723 790 780 hic
820 723 881 780 in
940 725 1283 797 compendio
1337 725 1539 781 sistere
1596 725 1750 781 haud
1808 725 1912 781 abs
1962 743 2023 782 re
2134 748 2409 797 manuus,
2441 731 2749 805 parentales
2772 748 2912 799 suae,
2936 729 2986 787 si
3017 729 3152 802 quis
3179 728 3353 797 alius,
3376 731 3529 786 certe
3555 729 3775 802 optime

390 813 694 872 duximus.

459 902 695 960 Natales
728 920 866 961 suos
897 920 963 960 ac
987 904 1320 976 progeniem
1352 904 1477 975 ipse
1510 904 1703 975 prodit
1732 903 2021 959 Herman-

388 1008 502 1050 nus
526 993 704 1049 variis
733 993 791 1047 in
823 993 983 1049 locis.
1018 993 1352 1049 Memoratis
1382 994 1454 1049 ad
1487 1011 1580 1048 an.
1618 994 1754 1048 1009
1803 992 2021 1049 Wolfe-

389 1081 514 1139 radi
539 1081 1035 1155 comitisjunioris
1050 1082 1273 1155 nuptiis
1295 1099 1427 1137 cum
1451 1082 1715 1137 Hiltrude
1742 1100 1803 1137 se
1819 1099 2020 1138 eorum

389 1171 595 1239 ﬁlium,
622 1170 944 1228 acaliorum
966 1172 1408 1243 quatuordecim
1430 1170 1750 1227 liberorum
1782 1172 2021 1227 fratrem

386 1262 706 1335 proﬁtetur.
744 1260 874 1316 Mox
902 1279 1055 1318 anno
1085 1269 1368 1333 sequente
1402 1263 1537 1317 1010
1592 1260 1904 1316 Wolferadi
1939 1276 2017 1317 se-

385 1349 564 1408 nioris
595 1351 850 1419 comitis,
884 1350 1106 1424 paterni
1135 1351 1226 1406 sui
1250 1350 1363 1416 avi,
1390 1351 1614 1405 obitum
1637 1350 1828 1415 refert,
1850 1349 2022 1405 omis-

387 1458 449 1498 so
481 1430 675 1497 tamen
708 1439 943 1498 familiae
973 1438 1237 1505 nomine;
1272 1457 1447 1511 quam
1503 1456 1636 1494 vero
1690 1455 1894 1494 omnes
1954 1455 2021 1493 ex

384 1530 841 1604 Veringensibus
872 1529 1183 1585 comitibus
1216 1533 1504 1599 repetunt,
1537 1527 1851 1599 quosinter
1867 1527 2020 1598 apud

387 1619 697 1694 plerosque
718 1618 1029 1691 scriptores
1050 1618 1413 1690 supplendos
1435 1621 1522 1672 est
1541 1615 1906 1672 Wolferadus
1928 1615 2022 1670 hic

389 1707 602 1767 senior.
636 1708 987 1764 Comitatum
1018 1706 1197 1763 istum
1225 1707 1283 1761 in
1342 1706 1549 1762 Sucvia
1588 1705 1728 1761 olim
1787 1702 2024 1776 amplis-

389 1798 607 1856 simum
637 1797 876 1854 Crusius
933 1798 1149 1868 (Annal.
1211 1798 1365 1851 Suev.
1401 1813 1457 1868 p.
1492 1813 1552 1862 ιι,
1605 1794 1645 1849 l.
1677 1811 1755 1858 vr,
1780 1810 1829 1849 c.
1862 1794 1918 1865 9)
1950 1792 2021 1848 ab

385 1886 631 1961 Alpibus
648 1886 905 1943 Suevicis
922 1885 1077 1941 ultra
1088 1885 1417 1941 Danubium
1446 1900 1628 1957 usque
1640 1880 2023 1953 extendit,qui

2132 838 2371 894 gnarus,
2403 822 2547 877 dum
2577 820 3025 888 Adalberonem,
3052 816 3353 892 juniorem
3412 821 3479 877 ut
3523 819 3775 891 videtur,
3874 829 3887 837 ‘

2131 910 2392 981 priorum
2427 910 2614 982 ipsius
2645 909 2897 965 ﬁliorum
2922 910 3178 973 fratrem,
3202 908 3528 981 Luitgardaa
3559 909 3777 966 sororis

2131 1001 2188 1057 S.
2220 999 2495 1067 Udalrici,
2554 1004 2613 1055 et
2659 999 2854 1055 Peiore
2907 998 3139 1056 comitis
3192 995 3384 1053 ﬁlium
3440 1001 3630 1053 vocat.
3664 998 3774 1054 Sed

2133 1089 2406 1162 quisnam
2436 1088 2530 1145 hic
2550 1088 2748 1145 Peiere
2777 1088 3010 1147 comes?
3046 1087 3231 1144 altum
3263 1090 3417 1143 certe
3437 1086 3600 1145 illius
3622 1088 3773 1161 apud

2131 1195 2334 1235 omnes
2356 1178 2527 1234 istius
2550 1178 2827 1252 temporis
2850 1175 3198 1249 genealogos
3221 1178 3309 1232 est
3328 1175 3650 1233 silentium.
3673 1176 3777 1232 No-

2129 1271 2292 1323 tatur
2321 1268 2556 1340 quidem
2592 1268 2649 1323 in
2683 1267 3098 1339 antiquissimo
3146 1264 3409 1338 catalogo
3468 1263 3775 1320 nominum

2131 1355 2496 1428 propriorum
2517 1355 3248 1412 inAlamanniaTeutonica
3266 1352 3404 1411 olim
3422 1353 3775 1409 usitatorum

2130 1444 2431 1517 (Gowas-r.
2466 1446 2668 1517 Script.
2704 1449 2748 1501 t.
2780 1445 2848 1513 Il,
2882 1464 2937 1518 p.
2972 1445 3098 1517 105)
3145 1445 3321 1501 etiam
3370 1459 3583 1503 nomen
3614 1442 3773 1508 Pana,

2132 1535 2286 1605 quod
2304 1534 2438 1589 huic
2459 1535 2602 1590 satis
2624 1536 2799 1590 afﬁne
2821 1539 2931 1599 est,
2949 1533 3157 1590 Latina
3177 1536 3373 1589 tamen
3388 1534 3518 1605 ejus
3532 1548 3777 1589 nomen-

2132 1623 2356 1679 clatura
2378 1624 2529 1679 haud
2563 1624 2817 1679 additur.
2849 1621 2959 1678 Vix
2989 1640 3105 1679 non
3138 1621 3516 1694 Peringerum
3537 1624 3641 1677 seu
3671 1620 3776 1677 Po-

2132 1712 2454 1783 ringerium
2485 1712 2578 1768 hic
2607 1711 2785 1769 latere
2813 1711 3097 1784 suspicor,
3129 1718 3304 1784 quem
3335 1710 3489 1767 inter
3532 1710 3776 1766 comites

2125 1800 2667 1873 Zurichgovizr,quae
2686 1802 2933 1856 ducatus
2950 1799 3308 1856 Alemannici
3350 1794 3486 1870 pbrs
3515 1802 3664 1868 erat,
3710 1802 3777 1855 ex

2132 1890 2351 1945 chartis
2380 1891 2761 1946 traditionum
2788 1891 2847 1946 S.
2906 1888 3052 1945 Galli
3102 1888 3374 1961 producit
3428 1887 3774 1961 Herrgottus

386 1977 688 2072 deﬁciente
701 1976 893 2072 priore
900 1976 1086 2072 stirpe
1109 1975 1321 2072 partim
1336 1973 1613 2051 dapiferis
1636 1972 1707 2027 de
1723 1969 2020 2044 Walpurg,
2053 2007 2102 2072 Β
2134 1980 2373 2072 (βίηφι,
2407 1980 2707 2072 "absburq.
2742 1982 2784 2034 ι,
2817 1979 2887 2046 Il)
2919 1978 2989 2034 ad
3023 1994 3208 2072 anpos
3235 1978 3366 2072 9-42,
3397 1977 3506 2072 9-48
3535 1980 3593 2072 e-t
3647 1976 3774 2046 950,

386 2066 601 2140 partim
632 2064 949 2123 Zolleranis
972 2064 1172 2120 cessit.

464 2155 773 2213 Wolferadi
806 2154 985 2226 hujus
1013 2152 1259 2208 senioris
1283 2152 1493 2223 conjux
1515 2155 1568 2206 et
1599 2150 1726 2206 avia
1744 2149 2026 2204 Herman—

388 2246 451 2303 ni
481 2245 591 2303 fuit
619 2244 851 2312 Bertha,
884 2244 1051 2316 cujus
1081 2242 1205 2315 ipse
1236 2241 1457 2296 obitum
1489 2241 1559 2296 ad
1592 2257 1685 2294 an.
1722 2240 1860 2293 1032
1890 2255 2027 2293 con-

389 2335 602 2408 signat.
637 2333 858 2390 Berthze
889 2337 1162 2405 patruum
1197 2331 1377 2386 fuisse
1441 2327 1863 2401 Reginbaldum
1924 2344 2027 2383 seu

388 2420 839 2499 Reginboldum,
869 2421 929 2477 in
961 2437 1160 2494 pugna
1190 2425 1388 2475 contra
1419 2419 1683 2491 Ungaros
1723 2418 1875 2489 apud
1917 2418 2029 2471 Au-

388 2516 624 2588 gustam
655 2512 911 2567 occisum
941 2511 1012 2566 ad
1046 2525 1183 2565 ann.
1214 2510 1321 2563 955
1349 2508 1570 2563 scribit.
1642 2507 1886 2561 Matrem
1944 2506 2026 2562 illi

390 2600 595 2657 tribuit
620 2604 677 2655 Β.
742 2598 994 2655 Udalrici
1060 2596 1389 2669 Augustani
1447 2595 1702 2667 episcopi
1745 2610 2023 2658 sororem,

390 2704 567 2763 quam
593 2689 666 2745 ad
690 2690 896 2745 an.971
928 2685 1304 2759 Luitgardam
1327 2683 1853 2757 appellat,matrem
1877 2699 2025 2755 quo-

386 2795 502 2852 que
530 2776 919 2834 Adalberonis
942 2774 1231 2831 avunculo
1264 2790 1368 2829 suo
1400 2771 1666 2828 Udalrico
1699 2771 1757 2825 in
1807 2770 2026 2843 episco-

387 2871 527 2941 patu
558 2865 914 2924 successoris
946 2864 1244 2920 destinati.
1277 2860 1511 2917 Tertius
1542 2861 1670 2931 ejus
1702 2856 1879 2927 ﬁlius,
1924 2858 2023 2930 qui

386 2959 444 3012 et
471 2955 693 3012 Bertba:
724 2960 907 3027 pater,
935 2970 1004 3009 ex
1045 2952 1178 3006 Vita
1233 2951 1291 3007 S.
1350 2949 1602 3006 Udalrici
1642 2966 1692 3003 c.
1757 2950 1823 3003 15
1868 2948 2021 3020 apud

386 3044 690 3103 Velserum
711 3043 954 3107 eruitur,
976 3039 1355 3113 Manegoldus
1378 3040 1550 3094 frater
1574 3036 1828 3109 przedicti
1851 3035 2022 3091 Adal-

386 3131 641 3191 beronis.
677 3128 791 3188 Hos
821 3130 1004 3203 igitur
1033 3146 1236 3185 omnes
1298 3127 1618 3200 Luitgardaz
1658 3126 1716 3181 S.
1769 3124 2019 3181 Udalrici

386 3221 590 3289 sorori,
613 3220 841 3295 qualem
873 3237 940 3276 ex
970 3222 1279 3275 stemmate
1299 3214 1667 3288 genealogico
1689 3214 1842 3286 apud
1865 3230 2023 3268 eum-

386 3312 518 3369 dem
550 3310 878 3375 Velserum,
908 3326 965 3381 p.
998 3308 1126 3372 589,
1159 3306 1393 3362 unicam
1420 3304 1645 3371 habuit,
1676 3301 2019 3357 tribuendos

384 3417 513 3457 esse
541 3404 704 3457 extra
734 3397 981 3454 dubium
1011 3400 1118 3451 est.

454 3493 531 3544 At
558 3487 746 3559 major
764 3485 931 3543 estin
955 3501 1154 3540 eorum
1180 3486 1340 3555 patre
1370 3498 1471 3537 seu
1497 3480 1821 3552 Luitgardae
1844 3478 2021 3535 mari-

383 3580 444 3633 to
460 3576 767 3633 statuendo
789 3573 1119 3629 difﬁcultas.
1142 3572 1396 3627 Vocatur
1414 3570 1687 3642 equidem
1704 3569 1762 3623 in
1785 3567 2019 3624 laudato

388 3662 1011 3734 stemmateLuitgarda
1022 3661 1144 3715 haac
1157 3660 1346 3732 prima
1357 3656 1821 3714 uxorBurchardi
1839 3657 2019 3722 II.seu

375 3751 882 3829 junioris.Suevise
903 3750 1022 3805 sive
1045 3748 1393 3805 Alemanniae
1412 3748 1597 3815 ducis,
1617 3747 1717 3820 qui
1739 3747 2018 3801 ducatum

382 3841 456 3898 ab
489 3858 582 3897 an.
615 3840 719 3895 957
750 3852 937 3909 usque
967 3838 1037 3893 ad
1071 3854 1164 3893 an.
1196 3838 1303 3893 973
1359 3836 1567 3903 tenuit,
1602 3836 1685 3891 uti
1745 3836 1815 3890 ad
1871 3834 2017 3890 istos

379 3947 566 3987 annos
595 3927 798 3986 scribit
829 3928 1218 3983 Hcrmannus.
1254 3925 1470 3981 Verum
1492 3923 1637 3979 nulli
1664 3923 1828 3978 dictae
1866 3922 2018 3977 Luit-

374 4020 569 4093 gardsa
594 4035 665 4074 ex
692 4035 761 4073 eo
792 4016 893 4071 ﬁlii
918 4015 1179 4088 suscepti
1198 4015 1378 4071 fuisse
1391 4017 1790 4070 memorantur
1813 4012 1875 4066 in
1897 4015 2017 4067 tota

376 4108 508 4164 Vita
536 4108 595 4164 S.
633 4106 906 4174 Udalrici,
940 4121 1047 4161 nec
1078 4104 1233 4179 apud
1257 4104 1611 4175 Stumpﬁum
1632 4101 1866 4170 (Chron.
1891 4100 2016 4157 Hel-

374 4190 491 4253 vet.
534 4196 597 4252 L.
627 4213 705 4264 Iv,
737 4212 787 4251 c.
820 4196 931 4264 38).
984 4192 1228 4250 Crusius
1294 4191 1531 4265 quidem
1580 4191 1802 4261 (Annal.
1854 4188 2011 4244 Suev.

375 4303 434 4359 p.
469 4303 530 4351 ιι,
556 4284 595 4340 l.
630 4302 714 4351 ιιι,
734 4284 879 4354 c.11)
913 4282 1335 4337 Adalberonem
1365 4284 1421 4336 et
1442 4277 1862 4352 Reginboldum
1878 4293 2013 4333 cum

374 4374 508 4432 aliis
538 4373 873 4429 Burchardo
905 4389 972 4427 ex
1003 4371 1318 4443 Luitgarda
1372 4368 1522 4424 ﬁlios
1580 4367 1807 4435 tribuit,
1867 4364 2013 4421 satis

372 4469 568 4521 tamen
600 4462 881 4529 fabulose,
905 4462 1046 4517 dum
1079 4457 1500 4530 Reginboldum
1525 4456 1782 4528 primum
1808 4471 2010 4510 mona-

371 4553 534 4611 sterii
564 4553 619 4608 S.
653 4552 802 4607 Afra;
833 4552 1106 4622 Augustae
1126 4565 1218 4604 an.
1249 4548 1387 4602 1012
1416 4547 1688 4601 abbatem
1721 4541 1878 4610 facit,
1908 4543 2004 4614 qui

368 4648 563 4699 tamen
585 4643 711 4714 jam
743 4657 837 4695 an.
864 4642 970 4694 955
999 4638 1059 4693 in
1092 4636 1291 4710 praelio
1346 4634 1641 4691 occubuit.
1703 4632 1817 4687 Nec
1868 4631 2004 4686 alibi

2135 2072 2191 2124 et
2203 2067 2410 2125 ultimo
2428 2067 2798 2140 quidemloco
2817 2084 2935 2124 una
2948 2082 3082 2122 cum
3099 2065 3227 2139 ipso
3248 2066 3396 2121 duce
3412 2065 3773 2133 Burchardo,

2135 2157 2235 2229 qui
2268 2158 2463 2213 nescio
2493 2174 2609 2229 qua
2638 2156 2861 2212 ratione
2884 2152 3010 2226 jam
3040 2158 3168 2210 tum
3200 2155 3318 2209 dux
3348 2153 3461 2209 dici
3495 2153 3773 2227 potuerit,

2136 2247 2414 2301 ducatum
2433 2246 2624 2301 adhuc
2654 2246 2725 2301 ad
2756 2261 2851 2302 an.
2882 2246 2986 2301 951
3012 2242 3217 2300 saltem
3250 2246 3485 2299 tenente
3538 2241 3776 2299 Ludolfo

2136 2335 2362 2391 Ottonis
2392 2335 2545 2407 regis
2577 2334 2718 2399 ﬁlio,
2750 2333 2861 2389 nisi
2888 2333 2946 2389 id
2970 2334 3040 2389 de
3062 2331 3272 2389 Susvia
3290 2335 3521 2388 tantum
3544 2335 3649 2411 aut
3667 2330 3780 2389 alia

2138 2424 2386 2479 ducatus
2407 2423 2765 2479 Alemannici
2780 2424 2942 2495 parte
2954 2421 3033 2477 sit
3046 2414 3780 2493 intelligendum,maxime

2138 2511 2192 2565 in
2212 2511 2715 2584 Zurichgovia,ubi
2731 2528 2831 2567 ceu
2846 2504 3341 2567 ducisBurchardi
3356 2508 3607 2565 senioris
3619 2507 3780 2569 ﬁlius

2136 2601 2372 2657 titulum
2397 2601 2543 2656 forte
2564 2604 2620 2656 et
2641 2604 2989 2672 potestatem
3003 2616 3122 2655 una
3139 2615 3277 2654 cum
3296 2597 3482 2670 patris
3500 2597 3589 2654 sui
3606 2586 3779 2654 bonis

2136 2689 2407 2745 obtinuit.
2439 2689 2653 2745 Verum
2688 2689 2809 2745 haec
2858 2687 2970 2745 alio
3027 2691 3313 2760 spectant.
3371 2687 3533 2751 Quod
3594 2686 3672 2749 si,
3717 2690 3782 2741 ut

2135 2777 2500 2850 conjicimus,
2526 2778 2872 2850 Peringerus
2890 2774 3414 2849 iste,Zurichgoviae
3432 2776 3779 2848 comes,pri-

2133 2882 2267 2921 mus
2300 2866 2626 2938 Luitgardae
2658 2865 2906 2921 maritus
2928 2864 3123 2931 fuerit,
3146 2864 3320 2920 breve
3340 2862 3670 2919 admodum
3692 2863 3780 2918 di-

2132 2956 2382 3013 cendum
2413 2959 2501 3009 est
2521 2954 2699 3026 hujus
2730 2970 2865 3009 cum
2908 2952 3243 3008 Burchardo
3304 2951 3779 3020 matrimonium,

2131 3044 2347 3116 quippe
2369 3060 2436 3099 ex
2466 3042 2637 3098 dictis
2668 3043 2821 3097 intra
2852 3058 3038 3097 annos
3065 3042 3167 3102 951
3192 3044 3249 3097 et
3276 3040 3385 3097 955
3414 3040 3778 3098 subsistens.

2130 3132 2241 3187 Sed
2271 3133 2395 3187 haec
2423 3132 2767 3201 conjecturae
2799 3130 3016 3186 limites
3045 3130 3202 3187 haud
3232 3129 3513 3189 excedant
3540 3146 3554 3183 ε
3578 3134 3781 3202 grates

2130 3220 2479 3276 habebimus
2501 3219 2585 3275 illi
2609 3220 2708 3292 qui
2732 3218 2978 3275 certiora
2998 3235 3106 3276 nos
3128 3218 3199 3275 de
3219 3218 3331 3274 isto
3348 3217 3546 3275 Peiere
3561 3218 3781 3275 comite

2130 3308 2446 3365 edocuerit.

2048 3371 2091 3437 (ἶ
2199 3398 2302 3454 His
2332 3397 2512 3469 igitur
2541 3395 2761 3465 missis,
2784 3400 2989 3452 caatera
3009 3412 3076 3452 ex
3097 3395 3429 3453 Hermanno
3450 3410 3777 3468 prosequa-

2129 3502 2282 3543 mur.
2305 3487 2387 3543 Ex
2414 3486 2602 3542 tribus
2631 3501 2811 3558 supra
2839 3482 3180 3541 memoratis
3210 3481 3539 3555 Luitgardaa
3569 3478 3778 3540 liberis

2127 3574 2412 3631 Adalbero
2442 3573 2685 3630 clericus
2716 3576 2773 3629 et
2800 3572 3027 3640 caelebs,
3060 3587 3164 3628 nec
3194 3571 3337 3627 adeo
3368 3570 3589 3626 Berthaa
3606 3576 3781 3643 pater

2127 3680 2256 3720 esse
2287 3662 2494 3735 potuit.
2521 3660 2918 3735 Reginbaldus
2938 3662 3065 3733 jam
3098 3678 3193 3717 an.
3224 3661 3333 3715 925
3360 3659 3422 3716 in
3435 3658 3644 3731 prelio
3675 3676 3773 3717 oc-

2127 3752 2433 3820 cumbens,
2458 3752 2559 3823 qui
2581 3754 2825 3824 patruus
2843 3750 3063 3806 Berthae
3085 3746 3506 3814 dicitur,alium
3525 3748 3773 3805 fratrem

2126 3839 2580 3909 haberedebuit,
2624 3838 2845 3895 Berthae
2864 3840 3109 3911 patrem.
3140 3837 3305 3893 Hunc
3357 3834 3500 3893 adeo
3568 3836 3774 3894 Mane-

2126 3928 2368 4001 goldum
2397 3944 2599 3984 eorum
2623 3927 2857 3984 fratrem
2881 3926 3062 3983 fuisse
3083 3942 3319 3983 necesse
3339 3928 3443 3982 est.
3468 3925 3774 3999 Frequens

2126 4017 2184 4072 in
2217 4016 2441 4072 familia
2470 4016 2792 4090 Dilingensi
2824 4014 3151 4087 Manegoldi
3184 4031 3397 4070 nomen
3445 4013 3775 4087 Luitgarda

2124 4105 2259 4161 inde
2284 4106 2642 4161 descendens
2673 4104 2802 4162 aliis
2844 4120 3074 4177 quoque
3132 4102 3374 4159 familiis
3423 4118 3527 4174 per
3577 4102 3773 4159 ﬁlium

2124 4209 2299 4249 suum
2329 4192 2738 4266 Manegoldum
2767 4190 3071 4248 induxisse
3087 4190 3337 4265 videtur,
3367 4190 3522 4263 quod
3554 4190 3773 4248 saltem

2122 4281 2181 4337 in
2210 4280 2554 4353 Veringensi
2586 4280 2807 4354 passim
2837 4278 3112 4353 deinceps
3134 4279 3403 4336 occurrit.

2193 4374 2269 4426 De
2299 4370 2408 4425 hoc
2438 4369 2566 4441 ipso
2596 4374 2791 4427 autem
2821 4367 3184 4441 Manegoldo,
3216 4371 3280 4423 ut
3311 4371 3374 4423 ut
3403 4371 3560 4424 certo
3596 4368 3766 4425 Luit-

2119 4459 2310 4531 gardae
2335 4459 2473 4523 ﬁlio,
2505 4462 2563 4513 et
2594 4457 2811 4514 Berthaa
2841 4456 2977 4512 avias
3001 4455 3315 4512 Hermanni
3339 4460 3524 4528 patre,
3548 4473 3766 4528 parum

2120 4550 2222 4601 aut
2250 4545 2394 4601 nihil
2424 4545 2484 4600 in
2516 4544 2913 4601 monumentis
2962 4542 3229 4600 recurrit.
3264 4541 3654 4616 Manegoldus
3710 4548 3770 4600 et

2119 4634 2453 4690 Wolfradus
2485 4633 2638 4689 inter
2667 4633 2909 4690 comites
2938 4635 3317 4688 recensentur
3345 4630 3407 4686 in
3436 4629 3767 4703 diplomate

370 4729 689 4789 Burchardi
720 4729 899 4801 hujus
930 4726 1079 4782 ﬁlios
1110 4741 1202 4781 me
1233 4724 1445 4797 legisse
1477 4720 1717 4777 memini
1778 4721 1895 4777 imo
1945 4720 2003 4774 in
2036 4734 2082 4798 ί)
2113 4723 2340 4781 Ottonis
2372 4724 2393 4778 Ι
2420 4739 2522 4795 pro
2553 4722 2797 4778 ecclesia
2824 4720 3087 4777 Curiensi
3118 4737 3211 4777 an.
3246 4721 3374 4788 972,
3398 4719 3556 4792 apud
3579 4720 3763 4778 Herr-

368 4836 514 4878 nova
566 4818 819 4876 editione
875 4815 1067 4887 operis
1125 4814 1261 4869 l'Art
1310 4812 1375 4867 de
1424 4812 1642 4880 ve‘riﬁer
1697 4810 1774 4864 les
1856 4810 2004 4863 datos

366 4914 409 4967 t.
440 4894 538 4978 ΙΙΙ,
571 4925 628 4981 p.
658 4911 749 4977 07,
783 4924 877 4962 an.
905 4905 1030 4973 973,
1092 4918 1332 4976 prorsus
1378 4899 1503 4955 sine
1556 4895 1817 4953 mascula
1846 4897 2003 4970 prole

363 4997 681 5055 decessisse
703 4992 1090 5059 scribitur,uti
1114 4996 1170 5046 et
1195 4990 1252 5043 in
1271 4987 1555 5044 Chronico
1577 4985 2002 5041 Petershusano

361 5086 515 5144 infra
543 5086 784 5142 edendo.
811 5083 956 5140 Huic
986 5081 1098 5152 ipsi
1134 5078 1491 5143 Burchardo,
1550 5075 1598 5130 si
1646 5073 1998 5131 Witichindo

361 5160 695 5233 Gorbeiensi
727 5171 952 5244 (Annal.
978 5169 1017 5223 Ι.
1044 5164 1412 5237 1n,Meibom.
1439 5170 1479 5219 t.
1503 5167 1524 5220 ι
1548 5164 1765 5235 Script.,
1790 5164 1995 5235 p.056)

360 5266 527 5329 ﬁdes,
550 5264 675 5334 jam
709 5278 861 5317 anno
894 5258 1098 5314 saltem
1132 5257 1239 5310 955
1266 5254 1651 5325 nupserat/ilio
1680 5255 1875 5322 fratris
1908 5269 1993 5306 rc-

354 5356 459 5426 gis,
491 5351 791 5422 Hadwigis
821 5347 1063 5411 scilicet,
1097 5344 1343 5401 Heinrici
1376 5342 1626 5397 Bavariae
1663 5340 1848 5408 ducis,
1884 5342 1994 5395 fra-

356 5443 464 5499 tris
495 5435 983 5506 Ottonislregis,
1040 5434 1177 5499 ﬁlia,
1237 5448 1414 5503 quam
1474 5430 1694 5502 passim
1752 5429 1994 5485 alteram

355 5527 676 5588 Burchardi
696 5525 862 5581 ducis
891 5523 1196 5593 conjugem
1222 5524 1488 5575 statuunt
1512 5519 1842 5591 scriptores.
1860 5518 1890 5574 J
1899 5535 1994 5572 am

351 5623 478 5675 tum
511 5632 647 5688 ergo
667 5611 980 5683 Luitgarda
1012 5610 1200 5682 prima
1233 5626 1376 5664 uxor
1406 5608 1646 5675 obierat,
1673 5624 1846 5679 quam
1868 5606 1995 5677 ipse

346 5708 474 5780 jam
502 5703 739 5759 viduam
773 5706 829 5755 et
858 5699 1144 5754 dictorum
1203 5697 1456 5753 ﬁliorum
1521 5714 1587 5752 ex
1635 5695 1746 5751 alio
1804 5695 1994 5767 priore

352 5790 623 5863 conjugio
656 5793 899 5846 matrem
932 5788 1165 5845 duxisse
1194 5788 1441 5844 videtur.
1469 5788 1657 5858 Atque
1685 5784 1841 5842 hunc
1870 5784 1994 5857 qui-

2112 4817 2236 4883 gott
2264 4811 2303 4867 1.
2328 4828 2399 4877 c.,
2433 4829 2489 4867 n.
2526 4812 2647 4877 141,
2680 4827 2748 4866 ex
2780 4810 2998 4882 quibus
3020 4807 3356 4866 Wolfradus
3387 4805 3559 4864 facile
3619 4825 3767 4866 avus

2116 4900 2456 4969 Hermanni,
2472 4903 2528 4955 et
2544 4898 2923 4971 Manegoldus
2944 4896 3166 4955 Bertha:
3191 4901 3449 4969 pater,ac
3473 4896 3765 4953 Wolfradi

2113 4988 2385 5060 deinceps
2410 5005 2586 5060 gener
2605 5004 2735 5044 esse
2762 4985 2968 5060 potuit.
2989 4985 3177 5057 Hujus
3199 5001 3391 5058 porro,
3421 4990 3486 5041 ut
3505 4976 3761 5042 videtur.

2110 5076 2438 5149 Manegoldi
2488 5077 2831 5132 comitatum
2880 5076 2937 5130 in
2964 5090 3102 5146 pago
3148 5072 3505 5144 Zurichgewe
3562 5073 3765 5147 prodit

2106 5165 2352 5223 alterum
2372 5166 2635 5236 ejusdem
2656 5163 2887 5219 Ottonis
2907 5162 3169 5235 diploma
3184 5178 3290 5235 pro
3302 5160 3448 5219 cella
3461 5162 3757 5234 Maginra-

2106 5254 2158 5307 di
2212 5271 2304 5309 an.
2337 5255 2444 5307 975
2503 5253 2720 5321 (Hsaoo
2779 5251 2940 5318 l,.c.,
2997 5268 3056 5306 n.
3111 5250 3258 5321 443).
3314 5250 3397 5305 Ex
3455 5266 3571 5322 quo
3608 5250 3758 5307 adeo

2105 5342 2362 5415 genitam
2393 5358 2520 5397 esse
2542 5346 2818 5413 putamus
2832 5338 3104 5395 Bertham
3134 5338 3379 5394 an.1032
3412 5336 3758 5397 defunctam

2106 5431 2263 5487 haud
2295 5431 2873 5501 utiquerepugnante
2905 5430 3240 5498 temporum
3299 5426 3562 5494 ratione;
3626 5444 3757 5499 quae

2103 5519 2261 5576 enim
2285 5520 2409 5590 jam
2437 5519 2571 5571 1009
2598 5516 2785 5572 ﬁlium
2835 5514 3095 5571 nubilem
3145 5514 3373 5582 habuit,
3430 5514 3587 5570 circa
3631 5514 3758 5571 hac

2104 5611 2369 5679 tempora
2398 5606 2557 5661 nasci
2581 5604 2800 5659 debuit.
2834 5604 2956 5668 Quo
2979 5602 3169 5676 magis
3189 5602 3366 5657 etiam
3392 5607 3662 5659 nostram
3686 5602 3759 5658 de

2104 5693 2443 5767 Peringerio
2462 5692 2678 5767 pariter
2696 5690 3085 5765 Zuricbgoviae
3125 5690 3356 5757 comite,
3418 5688 3759 5764 Manegoldi

2104 5787 2287 5856 patre,
2317 5782 2715 5853 conjecturam
2747 5779 2966 5837 ﬁrmari
2997 5778 3373 5853 arbitramur.
3403 5778 3553 5845 Quid
3614 5791 3756 5836 vero
