3940 6412
255 604 334 709 29
892 584 946 609 ’
994 640 1011 645 -~
1060 584 1093 637 ·’
1186 630 1191 633 η
1468 626 1477 637 τ
1656 616 1890 682 pacm

2007 617 2262 683 DMENA.
3570 604 3650 693 εδ

255 755 412 814 τίοεα
436 757 744 833 diligentia
773 760 1217 837 collegitgesm
1238 782 1470 839 quoque
1498 768 1827 825 Cbuomadi
1856 777 1911 825 ει
1942 754 1992 817 Α
2024 760 2144 810 tam
2175 752 2476 811 ineﬂ‘ablili
2508 754 2799 814 desiderio
2829 758 2887 815 et
2909 754 3199 815 dilectioni
3229 758 3460 817 futurus
3488 761 3651 820 illcet

251 846 511 903 Heinrici
544 848 984 921 imperatormm
1017 854 1091 925 (9)
1126 853 1513 927 pulcherrime
1571 857 1899 931 descripsit.

253 933 549 992 Libellum
581 938 652 994 ad
684 938 803 996 haec
833 941 905 995 de
936 946 1062 997 octo
1077 943 1232 998 vitiis
1254 943 1674 1017 principalibus
1693 948 1905 1017 jucun-

253 1022 486 1090 dulum,
519 1029 763 1082 metrica
790 1028 1122 1086 diversitate
1150 1031 1420 1103 lyricum,
1483 1036 1701 1105 poetice
1759 1038 1902 1092 satis

249 1109 595 1169 elaboravit.
630 1116 693 1170 1n
716 1115 1065 1189 horologicis
1082 1124 1134 1174 et
1153 1121 1820 1179 musicisinstrumentis
1851 1130 1908 1180 et

251 1200 614 1259 meohanicis
645 1204 789 1259 nulli
822 1223 936 1261 non
970 1225 1075 1279 par
1102 1215 1227 1264 erat
1247 1213 1686 1283 componendis.
1711 1213 1774 1271 In
1808 1214 1902 1270 his

249 1286 436 1361 igitur
456 1293 515 1344 et
546 1290 602 1345 in
636 1290 972 1363 hujusmodi
997 1296 1385 1368 perpluribus,
1422 1312 1567 1370 quas
1590 1303 1900 1356 memorari

250 1392 368 1431 non
396 1378 592 1435 brevis
611 1385 700 1435 est
718 1383 1017 1453 temporis,
1039 1390 1326 1456 quantum
1350 1388 1419 1442 ad
1437 1388 1897 1445 imbecillitatem

251 1480 426 1520 suam
461 1468 619 1523 totus
652 1486 884 1541 semper
911 1473 1225 1528 continuus
1255 1476 1580 1532 studuerat.

322 1555 590 1610 Tandem
620 1573 750 1612 vers
762 1574 894 1612 cum
910 1559 978 1614 de
992 1563 1283 1633 ergastulo
1298 1566 1498 1618 mundi
1524 1565 1703 1637 hujus
1736 1567 1899 1621 fasti-

249 1641 421 1698 dioso
442 1647 710 1699 sanctam
741 1647 869 1716 ejus
907 1648 1164 1705 animam
1197 1651 1294 1706 Dei
1323 1652 1507 1723 pietas
1565 1655 1902 1726 dignaretur

252 1728 527 1798 liberare,
559 1732 869 1805 pleuritica
898 1744 1163 1808 arreptus
1195 1741 1467 1811 passione
1488 1743 1686 1797 decem
1702 1751 1898 1799 conta-

247 1818 502 1876 besoene
531 1821 656 1877 dies
679 1822 1101 1881 incessabiliter
1127 1827 1243 1883 fere
1263 1834 1320 1883 et
1350 1828 1683 1886 immaniter
1739 1832 1898 1887 labo-

247 1907 403 1965 ravit
431 1907 632 1965 letbali
663 1909 770 1965 hac
786 1912 1101 1970 invasione.
1123 1915 1269 1970 Tum
1286 1919 1538 1988 quadam
1554 1920 1645 1975 die
1666 1938 1897 1977 summo

245 2010 450 2061 mane,
481 2013 639 2064 cum,
675 2000 965 2057 matutina
993 2003 1199 2074 synaxi
1224 2004 1531 2072 celebrata,
1565 2024 1692 2079 ego,
1722 2026 1897 2080 quem

245 2084 495 2157 quidem
526 2085 876 2183 familiarem
910 2107 1021 2161 prae
1050 2093 1271 2147 cwtcris
1289 2093 1561 2183 habebat,
1585 2098 1655 2151 ad
1678 2097 1894 2153 lectum
1929 2119 1975 2183 Β

246 2175 592 2245 ogrotantie
621 2177 1022 2243 accessissem,
1056 2188 1129 2242 ct,
1165 2200 1235 2235 an
1255 2199 1315 2237 se
1328 2182 1760 2255 aliquantulum
1783 2204 1897 2243 me-

245 2259 370 2319 lius
400 2262 693 2332 habuerit,
726 2266 799 2321 ab
830 2283 896 2322 eo
911 2267 1308 2339 inqulslSscm,
1330 2275 1671 2343 respondit:
1708 2275 1895 2340 «Noli,

243 2351 520 2423 inquam,
555 2352 625 2408 de
665 2353 795 2420 hoc,
824 2354 942 2410 noli
972 2374 1063 2411 me
1098 2358 1469 2429 illici‘t‘u‘mPB,
1503 2362 1644 2432 quin
1704 2365 1897 2435 potius

244 2439 358 2498 hoc
388 2442 547 2513 quod
577 2441 705 2509 tibi,
738 2442 797 2497 in
828 2460 944 2515 quo
966 2462 1078 2501 non
1107 2466 1307 2517 parum
1328 2450 1576 2519 conﬁdo,
1609 2468 1894 2521 enarrem,

244 2528 570 2601 diligenter
597 2532 849 2587 attende.
884 2533 1099 2590 Moriar
1110 2536 1309 2607 procul
1334 2538 1510 2593 dubio
1544 2540 1599 2593 in
1634 2540 1810 2607 brevi,
1839 2548 1898 2596 et

245 2635 367 2675 non
391 2617 609 2689 vivam,
629 2637 734 2675 nec
755 2623 1239 2691 reconvalescam,
1258 2624 1502 2698 ideoque
1515 2628 1616 2682 tibi
1636 2630 1897 2701 meisque

244 2706 532 2762 omnibus
564 2707 733 2763 unice
762 2708 937 2765 nimis
968 2714 1313 2769 commendo
1346 2716 1725 2785 peccatricem
1764 2719 1895 2772 ani-

244 2811 410 2850 mam
443 2811 659 2851 meam.
693 2797 800 2853 Per
844 2804 1025 2854 totam
1072 2802 1289 2873 quippe
1348 2808 1573 2859 noctem
1628 2805 1776 2860 hanc
1835 2807 1894 2861 in

240 2884 467 2941 exstasi
506 2885 763 2956 quadam
795 2892 999 2959 raptus
1025 2888 1268 2957 fueram,
1298 2896 1354 2946 et
1383 2892 1622 2948 videbar
1654 2894 1797 2949 mihi
1828 2912 1897 2950 ea

244 2972 538 3029 memoria
567 2978 629 3029 et
654 2975 919 3042 scientia,
946 2994 1065 3048 qua
1088 2980 1410 3035 orationem
1433 2982 1689 3038 solemus
1707 2983 1894 3039 Domi-

241 3061 467 3126 nioam,
500 3062 878 3120 Hortensium
908 3065 1082 3123 Tullii
1131 3067 1417 3125 Ciceronis
1473 3070 1786 3127 lectitando
1838 3077 1895 3127 et

238 3165 377 3206 mox
389 3148 773 3205 relectitando
788 3150 1089 3223 vigilanter
1104 3156 1512 3225 percursitare,
1525 3163 1582 3212 et
1594 3175 1895 3214 remanen-

236 3237 316 3300 tis
346 3236 547 3294 adhuc
577 3255 818 3295 sensum
836 3241 1252 3309 etscripturam
1268 3246 1542 3309 materiae,
1564 3264 1737 3318 quam
1762 3264 1891 3319 pro-

239 3324 418 3400 posui
448 3326 523 3382 de
552 3326 708 3383 vitiis
729 3327 1066 3390 dictandam
1081 3332 1248 3402 quasi
1268 3333 1393 3403 jam
1432 3335 1891 3407 perscripserim,

240 3413 816 3483 similiterlectitare,
843 3422 901 3472 et
932 3417 1591 3493 idgenusmulta.Cujus
1608 3424 1887 3480 nimirum

241 3500 535 3573 instinctu
566 3506 625 3558 et
652 3503 886 3561 hortatu
916 3505 1181 3564 lectionis
1211 3512 1371 3564 tanto
1403 3511 1547 3565 mihi
1587 3517 1745 3567 totus
1795 3513 1888 3569 hic

241 3605 508 3661 presens
536 3591 798 3671 mundus
830 3608 964 3647 cum
995 3595 1119 3650 suis
1149 3596 1445 3664 omnibus,
1476 3602 1533 3653 et
1587 3600 1717 3671 ipsa
1773 3600 1893 3657 hanc

240 3678 360 3744 vita
388 3680 663 3736 mortalis
693 3682 1053 3755 contemptui
1083 3689 1140 3740 et
1169 3686 1341 3763 taedio
1363 3690 1892 3757 est,eteoontrario

264 3828 291 3876 ‘_
315 3795 399 3876 (9)
432 3795 877 3876 [deusta-statur
895 3798 1234 3876 Anonymus
1261 3799 1610 3876 Mellicensis
1648 3808 1704 3858 et
1762 3804 1891 3860 Otto

248 3865 652 3937 Frisingensis
683 3867 741 3921 in
772 3865 1084 3937 Chronico,
1111 3868 1149 3924 l.
1182 3887 1260 3937 v1,
1295 3888 1343 3926 c.
1372 3874 1442 3926 33
1467 3876 1892 3930 :Caetorumtam

242 3936 371 4015 ejus
398 3934 656 4015 (Henrigi
689 3937 785 4010 ΙΙΙ)
816 3934 1182 4015 quam_pdlris
1206 3934 1300 4015 sui
1327 3942 1596 4013 (Conradi
1631 3945 1701 4015 ΙΙ)
1739 3951 1891 4001 actus

239 4015 290 4063 et
318 4012 557 4087 virtutes
579 4010 1279 4087 ﬂemaonusContmctus
1310 4010 1370 4067 in
1408 4015 1593 4087 libello
1636 4010 1889 4087 quodam,

242 4094 405 4151 quem
439 4079 873 4150 ipsideslinavil,
933 4082 1237 4138 luculenter
1290 4087 1429 4139 satis
1473 4079 1749 4143 disseruit.
1814 4079 1890 4142 Es

242 4166 357 4228 quo
387 4155 638 4228 sumpta
662 4154 1134 4228 suntquis-idem
1183 4153 1335 4228 Otto,
1394 4155 1433 4211 l.
1484 4173 1560 4219 c.,
1619 4174 1746 4228 cap.
1797 4160 1888 4223 32,

242 4167 357 4222 quo
387 4167 638 4222 sumpta
662 4167 950 4276 suntquae
980 4167 1134 4208 idem
1183 4167 1335 4222 Utto,
1394 4167 1433 4211 1.
1484 4173 1560 4219 c.,
1619 4174 1746 4228 cap.
1797 4167 1888 4223 32,

240 4220 423 4295 habet
446 4222 643 4295 :unde
668 4225 753 4277 est
783 4222 879 4295 ile
922 4224 1213 4295 ,rhylhmus
1267 4227 1573 4283 Hermanni
1620 4229 1893 4285 Contracli

238 4291 300 4372 de
321 4294 568 4372 p_ra:[alo
597 4293 880 4372 triumpho
910 4291 1161 4372 (Henrici
1180 4296 1252 4352 ΙΙΙ
1267 4298 1777 4372 οοηῐτξι-Ηηεειτοε)
1796 4303 1892 4372 qui

238 4309 300 4348 ae
321 4309 568 4365 pravam
597 4309 880 4420 triumﬁno
910 4309 1161 4366 (uenrim
1180 4309 1252 4352 tu
1267 4309 1464 4353 contra
1484 4309 1764 4371 Ungaros)
1796 4309 1890 4372 qui

346 4363 750 4446 ἰησίρξέίνοῃ
818 4366 1397 4446 eomelosnpangat.
1434 4368 1663 4446 Utinam
1722 4371 1890 4427 illum

242 4432 569 4514 aliquando
586 4433 645 4514 in
662 4437 788 4514 suis
810 4436 1043 4514 scriniis
1057 4432 1365 4514 diligenter
1380 4440 1766 4514 perquisitum
1788 4461 1889 4514 pro

238 4504 500 4580 historiis
515 4506 744 4580 patria
760 4506 920 4580 bono
941 4504 1195 4580 publica"
1234 4509 1360 4566 luce
1380 4504 1394 4510 ’
1416 4504 1660 4567 donaret
1682 4504 1892 4579 solaris

241 4577 490 4651 quidam
510 4575 1019 4651 bibliothecarius.

302 4648 423 4721 (10)
454 4647 595 4724 Dies
624 4648 744 4703 haec
771 4653 860 4704 est
889 4651 958 4705 25
989 4648 1369 4724 Septembris,
1399 4667 1516 4724 qua
1539 4654 1888 4710 memoriam

236 4716 559 4804 Idermanni
580 4718 733 4804 inter
743 4716 1892 4804 sanctos.pristermiss‘osi'aciuntBollan-

234 4789 418 4865 diani,
449 4789 540 4865 uti
569 4793 628 4846 et
656 4790 751 4845 die
784 4792 852 4845 19
876 4789 1039 4865 .lulii,
1071 4807 1174 4846 seu
1224 4794 1504 4865 postridie
1562 4796 1881 4851 nativitatis

2014 862 2130 901 non
2166 845 2538 901 transitorius
2571 863 2667 901 mu
2680 846 2752 902 nd
2764 863 2851 917 us,
2864 850 3148 903 etseterna
3164 848 3264 903 illa
3276 855 3332 905 et
3355 850 3649 907 immorta-

2013 931 2087 989 lis
2116 934 2256 998 vita,
2283 939 2348 989 ut
2375 935 2543 1006 quasi
2576 934 2744 989 nihili
2767 940 2825 991 et
2855 936 3029 991 inane
3059 941 3270 993 cuncta
3319 940 3654 997 transitoria

2011 1022 2131 1077 hzec
2161 1024 2398 1078 omnino
2427 1026 2787 1095 reputentur,
2821 1028 2897 1079 et'
2935 1024 3432 1097 floccipendantur
3458 1046 3493 1085 a
3539 1046 3651 1086 me.

2011 1112 2207 1166 Taedet
2235 1111 2471 1182 quidem
2505 1129 2597 1167 me
2626 1112 2831 1167 vivere.
2870 1134 2897 1161 ››

2082 1202 2197 1273 Ego
2218 1207 2415 1257 autem
2445 1201 2686 1269 visionis
2700 1201 2878 1272 hujus
2909 1206 2964 1257 et
2978 1204 3266 1260 sermonis
3294 1223 3407 1261 non
3440 1223 3649 1278 parum

2011 1292 2373 1361 stupefactus
2404 1289 2657 1355 oraculo,
2691 1294 2746 1344 et
2777 1294 2839 1345 ut
2872 1307 2975 1362 pro
3006 1292 3153 1347 tanti
3185 1295 3363 1349 amici
3398 1294 3651 1368 talisque

2009 1379 2275 1449 magistri
2297 1380 2573 1432 abscessu
2600 1382 2951 1448 oportuerat,
2979 1383 3136 1435 totus
3168 1380 3355 1437 fluens
3386 1382 3445 1437 in
3470 1382 3652 1457 lacry-

2012 1467 2124 1520 mis
2137 1472 2531 1521 etcommotus
2544 1466 2767 1536 cjulatu
2786 1472 2999 1523 memet
3019 1469 3162 1523 satis
3189 1469 3527 1527 indecenter
3557 1473 3650 1528 vix

2010 1555 2293 1610 continui.
2330 1556 2460 1609 Mox
2490 1554 2585 1609 ille
2616 1555 2699 1609 sic
2731 1571 2822 1609 me
2852 1556 3016 1625 quasi
3050 1558 3288 1613 zelando
3341 1560 3645 1632 corripuit,

2010 1659 2187 1713 quam
2203 1644 2436 1714 stupido
2452 1642 2507 1697 in
2527 1660 2616 1697 me
2639 1642 2951 1713 obliquans
2975 1646 3643 1703 ti-emcbundusintuitu:

2009 1752 2037 1781 ‹‹
2070 1730 2216 1796 Noli,
2249 1732 2443 1786 anime
2475 1730 2574 1800 mi,
2596 1730 2904 1802 nolisuper
2921 1747 3012 1786 me
3034 1731 3278 1804 plorare,
3299 1735 3438 1806 quin
3454 1737 3645 1808 potius

2009 1820 2152 1875 mihi
2187 1820 2558 1892 tripudiando
2590 1818 3013 1891 congratulare.
3048 1823 3278 1893 Accipe,
3311 1840 3531 1896 quwso,
3563 1832 3649 1883 ta-

2006 1911 2177 1965 bulas
2209 1926 2388 1972 meas,
2418 1915 2474 1964 et
2495 1925 2861 1980 quacunque
2878 1909 3068 1965 adhuc
3090 1912 3403 1969 scribenda
3428 1919 3651 1971 restant

2006 1998 2065 2053 in
2098 1999 2201 2066 eis,
2227 1997 2518 2070 imprimis
2549 2002 2610 2052 tu
2642 1997 2951 2070 diligenter
2968 2001 3489 2067 emenda,demum
3506 2003 3646 2060 scri—

2008 2091 2108 2159 pta
2132 2087 2236 2153 eis,
2263 2088 2362 2159 qui
2392 2103 2461 2142 ea
2488 2085 2821 2159 dignentur,
2856 2089 3221 2144 commenda.
3268 2091 3399 2161 Ipse
3447 2096 3644 2147 autem

2006 2179 2120 2231 tete
2134 2176 2393 2247 quotidie
2422 2174 2683 2246 cogitans
2715 2174 3083 2242 moriturum,
3119 2194 3376 2249 praepara
3405 2183 3461 2235 te
3490 2197 3644 2236 sem-

2006 2281 2108 2336 per
2138 2270 2256 2320 toto
2288 2263 2418 2319 nisu
2450 2261 3144 2333 etmeditatuinidipsum
3164 2265 3438 2338 iter,quia
3454 2268 3643 2324 nescis

2005 2353 2263 2424 quolibet
2292 2353 2384 2408 die
2416 2350 2499 2407 vel
2530 2351 2672 2405 hora
2704 2367 2794 2404 me
2813 2355 2978 2404 tuum
2998 2352 3423 2411 amicissimum
3448 2373 3643 2428 prose-

2006 2442 2223 2513 queris.
2261 2463 2287 2490 n
2321 2442 2386 2496 Et
2416 2441 2474 2494 in
2507 2440 2627 2494 haec
2656 2438 2830 2492 verba
2858 2442 3129 2496 cessavit.

2077 2529 2294 2584 Dehinc
2326 2529 2379 2583 in
2414 2529 2557 2594 dies,
2595 2533 2657 2582 ut
2686 2526 2770 2592 lit,
2802 2525 3083 2598 languore
3112 2547 3345 2604 semper
3376 2533 3643 2606 ingrave-

2005 2625 2218 2683 scente,
2260 2618 2445 2673 eheu!
2479 2617 2552 2673 ad
2582 2619 2839 2671 extrema
2878 2618 3190 2687 perductus
3234 2624 3340 2676 est.
3390 2623 3460 2678 Et
3487 2626 3646 2679 totus

1998 2706 2120 2775 jam
2145 2707 2389 2778 jamque
2420 2704 2492 2762 ad
2524 2703 2781 2759 coelestia
2806 2720 3149 2775 suspensus,
3186 2714 3316 2781 post
3335 2711 3646 2768 confessio-

2003 2809 2138 2849 nem
2167 2799 2531 2866 peccatorum
2556 2811 2621 2849 ex
2650 2798 2766 2847 toto
2790 2795 2960 2849 corde
2986 2796 3385 2867 purissimam,
3415 2805 3472 2855 et
3495 2819 3647 2857 com-

2004 2883 2366 2938 municatam
2396 2881 2767 2939 devotissime
2791 2883 3002 2937 Christi
3018 2886 3452 2956 eucharistiam,
3469 2889 3643 2960 pluri-

2003 2970 2134 3036 bus,
2169 2972 2269 3043 qui
2301 2973 2372 3027 ad
2403 2989 2534 3027 eum
2563 2973 2918 3029 visitandum
2941 2974 3637 3046 conﬂucbant,fratribus,

2001 3059 2208 3115 amicis
2238 3065 2293 3115 et
2310 3060 2692 3117 familiaribus
2712 3061 2772 3116 in
2796 3080 2981 3117 unum
3001 3062 3639 3134 psallentibus,oranti-

2001 3148 2197 3214 bus,et
2227 3148 2638 3218 conﬂentibns,
2667 3149 3001 3224 felici,quod
3036 3151 3223 3207 solum
3258 3169 3488 3224 semper
3526 3172 3639 3225 prae

2001 3236 2277 3291 omnibus
2308 3239 2611 3309 excptavit,
2654 3240 3159 3295 consummatione
3191 3240 3323 3296 felix
3345 3240 3442 3297 ille
3462 3246 3517 3298 et
3546 3242 3639 3297 in-

2001 3324 2412 3396 oomparabilis
2429 3325 2602 3383 homo
2624 3327 2718 3384 Dei
2733 3345 2832 3383 Vlll
2847 3328 3242 3385 Kal.Octobris
3274 3322 3385 3401 (10)
3402 3330 3644 3387 feliciter

1999 3413 2237 3469 omnino
2267 3413 2597 3486 exspiravit,
2626 3421 2682 3471 et
2730 3416 2853 3471 suis
2895 3417 3170 3473 omnibus
3220 3417 3517 3489 planctum
3550 3436 3640 3475 re-

1999 3499 2273 3573 linquens
2304 3519 2419 3558 non
2451 3503 2742 3558 modicum
2776 3504 2833 3559 in
2866 3504 3078 3575 praedio
3109 3520 3216 3559 suo
3249 3504 3403 3576 apud
3450 3504 3638 3561 Alles-

2000 3588 2189 3644 husan
2222 3591 2297 3661 (l)
2327 3591 2583 3646 officiose
2611 3591 3086 3648 lamentabilibus
3115 3592 3406 3665 exsequiis
3446 3595 3641 3653 tumu-

1998 3676 2153 3733 latus
2186 3678 2245 3733 in
2279 3695 2417 3751 pace
2448 3679 2747 3752 requievit.

1999 3810 2134 3849 cum
2165 3794 2532 3850 Hermannus
2562 3796 2792 3851 nonnisi
2828 3797 2884 3852 41
2925 3813 3110 3854 annos
3140 3801 3311 3853 natus
3341 3798 3549 3854 obierit
3576 3799 3636 3855 in

2000 3882 2107 3921 suo
2136 3864 2723 3940 Augiensiccenobio,
2758 3868 2892 3940 dein
2925 3870 3215 3940 majorum
3246 3886 3488 3926 suorum
3522 3888 3636 3926 mo-

1999 3943 2280 4013 numep_to
2313 3937 2370 3991 in
2402 3937 2781 4013 A‘lleshausen
2814 3937 3033 4001 illatus:
3061 3940 3349 4013 Caeterum
3377 3942 3635 4013 Augien-

1997 4023 2120 4063 sem
2180 4007 2453 4062 Hermani
2513 4011 2924 4066 monachatum
2982 4022 3180 4065 contra
3245 4007 3630 4067 Trithemium

1999 4078 2193 4150 egregi
2216 4079 2526 4161 vindicavit
2550 4081 2805 4136 Joannes
2835 4083 2951 4153 Ego
2990 4081 3157 4136 libro.
3214 4082 3472 4162 lle-viris
3506 4082 3635 4138 illu-

1998 4149 2217 4204 stribus
2246 4152 2659 4209 Aumenmbus.
2691 4169 2816 4209 can.
2865 4155 2953 4209 28.
3006 4153 3157 4209 apud
3195 4153 3425 4208 Pezmm
3456 4153 3628 4209 Thes.

1998 4166 2217 4204 smnus
2246 4166 2659 4222 augiensmus,
2691 4169 2816 4223 cap.
2865 4166 2953 4234 κδ’,
3006 4166 3157 4223 apud
3195 4166 3425 4235 t’ezium
3456 4166 3628 4209 Tnes.

1995 4220 2285 4296 Apecdnl.
2320 4222 2363 4286 Ι,
2395 4238 2452 4292 p.
2490 4240 2573 4292 ιιι,
2601 4241 2659 4296 p.
2692 4226 2815 4293 688,
2849 4224 2947 4279 ubi
2978 4222 3148 4296 plura
3177 4225 3249 4279 de
3275 4240 3403 4295 ejus
3453 4224 3629 4281 Chro-

1999 4291 2128 4346 nico
2152 4291 2499 4347 referuntur.

2018 4380 2019 4383 ‘
2050 4364 2178 4437 _(tt)
2213 4361 2416 4437 Villam
2458 4363 2767 4420 Aleshusin
2801 4364 3061 4437 nominat
3110 4366 3236 4437 ipse
3264 4365 3632 4421 Hermannus

1998 4434 2068 4507 ad
2101 4451 2193 4488 an.
2226 4435 2381 4499 1052,
2416 4439 2663 4490 matrem
2696 4453 2862 4490 suam
2895 4435 2975 4490 ibi
3001 4437 3099 4491 sub
3128 4434 3335 4507 capella
3365 4437 3421 4491 S.
3468 4439 3630 4494 Uital-

1998 4506 2102 4559 ricz'
2129 4522 2163 4559 α
2190 4520 2245 4559 se
2271 4514 2576 4581 constructa
2606 4509 2665 4560 in
2690 4509 2940 4581 sepulcro
2970 4508 3112 4581 quod
3139 4506 3263 4581 ipsa
3292 4509 3401 4562 sibi
3419 4524 3632 4581 prwpae

1996 4585 2230 4650 τᾳυιζαε,
2264 4575 2555 4650 conditam
2590 4575 2881 4650 scribens.
2906 4575 3012 4642 Qui
3046 4575 3188 4634 adeo
3208 4578 3369 4633 locus
3392 4575 3630 4650 ejus,'uti

1997 4646 2091 4701 hic
2120 4646 2456 4713 Hermanni,
2490 4647 2772 4718 prsidium
2806 4649 2933 4714 fuit,
2966 4650 3119 4705 haud
3151 4650 3325 4704 dubie
3355 4646 3629 4705 in'Verin-

1996 4718 2466 4792 gensicomitatu
2501 4719 2670 4792 situs.
2703 4721 2947 4792 Quodsi
2980 4722 3052 4776 de
3082 4721 3338 4792 antiquis
3360 4720 3630 4777 latissimi

1996 4788 2133 4844 olim
2167 4788 2345 4860 hujus
2374 4790 2687 4860 comitatus
2718 4790 3007 4846 limitibus
3036 4797 3191 4847 certo
3222 4788 3529 4856 constaret,
3560 4794 3632 4848 de

235 4861 379 4949 ejus,
402 4847 491 4917 'ad
526 4877 708 4949 quam
742 4847 1052 4949 [suosunus
1080 4847 1329 4949 eu’m'in
1348 4847 1680 4949 Menologio
1910 4847 1957 4911 Β
1988 4859 2167 4949 huius
2193 4847 2560 4949 quoqueloc‘i
2594 4861 2711 4949 situ
2730 4862 3204 4949 ambigere‘haud
3236 4863 3453 4949 liceret.
3494 4847 3631 4949 Duae

272 4932 457 4988 ictino
488 4932 626 4987 cum
659 4933 806 5006 oeuli
832 4933 1001 5006 titulo
1032 4932 1645 5006 con_signat,quamvis
1676 4939 1884 4994 nullibi

236 5000 555 5076 hucusque
577 5002 1034 5076 ecclesiasticum
1059 5000 1284 5060 cultum
1315 5000 1648 5065 obtinuerit.
1682 5010 1883 5065 Emor-

235 5074 467 5130 tualeni
494 5088 721 5132 annum
751 5074 1375 5151 iOSlhaud‘expressit
1403 5079 1671 5151 scriptor,
1704 5079 1761 5135 id
1783 5082 1880 5137 ad-

234 5151 473 5202 notasse
503 5151 842 5212 contentus,
867 5146 1032 5202 illum
1050 5146 1373 5203 Chronicon
1405 5150 1474 5204 ad
1499 5146 1720 5207 annum
1739 5169 1886 5208 mor-

234 5215 307 5272 tis
334 5234 463 5274 sua:
494 5218 865 5289 perduxisse,
897 5218 1052 5289 quod
1082 5235 1151 5274 ex
1180 5217 1350 5275 dictis
1378 5219 1439 5274 in
1469 5220 1886 5279 Dissertatione

237 5302 321 5357 an.
358 5287 514 5344 1055
540 5287 787 5357 indicat,
818 5287 981 5355 Quod
1034 5305 1167 5344 vero
1213 5291 1282 5345 ad
1337 5306 1432 5355 an,
1488 5293 1626 5348 4043
1683 5295 1888 5351 scribit

234 5356 826 5482 Trithemiusglnnal
872 5362 913 5414 t.
961 5360 1003 5414 Ι.
1036 5377 1096 5431 p,
1156 5359 1318 5482 1842:
1376 5364 1530 5419 Anno
1581 5375 1884 5436 prwnolato

234 5429 584 5482 Hermannus
657 5438 937 5482 ontractus
965 5447 1035 5482 ex
1064 5434 1251 5482 comiti
1286 5448 1350 5482 us
1378 5431 1444 5482 de
1478 5437 1749 5482 νενὶηηρη
1771 5454 1882 5482 mn-

233 5429 584 5504 Hermannu:
616 5429 937 5504 Contractus
965 5429 1350 5486 ex'comilibus
1378 5431 1444 5487 de
1478 5429 1749 5504 Veringen
1771 5454 1882 5491 mr-

231 5502 440 5557 nachu:
467 5504 655 5557 nostri
681 5500 893 5556 ordinis
921 5503 1160 5556 εωθιοὸἱί
1210 5504 1247 5557 S
1329 5505 1495 5559 Galli
1549 5508 1610 5559 in
1648 5500 1881 5568 ’διιευίιι⁸

231 5571 379 5648 homo
410 5574 476 5629 in
500 5574 661 5648 omni
688 5573 1011 5648 litteratura
1038 5568 1417 5648 doctissimus,»
1442 5591 1552 5630 non
1599 5579 1719 5633 sine
1764 5581 1881 5648 opi-

229 5645 386 5715 nione
416 5645 741 5700 sanctitatis
765 5646 1110 5700 moritur.....
1146 5646 1247 5715 qui
1271 5640 1469 5700 schola:
1494 5640 1882 5703 monachorum

231 5714 288 5787 in
313 5716 519 5787 eodem
538 5716 655 5770 loco
680 5717 987 5787 plusquam
1015 5714 1226 5770 xxxviii
1253 5718 1417 5787 annis
1455 5718 1689 5784 gloriose
1742 5734 1881 5787 pra:-

229 5785 366 5854 fuit;
399 5803 473 5843 ex
506 5785 1017 5858 hucuSquedictis
1045 5791 1166 5841 tam
1186 5787 1377 5858 quoad
1397 5785 1774 5845 habitationis
1804 5790 1882 5845 lo-

232 5871 378 5931 cum,
413 5874 603 5931 quam
634 5861 872 5928 tempus
928 5857 1144 5931 obitus,
1191 5857 1250 5912 et
1289 5874 1475 5931 annos
1530 5861 1879 5930 prmfecturae

232 5928 565 5986 scholarum
602 5944 908 6000 perperam
925 5928 1594 6001 scriptaconvincuntur,
1629 5933 1880 5988 maxime

1994 4931 2519 5002 namqueejusdem
2534 4932 2649 4987 fere
2680 4931 2933 4988 nominis
2959 4933 3104 4988 villae
3124 4935 3181 4988 in
3204 4935 3627 4990 eodemSuevize

1992 5006 2182 5057 tractu
2210 5007 2543 5066 occurrunt,
2576 5020 2694 5058 una
2723 5003 3074 5059 Alschausen
3107 5021 3209 5060 seu
3239 5005 3631 5062 Altznhausen

1994 5090 2149 5147 nunc
2179 5073 2352 5147 dicta,
2387 5073 2553 5147 sedes
2594 5080 2688 5147 est
2733 5075 3224 5131 commendatoris
3262 5076 3633 5147 provincialis

1993 5143 2488 5218 BalliviaaAlsatiae
2517 5146 2955 5218 etBurgundiae,
2988 5165 3116 5218 quis
3142 5164 3241 5202 an.
3262 5143 3410 5203 ’1264
3442 5148 3631 5203 ordini

1994 5216 2303 5291 Seutonico
2336 5216 2835 5291 cessit,ac_lacum
2859 5216 3253 5291 _Bodamicum
3268 5219 3518 5291 propius
3548 5238 3634 5275 re-

1993 5288 2185 5360 spicit,
2220 5286 2278 5341 in
2310 5286 2486 5341 rurali
2508 5286 2760 5360 capitulo
2776 5288 3139 5360 Sulgaviensi
3163 5286 3295 5345 sita:
3324 5286 3516 5346 Altera
3540 5297 3633 5347 est

1993 5303 2185 5357 spicit,
2220 5304 2278 5341 in
2310 5303 2486 5341 rurau
2508 5303 2760 5413 capitulo
2776 5303 3139 5360 uulgawens:
3163 5303 3293 5345 sita.
3324 5303 3516 5346 Altera
3540 5303 3629 5347 est

1992 5359 2350 5429 Aleshansen
2383 5375 2561 5429 prope
2615 5376 2779 5414 acum
2813 5360 3174 5415 Plumarium
3222 5378 3322 5416 seu
3365 5362 3629 5418 Buchnu-

2034 5432 2251 5484 ienscm
2278 5427 2332 5504 in
2366 5427 2827 5504 capitulqrurali
2874 5433 3297 5504 Bibceracensi.
3344 5433 3474 5487 Haec
3503 5430 3631 5504 ipsa

2016 5503 2140 5574 crte
2170 5500 2407 5554 nominu
2421 5516 2474 5554 m
2489 5501 2813 5574 similitudo
2828 5503 2940 5558 scri
2953 5503 3214 5574 ptoresin
3230 5500 3627 5559 transversum

1990 5572 2455 5640 egerit,utunam
2468 5571 3630 5629 alterisubstituerent.Bruschiusutrum-

1991 5658 2106 5725 que
2135 5641 2328 5725 locum
2352 5642 2829 5725 distinguit,dum
2850 5644 2924 5725 de
2944 5645 3373 5725 episcopatibus
3387 5645 3623 5725 Germa-

1990 5712 2097 5794 niae
2129 5712 2411 5794 scribens,
2430 5712 2694 5794 .priorem
2714 5716 2959 5794 quidem
2983 5712 3501 5794 locumliermanni
3534 5730 3623 5769 se-

1991 5784 2486 5868 pulturze‘tribuit,
2522 5802 2587 5839 ac
2714 5784 3017 5868 Lamberto
3038 5784 3621 5868 Consta'ntﬁpiscopo

1988 5850 2204 5910 ibidem
2237 5855 2551 5910 tenerrima
2580 5862 2631 5905 et
2654 5857 2710 5909 in
2735 5856 3092 5920 cineresjam
3116 5850 3314 5906 resolvi
3339 5850 3621 5921 incipien-

1988 5927 2070 5982 tia
2100 5941 2234 5983 ossa
2264 5926 2375 5981 sibi
2403 5942 2497 5980 an.
2534 5928 2670 5981 1548
2702 5935 2930 5982 ostensa
2960 5924 3140 5977 fuisse
3170 5922 3434 5976 testatur.
3469 5926 3618 5977 Gon-
