3940 6414
646 111 669 117 ,
844 107 891 113 -ν
944 107 995 111 -
1056 103 1109 111 ς’
1164 101 1182 107 -4

264 542 333 609 83
1146 540 1667 609 DISSERTATIO
1710 545 1813 608 DE
1855 541 2271 608 HERMANNI
2315 542 2735 609 CIIRONICO.
3551 551 3632 615 34

260 677 679 751 ‘ehronographi
701 681 917 751 patres,
941 678 991 734 si
1018 677 1151 752 quis
1173 678 1344 750 alius,
1368 678 1735 736 Hermannus
1754 696 1889 751 prm-
1916 680 1968 745 Α
2004 679 2201 744 fuisse,
2237 680 2505 752 quamvis
2536 695 2864 752 perperam,
2896 680 3163 736 asseruit.
3198 681 3257 736 Id
3279 696 3408 737 vero
3428 684 3631 757 singu-

266 768 455 842 primis
484 766 790 823 sustinuit.
824 765 1039 824 Verum
1071 768 1143 823 de
1173 768 1265 824 his
1309 768 1405 823 alii
1448 768 1748 840 judicent;
1783 785 1889 822 no-

266 860 434 912 strum
462 854 699 911 interim
732 859 820 911 est
849 858 915 911 ut
933 857 1004 911 de
1024 855 1289 912 Chronici
1310 856 1489 928 hujus
1511 856 1888 923 editionibus,

266 960 393 1000 mss.
422 943 745 1012 codicibus,
778 960 843 1001 ac
873 950 1084 1000 nostra;
1131 944 1309 1015 hujus
1358 945 1629 1003 editionis
1672 945 1889 1001 ratione

265 1048 434 1105 pauca
462 1031 672 1104 pravis
700 1032 1086 1089 disseramus.

492 1123 522 1189 §
552 1119 593 1175 I.
625 1150 694 1163 -—-
721 1121 996 1177 Editione:
1026 1121 1285 1179 Chronici
1310 1123 1629 1179 Hermanni.

327 1207 366 1263 Ι.
407 1207 861 1264 Celebratissimi
909 1209 1090 1281 hujus
1158 1210 1570 1267 Hermauniani
1622 1212 1887 1269 Chronici

265 1295 445 1367 plures
474 1295 786 1369 hucusque
812 1298 1154 1369 prodierunt
1180 1298 1487 1365 editiones,
1520 1300 1663 1356 adeo
1693 1306 1888 1357 tamen

265 1385 402 1441 inter
427 1400 489 1441 se
516 1384 780 1449 diversas,
814 1386 1173 1458 interpolatae
1204 1393 1307 1443 aut
1325 1391 1627 1454 truncatas,
1647 1395 1711 1444 ut
1731 1406 1887 1463 quae-

264 1488 386 1529 nam
411 1472 649 1530 illarum
679 1475 1324 1547 genuinumHermanni
1344 1480 1577 1548 partum
1598 1477 1886 1541 exhibeat,

263 1562 529 1618 incertum
562 1564 735 1635 plane
764 1563 842 1619 sit
870 1579 936 1618 ac
967 1564 1233 1620 dubium-
1279 1567 1414 1631 Quae
1460 1566 1697 1637 quidem
1728 1571 1890 1623 tanta

266 1651 551 1708 diversitas
581 1652 740 1708 unde
786 1652 1158 1725 potissimum
1191 1655 1535 1725 provenerit,
1570 1659 1771 1727 postea
1799 1658 1889 1713 iu-

265 1738 738 1811 dicabimus,cum
771 1740 936 1815 prius
963 1741 1035 1796 de
1058 1740 1204 1813 ipsis
1233 1741 1586 1799 editionibus
1609 1745 1890 1800 nonnulla

261 1827 592 1885 dixerimus.

325 1916 1034 1973 ILPrimnsHermannum
1065 1933 1198 1973 cum
1223 1918 1355 1973 aliis
1376 1919 1759 1991 scriptoribus
1790 1939 1890 1994 pu-

262 2003 384 2061 blici
401 2003 693 2105 jurisfecit
718 2006 975 2110 Joannes
994 2006 1321 2110 §icha\rd‘us
1351 2008 1555 2106 Basilii;
1582 2026 1675 2064 an.
1729 2013 1888 2078 1529,
1921 2046 1968 2110 Β

261 2109 321 2149 ex
347 2094 560 2161 codice,
595 2096 661 2149 ut
714 2094 965 2159 videtur,
994 2094 1398 2151 Sau-Gallensi
1431 2113 1601 2167 quem
1634 2115 1767 2153 vero
1808 2100 1889 2154 al-

262 2186 492 2238 teratum
526 2183 714 2240 fuisse
743 2188 800 2238 et
829 2183 1000 2238 subin
1053 2183 1465 2255 interpolatum
1515 2185 1700 2241 multa
1729 2188 1892 2242 evin-

262 2276 406 2327 cunt.
440 2269 657 2345 lncipit
702 2272 859 2327 enim
911 2289 945 2327 a
993 2273 1197 2326 mundi
1243 2274 1554 2339 creatione,
1587 2279 1892 2347 totumque

259 2361 499 2430 opus,De
530 2375 636 2417 sex
656 2360 857 2417 mundi
882 2360 1147 2416 aetatibus
1168 2360 1539 2433 inscriptum,
1558 2364 1628 2417 ad
1651 2365 1890 2419 verbum

260 2448 366 2504 fere
393 2466 460 2504 ex
488 2448 817 2505 Venerabili
835 2450 985 2503 Beda
1015 2453 1452 2521 transumptum
1486 2456 1574 2505 est
1605 2469 1791 2523 usque
1820 2454 1891 2508 ad

261 2535 457 2593 Christi
489 2540 792 2594 nascentis
825 2543 1111 2610 tempora,
1162 2539 1318 2593 unde
1363 2539 1684 2594 Chronicon
1718 2559 1891 2596 suum

263 2627 592 2699 auspicatus
615 2627 835 2683 dicitur
856 2627 1225 2682 Hermannus
1256 2627 1315 2681 in
1365 2630 1495 2699 ejus
1540 2628 1702 2697 Vita;
1738 2632 1891 2701 quod

260 2714 341 2770 vel
375 2716 587 2771 exinde
644 2731 879 2788 quoque
928 2716 1171 2782 eruitur,
1220 2732 1354 2771 cum
1404 2718 1474 2771 ab
1522 2734 1588 2771 eo
1636 2722 1895 2790 tempore

262 2802 571 2875 plurimum
599 2821 634 2860 a
662 2805 816 2860 Beda
845 2804 1154 2860 discordet.
1208 2804 1372 2860 Unde
1422 2806 1673 2861 multum
1700 2824 1735 2863 a
1761 2824 1894 2863 vero

265 2892 522 2949 aberrant
548 2892 657 2965 qui
683 2893 1085 2949 Hermannum
1112 2893 1270 2948 Bedm
1300 2898 1531 2949 tantum
1563 2896 1896 2968 compilata-

263 2995 372 3037 rem
402 2982 768 3047 existimant,
801 2984 866 3036 ut
906 2986 1108 3054 postea
1151 2981 1501 3039 videbimus.
1554 2984 1625 3038 Ut
1671 2989 1737 3039 ut
1762 3002 1895 3041 vero

262 3069 800 3142 deincepsBichardi
829 3070 1004 3125 editio
1035 3086 1168 3126 cum
1200 3072 1671 3144 codieeAugiensi
1695 3072 1753 3128 in
1778 3074 1894 3145 ple-

260 3156 447 3230 risque
472 3158 807 3228 conveniat,
832 3157 1019 3213 multa
1035 3163 1230 3214 tamen
1251 3158 1601 3232 interpolata
1620 3162 1896 3231 continet,

263 3244 401 3302 facta
428 3246 563 3304 aliis
594 3246 772 3302 annis
801 3251 1083 3311 recenset,
1116 3252 1174 3301 et
1203 3246 1370 3318 plura
1395 3248 1646 3304 subinde
1684 3251 1900 3306 omittit

1999 768 2117 823 lare
2148 770 2416 840 praestitit
2447 769 2748 835 Urstitius,
2780 769 2936 841 quod
2968 769 3148 841 priori
3180 771 3358 825 textui
3390 773 3462 827 ab
3486 789 3635 830 anno

1998 856 2208 911 Christi
2242 858 2346 911 378
2376 858 2433 913 in
2469 858 2649 913 altera
2680 858 2956 914 columna
3008 857 3303 915 diversum
3335 860 3635 934 adjungat,

1997 944 2373 1017 desumptum
2437 962 2506 1001 ex
2554 963 2684 1000 saec.
2727 964 2808 1001 xu
2860 946 3054 1002 codice
3098 963 3244 1002 mss.
3300 950 3639 1005 monasterii

1997 1032 2057 1087 S.
2082 1033 2331 1110 Georgii,
2360 1035 2512 1105 quod
2547 1048 2701 1089 nunc
2728 1032 2996 1107 Villin'gai
3026 1039 3135 1098 est,
3168 1035 3340 1107 quive
3365 1051 3461 1092 an.
3504 1038 3641 1093 1768

1997 1137 2130 1176 cum
2164 1128 2363 1177 nostro
2396 1123 2460 1177 D.
2496 1122 2672 1178 Blasii
2705 1122 3062 1178 monasterio
3113 1123 3172 1178 in
3217 1124 3442 1181 cineres
3475 1125 3635 1182 abiit.

1996 1210 2183 1281 Atque
2210 1210 2366 1265 hunc
2414 1211 2649 1283 quidem
2698 1210 2976 1276 codicem,
3028 1228 3129 1267 ceu
3175 1213 3301 1283 jam
3334 1214 3640 1286 impressis

1998 1296 2183 1354 multo
2217 1299 2622 1371 copiosiorem,
2669 1301 2975 1371 magisque
3026 1302 3424 1369 emendatum,
3460 1304 3639 1359 simul

1998 1388 2285 1443 edendum
2311 1389 2540 1443 censuit
2558 1388 2940 1452 Urstitius;in
2960 1388 3271 1444 hoctamen
3297 1391 3639 1463 suojudicio

1998 1475 2153 1531 haud
2186 1492 2394 1547 parum
2424 1477 2722 1547 deceptus,
2745 1476 3193 1530 cumHermanni
3231 1480 3466 1550 genuini
3498 1497 3640 1536 non-

1998 1564 2111 1618 nisi
2131 1564 2426 1634 quoddam
2449 1564 2859 1635 compendium
2886 1564 2982 1627 sit,
2999 1565 3173 1634 idque
3197 1582 3299 1620 nec
3320 1567 3633 1641 integrum,

2001 1668 2103 1706 nec
2132 1668 2265 1707 cum
2299 1652 2718 1723 ipsoChronieo
2750 1654 2894 1706 satis
2924 1653 3060 1708 hinc
3090 1653 3224 1707 inde
3255 1657 3639 1727 coneordaus,

1999 1744 2170 1812 prout
2195 1740 2347 1796 infra
2398 1741 2469 1795 de
2513 1740 2811 1796 codicibus
2862 1741 3050 1795 acturi
3080 1742 3636 1802 demonstrabimus.

2000 1830 2061 1883 In
2088 1827 2193 1883 hoc
2221 1845 2353 1884 vero
2376 1827 2946 1900 praestatUrstisiana
2968 1828 3144 1884 editio
3167 1832 3323 1902 quod
3348 1831 3638 1906 duplicem

1999 1918 2216 1988 pariter
2261 1917 2571 1971 Hermanni
2629 1917 3127 1972 continuationem
3180 1920 3516 1994 subjungat,
3568 1924 3640 1979 ab

2000 2021 2152 2059 anno
2185 2006 2319 2059 1051
2350 2006 2682 2068 deductam,
2719 2022 2895 2060 unam
2928 2007 3166 2076 quidem
3201 2008 3520 2066 breviorem
3566 2013 3637 2068 ad

2001 2110 2220 2148 annum
2254 2109 2438 2164 usque
2474 2095 2630 2159 1066,
2662 2093 2999 2164 ampliorem
3026 2111 3157 2151 vero
3182 2095 3425 2153 alteram
3451 2115 3640 2172 usque

2002 2184 2070 2237 ad
2106 2198 2325 2236 annum
2359 2182 2516 2251 4100,
2548 2182 2619 2237 de
2668 2184 2883 2250 quibus
2932 2183 2988 2236 in
3043 2182 3420 2256 sequentibus
3452 2191 3638 2244 acturi

2003 2287 2230 2325 sumus.

2073 2359 2144 2413 Vl
2180 2366 2442 2413 Mancum
2478 2359 2657 2430 igitur
2686 2360 3012 2431 hucusque,
3045 2365 3146 2415 aut
3194 2362 3390 2419 minus
3433 2365 3639 2421 saltem

2002 2452 2266 2502 exactum
2300 2448 2358 2502 in
2391 2448 2562 2502 editis
2611 2450 2792 2503 videri
2840 2455 3063 2519 poterat
3110 2451 3427 2508 Hermanni
3454 2457 3636 2510 nostri

2003 2536 2501 2603 Chronicon,dum
2520 2535 2661 2591 illud
2677 2538 2871 2591 subito
2885 2539 3115 2595 auctius
3134 2539 3317 2597 multo
3336 2543 3643 2616 magisque

2005 2626 2359 2696 completum
2391 2626 2552 2680 dedit
2577 2626 3131 2683 HenricusCanisius
3156 2633 3314 2684 tome
3344 2632 3646 2704 [Antiqua-

2004 2731 2132 2768 rum
2168 2714 2507 2769 Lectionum
2538 2719 2649 2769 vet.
2684 2715 2824 2770 edit.
2859 2732 3010 2770 anno
3041 2718 3198 2783 1601,
3231 2723 3364 2785 etc.,
3392 2737 3459 2774 ex
3476 2723 3645 2792 cujus

2003 2803 2256 2857 editione
2277 2808 2477 2874 postea
2499 2802 2556 2857 in
2580 2803 2966 2859 Bibliothecas
2987 2805 3223 2860 Patrum
3246 2807 3644 2866 Coloniensem

2002 2894 2144 2944 tom.
2181 2890 2272 2955 XI,
2304 2896 2360 2944 et
2390 2890 2837 2961 Lugdunensem
2859 2896 3000 2945 tom.
3054 2893 3249 2961 XVIII,
3287 2896 3523 2951 transiit
3554 2914 3643 2954 re-

2006 2995 2214 3033 cusum
2250 2995 2283 3032 a
2311 2978 2435 3033 Jac.
2471 2978 2778 3049 Basnagio,
2798 2982 2941 3033 tom.
2978 2981 3048 3035 III
3071 2997 3227 3035 nova:
3249 2982 3520 3041 editionis
3546 3001 3641 3042 an.

2006 3067 2164 3133 1725,
2199 3068 2354 3121 unde
2382 3071 2649 3138 excerpta
2670 3083 2856 3139 nuper
2875 3067 3036 3123 dedit
3056 3070 3116 3124 P.
3140 3071 3401 3144 Bouquet
3428 3073 3647 3131 sodalis

2006 3156 2345 3211 Maurianus
2358 3156 2416 3210 in
2435 3170 2527 3210 am
2537 3155 3275 3227 plissimasuaCollectioue
3292 3163 3645 3235 scriptorum

2008 3262 2204 3300 rerum
2239 3243 2668 3309 Francicamm,
2696 3250 2837 3300 tom.
2875 3246 2947 3301 IlI
2978 3251 3036 3302 et
3084 3263 3249 3320 seqq.
3291 3249 3421 3321 Ipse
3450 3258 3646 3309 autem

265 3347 441 3407 usque
469 3336 542 3391 ad
570 3350 803 3392 annum
848 3336 1008 3402 1040,
1059 3336 1155 3391 ubi
1201 3352 1406 3392 rursus
1456 3353 1589 3393 cum
1620 3340 1896 3411 Augiensi
1937 3403 1970 3411 _
2007 3334 2274 3389 Canisius
2298 3332 2439 3387 ἱΙΙιιά
2456 3350 2630 3387 suum
2646 3333 2969 3389 Chronicon
2994 3331 3432 3407 deprompserat
3451 3355 3641 3396 exms.

267 3424 591 3481 concordat.

329 3512 419 3567 III.
452 3514 721 3569 Primam
750 3512 899 3567 hanc
925 3512 1189 3567 Sichardi
1220 3512 1532 3569 editionem
1557 3515 1627 3569 ad
1656 3516 1894 3572 verbum

267 3601 1088 3673 expmssitJoaunesPistorius
1119 3601 1176 3657 in
1208 3618 1315 3657 sua
1343 3602 1898 3674 SeriptorumColle-

266 3688 462 3759 ctione,
494 3690 639 3747 item
672 3688 909 3746 Basileaa
940 3707 1033 3745 an.
1067 3690 1224 3760 1536,
1257 3706 1323 3745 ac
1353 3707 1584 3747 rursum
1632 3709 1727 3747 an.
1763 3694 1897 3748 1613

264 3775 618 3836 Francol'u'rti
651 3794 922 3852 procusa,
950 3784 1007 3833 et
1044 3778 1168 3850 ipse
1213 3782 1410 3834 tamen
1459 3778 1709 3851 alicujus
1749 3798 1893 3838 mss.

262 3867 465 3925 codicis
492 3866 766 3925 subsidio
796 3867 1111 3923 destitutus
1138 3885 1150 3933 ;
1193 3868 1347 3923 unde
1396 3883 1502 3939 par
1546 3869 1618 3924 de
1647 3873 1895 3942 utraque

254 3952 533 4022 judicium
559 3956 868 4012 ferendum
893 3960 982 4011 est
1006 3974 1019 4023 ;
1045 3956 1135 4011 cui
1162 3961 1313 4012 recte
1338 3957 1480 4013 adeo
1502 3957 1894 4031 Gundlingius

257 4055 484 4112 parvum
534 4045 795 4119 pretium
841 4045 1065 4100 statuit.
1100 4045 1162 4100 In
1191 4062 1257 4101 eo
1287 4062 1517 4118 quoque
1548 4047 1734 4102 ambae
1765 4064 1895 4103 con-

254 4132 481 4190 veniunt
502 4134 664 4206 quod
689 4133 1331 4190 ChroniconHermanni
1354 4151 1389 4190 a
1416 4134 1650 4191 condito
1673 4137 1892 4193 mundo

255 4232 427 4292 usque
454 4224 528 4279 ad
557 4239 659 4279 an.
692 4222 836 4278 1066
863 4222 984 4278 nati
1015 4222 1226 4278 Christi
1250 4223 1589 4295 perducant.
1616 4224 1891 4280 Berthodi

256 4307 521 4367 nimirum
553 4311 1060 4368 continuationem
1081 4312 1303 4385 absque
1324 4311 1443 4368 ulla
1454 4313 1582 4383 ejus
1599 4314 1891 4370 mentione

254 4392 580 4457 immediate
611 4399 1040 4472 subjungentes
1057 4400 1516 4474 Hermanuo,qui
1544 4406 1739 4458 tamen
1763 4404 1889 4474 jam

253 4497 334 4539 su.
367 4488 505 4544 1054
540 4488 806 4546 scribere
844 4505 911 4544 ac
941 4488 1129 4545 vivere
1156 4489 1350 4545 desiit.

315 4573 396 4630 IV.
430 4576 674 4655 Pistorii
706 4576 1105 4633 Hermannum
1126 4578 1292 4634 novis
1313 4578 1470 4635 curis
1491 4577 1885 4647 emendatum,

251 4666 301 4715 et
325 4678 389 4720 ex
419 4665 658 4722 Urstisii
683 4681 751 4721 ac
770 4665 987 4722 Canisii
1009 4665 1363 4723 editionihus
1388 4671 1648 4725 auctum.
1673 4668 1882 4723 Burch.

1928 3403 1970 3470 C
2009 3422 2207 3477 codice
2237 3424 2578 3493 Augustano
2607 3422 2944 3477 monasterii
2968 3403 3347 3480 SS.—Udal-rici
3380 3431 3437 3481 et
3474 3429 3642 3497 Afris,

2008 3512 2162 3582 quod
2195 3511 2318 3582 ipse
2348 3510 2405 3565 in
2438 3511 2565 3580 ejus
2596 3510 2780 3565 fronte
2810 3511 3019 3565 asserit
3045 3527 3172 3567 esse
3203 3514 3276 3567 ab
3319 3513 3645 3572 Urstisiano

2006 3599 2651 3671 longediversissimum
2668 3603 2724 3653 et
2737 3598 3087 3671 locupletius
3102 3618 3114 3656 :
3132 3617 3260 3671 quae
3279 3604 3452 3660 etiam
3467 3621 3648 3661 causa

2008 3688 2117 3744 fuit
2144 3689 2299 3759 quod
2331 3687 2521 3759 primo
2552 3686 2789 3759 quidem
2820 3690 3116 3743 communi
3149 3692 3514 3748 eruditorum
3546 3712 3646 3767 ap-

2007 3777 2212 3849 plausu
2274 3775 2447 3832 fuerit
2500 3780 2826 3847 exceptum.
2885 3777 3000 3833 Nec
3058 3778 3114 3832 id
3149 3795 3289 3834 sane
3331 3781 3648 3849 immerito,

2005 3866 2221 3937 quippe
2253 3865 2407 3936 quod
2440 3864 2695 3935 plurima
2725 3865 3046 3922 contineret
3075 3882 3201 3939 quae
3243 3869 3301 3922 in
3338 3870 3647 3944 hucusque

2004 3955 2310 4026 impressis
2339 3954 2842 4010 desiderabantur.
2872 3955 3086 4011 Verum
3119 3957 3271 4012 brevi
3300 3965 3433 4029 post
3453 3960 3649 4016 adver-

2002 4046 2200 4097 terunt
2217 4042 2547 4114 sagaciores
2566 4041 2777 4098 molem
2795 4042 2954 4098 illam
2969 4047 3268 4116 tantopere
3283 4046 3644 4104 dilaudatam

2002 4131 2323 4187 excrevisse
2355 4134 2421 4186 ut
2449 4130 2770 4202 plurimum
2797 4147 2863 4186 ex
2884 4130 3429 4203 interpolationihus
3459 4136 3643 4192 codici

2000 4225 2351 4293 Augustano
2384 4219 2605 4290 absque
2651 4220 2811 4274 omni
2855 4218 3079 4275 delectu
3129 4221 3385 4288 insertis,
3434 4229 3487 4280 et
3517 4225 3645 4282 sine

1999 4309 2134 4365 crisi
2167 4309 2374 4364 exinde
2402 4307 2675 4380 vulgatis,
2709 4325 2774 4363 ac
2803 4308 2891 4364 vel
2924 4308 3256 4365 Hermanuo
3307 4315 3642 4383 posteriori-

1998 4400 2130 4467 bus,
2164 4397 2251 4454 vel
2284 4398 2357 4453 ab
2388 4398 2515 4469 ejus
2547 4396 2756 4453 saltem
2788 4413 2966 4452 manu
3001 4398 3226 4454 alienis.
3279 4404 3469 4473 Atque
3506 4402 3644 4458 hinc

2000 4488 2215 4543 factum
2273 4491 2362 4543 est
2414 4492 2480 4542 ut
2536 4485 2639 4540 viri
2673 4486 2824 4541 docti
2859 4503 2972 4541 non
3021 4489 3217 4559 pauci,
3250 4489 3518 4562 interque
3542 4505 3641 4548 eos

1999 4576 2358 4633 Bollandiani
2391 4573 2730 4647 agiographi
2759 4578 2902 4629 tom.
2938 4575 2960 4630 l
3016 4576 3200 4648 Sept.,
3252 4594 3385 4650 pag.
3430 4580 3553 4647 640,
3585 4584 3643 4635 et

1995 4669 2137 4721 tom.
2170 4665 2241 4720 VI
2269 4664 2431 4720 Junii
2465 4664 2522 4718 in
2549 4663 2886 4734 appendice,
2920 4680 2978 4736 p.
3022 4665 3112 4731 89,
3164 4664 3486 4722 Canisianze
3515 4667 3639 4723 edi-

254 4748 434 4811 Gotth.
456 4754 737 4812 Struvius
762 4758 964 4826 postea
982 4754 1313 4811 Ratisbonae
1331 4773 1424 4811 an.
1446 4758 1586 4812 1726
1604 4756 1882 4828 vulgavit,
1916 4765 1962 4829 D
1993 4754 2159 4820 tioni,
2188 4751 2512 4809 innumeris
2542 4751 2778 4823 insuper
2830 4752 3060 4807 mendis
3110 4769 3411 4825 respersas,
3440 4755 3638 4811 minus

251 4846 403 4916 cujus
431 4844 699 4918 pretium
730 4857 799 4898 ex
824 4842 1019 4898 citatis
1039 4848 1095 4899 et
1120 4860 1253 4899 mox
1273 4845 1600 4901 indicandis
1625 4843 1888 4900 editioni-

250 4930 349 4989 hus
376 4932 802 4991 aestimandum
829 4934 936 4988 est.
969 4931 1143 4988 Porro
1172 4936 1230 4989 et
1259 4933 1400 5000 haec,
1424 4934 1507 4988 uti
1531 4933 1691 5006 prior
1704 4933 1891 4988 Pisto-

249 5020 376 5089 rli,a
402 5023 647 5081 condito
679 5021 817 5077 orbe
852 5036 1039 5092 usque
1069 5023 1137 5077 ad
1162 5038 1256 5077 an.
1281 5020 1414 5078 1066
1433 5021 1888 5090 decurrit,nulla

248 5123 479 5181 prorsus
505 5110 769 5181 alicujus
798 5110 1252 5167 continuationis
1281 5111 1576 5166 mentione
1607 5111 1776 5166 facta.

307 5199 368 5256 ν.
420 5201 647 5268 Tertia,
708 5213 892 5270 eaque
950 5198 1172 5262 melior,
1207 5203 1264 5255 et
1303 5198 1608 5271 hucusque
1663 5200 1887 5271 optima

248 5284 551 5347 Hermanni
606 5287 787 5345 editio
838 5288 1083 5343 debetur
1128 5287 1340 5344 Christ.
1391 5288 1657 5355 Urstisio,
1708 5305 1885 5360 quam

245 5377 393 5435 tomo
416 5380 438 5436 Ι
468 5379 846 5451 Scriptorum
873 5375 1373 5444 Germanicorum,
1405 5375 1770 5433 Francofurti
1788 5393 1881 5433 an.

247 5462 372 5521 1587
397 5472 453 5524 et
484 5468 633 5525 1670
663 5464 919 5538 vulgato,
951 5464 1217 5534 inseruit,
1250 5465 1350 5522 ubi
1382 5465 1782 5521 Hermannum
1806 5465 1885 5521 si-

248 5553 337 5611 stit
363 5573 395 5613 a
422 5555 721 5614 Sichardo
745 5569 1023 5612 excusum
1048 5570 1118 5611 ex
1137 5557 1365 5628 antiquo
1382 5554 1694 5627 exemplari
1714 5570 1885 5610 aeno-

246 5639 315 5698 In'i
338 5638 788 5711 San-Gallehsis,
822 5646 887 5699 ut
908 5643 1033 5715 ipse
1054 5643 1293 5719 quidem
1317 5643 1693 5717 existimavit,
1717 5642 1884 5698 indu-

246 5734 361 5791 ctus
397 5734 561 5792 haud
592 5732 778 5790 dubie
801 5749 837 5787 a
868 5731 1169 5802 Sichardo,
1201 5732 1302 5806 qui
1334 5732 1393 5789 in
1420 5731 1753 5805 praefatione
1773 5747 1882 5788 sua

245 5817 549 5884 Hermanni
579 5820 989 5900 ephemeridas
1018 5820 1078 5881 in
1093 5820 1313 5883 D.Galli
1334 5820 1596 5881 omnobio
1615 5823 1879 5881 exaratas

1994 4843 2292 4897 fidendum
2326 4841 2457 4908 rati,
2488 4841 2677 4896 eidem
2708 4840 2930 4911 priores
2960 4839 3265 4910 editiones,
3298 4844 3406 4898 etsi
3439 4844 3640 4900 minus

1994 4931 2239 5002 amplas,
2272 4929 2658 5002 praeferendas
2688 4929 3044 4991 censuerint,
3078 4936 3276 5001 utpote
3308 4933 3496 5005 magis
3520 4935 3636 4989 sin-

1992 5037 2153 5076 ceras
2184 5036 2286 5075 nec
2306 5023 2390 5074 tot
2420 5018 2717 5074 erroribus
2748 5019 3052 5075 obnoxias.
3088 5019 3219 5074 Haec
3245 5037 3419 5093 porro
3450 5022 3637 5096 magis

1995 5106 3639 5184 dilucidahitcodicummanuscriptorumrecensio,quam

1996 5198 2089 5252 hic
2120 5197 2507 5251 instituimus.

2367 5286 2394 5352 §
2425 5284 2492 5339 II.
2526 5316 2593 5324 —
2625 5284 2840 5342 Codices
2869 5287 3246 5359 Manuscripti.

2064 5375 2183 5430 VII.
2218 5374 2449 5429 Omisso
2480 5373 2573 5429 hic
2596 5375 2793 5431 codice
2824 5376 3212 5446 Schardiano,
3262 5378 3333 5434 de
3364 5396 3480 5451 quo
3510 5380 3638 5450 jam

1993 5463 2271 5532 diximus,
2305 5460 2446 5518 alios
2461 5462 2950 5535 examinabimus,
2970 5466 3298 5538 praeprimis
3324 5468 3638 5524 Sen-Geor-

1991 5551 2232 5625 gianum
2260 5550 2603 5618 breviorem,
2633 5552 2788 5608 unde
2818 5551 3105 5610 Urstisius
3135 5570 3201 5609 ex
3232 5560 3417 5626 parte,
3451 5560 3508 5609 et
3526 5559 3637 5611 Au-

1989 5644 2305 5713 gustanum
2321 5637 3146 5711 prolixiorem,undeCauisius
3160 5642 3442 5711 integram
3460 5656 3629 5697 suam

1988 5729 2303 5786 editionem
2326 5728 2704 5784 adornarunt.
2733 5728 2923 5800 Atque
2951 5728 3021 5784 de
3049 5727 3238 5799 primo
3266 5724 3632 5795 quidem,ut-

1990 5822 2124 5895 pote
2144 5819 2273 5897 jam
2303 5816 2622 5890 deperdita,
2651 5830 2755 5878 nec
2776 5816 2848 5877 ab
2871 5813 3111 5875 Urstisio
3133 5811 3277 5869 satis
3297 5816 3499 5874 curate
3530 5816 3629 5878 de-
