3940 6426
279 529 360 591 35
1053 523 1535 590 HERMANNUS
1577 523 2091 588 CONTRACTUS
2135 519 2488 585 MONA‘CH.
2532 521 2896 594 AUGIENS.
3513 571 3520 576 .
3595 521 3671 594 86

278 662 520 734 scripto,
543 657 837 730 judicium
863 659 1010 715 ferre
1037 658 1192 715 haud
1223 658 1442 723 liceret,
1497 657 1607 712 nisi
1657 672 1725 713 ex
1765 656 1926 711 insti-
1953 662 1999 728 Α
2037 660 2290 727 sumpta.
2328 656 2400 712 Ut
2430 655 2610 728 igitur
2646 655 3045 712 Hermannum
3075 653 3396 710 breviorem
3428 668 3498 710 ex
3539 651 3673 722 Ber-

280 756 410 808 tuta
439 747 778 806 Urstisianae
809 747 1084 803 editionis
1121 747 1428 802 collatione
1474 763 1608 801 cum
1654 744 1784 810 alio.
1820 745 1919 816 qui

281 836 528 898 nuncin
557 834 847 892 electorali
895 834 1242 890 bibliotheca
1286 832 1617 888 Monacensi
1657 847 1924 886 asserva-

279 931 400 993 tur,
431 923 608 997 priori
639 938 744 996 per
789 921 986 978 omnia
1032 922 1148 976 fere
1203 919 1382 976 simili
1435 920 1653 987 codice,
1677 918 1924 974 certiora

279 1014 674 1080 edoceremur.
706 1010 871 1066 Hunc
902 1007 1181 1064 describit
1201 1007 1272 1064 cl.
1305 1007 1560 1065 OEfolius
1588 1007 1652 1080 (t.
1681 1005 1918 1079 IScript.

281 1105 526 1175 Boic.,p.
543 1100 670 1171 652)
693 1099 948 1155 codicem
966 1113 1094 1152 esse
1114 1097 1629 1153 membranaceum
1655 1095 1712 1151 in
1736 1094 1922 1153 forma

279 1195 508 1264 quarta,
526 1190 626 1261 qui
649 1186 1156 1260 praterﬂermanni
1177 1185 1505 1248 Chronicon,
1521 1185 1922 1240 continuatoris

277 1293 486 1354 quoque
505 1273 1498 1348 ejusdemBertholdiConstantiensis
1531 1274 1649 1345 (qui
1669 1274 1727 1328 in
1743 1273 1922 1329 codice

277 1367 596 1424 Bernoldus
625 1363 866 1435 vocatur)
895 1364 1364 1419 continuationem
1391 1363 1458 1418 ab
1487 1377 1634 1420 anno
1682 1361 1820 1416 1053
1848 1361 1920 1417 ad

273 1473 480 1512 annum
507 1469 677 1526 usque
716 1454 847 1507 uno
873 1451 1268 1522 complectitur.
1291 1452 1384 1506 Est
1408 1453 1590 1506 au.tcm
1611 1450 1707 1504 ille
1737 1457 1919 1504 aucto-

275 1547 425 1601 ribus
454 1545 570 1600 suis
593 1557 824 1607 cervus,
847 1540 916 1596 ab
947 1541 1168 1612 ipsoque
1211 1539 1477 1596 Bernoldo
1525 1541 1786 1594 exoratus
1814 1554 1828 1594 :
1863 1538 1921 1594 id

275 1633 416 1706 quod
446 1634 564 1704 ipsa
591 1632 866 1701 scriptura
896 1629 1206 1699 litteraeque,
1235 1643 1334 1682 nec
1370 1643 1482 1682 non
1531 1643 1660 1682 rasa
1687 1626 1919 1682 subinde

273 1722 616 1788 membrana,
647 1719 836 1774 omnia
863 1715 1081 1788 quidem
1108 1715 1178 1770 ab
1195 1715 1380 1770 eadem
1399 1731 1589 1782 manu,
1612 1719 1918 1770 atramento

278 1819 461 1870 tamen
487 1813 539 1866 et
567 1799 806 1879 tempore
833 1806 1042 1860 diverso
1087 1811 1272 1870 aucta,
1327 1807 1542 1858 mutata
1594 1813 1647 1858 et
1678 1811 1920 1874 correcta

273 1918 387 1959 non
413 1899 635 1956 obscure
663 1895 916 1950 videntur
947 1896 1190 1948 innuere.
1227 1893 1325 1947 Est
1353 1892 1462 1946 hoc
1485 1893 1677 1964 ipsum
1701 1893 1772 1948 de
1791 1892 1918 1947 Ber-

2033 745 2208 801 noldc
2237 745 2530 818 integrum
2563 745 2934 812 haberemus,
2989 743 3281 800 variantes
3326 757 3560 814 quoque
3588 741 3672 798 di-

2034 838 2109 891 cti
2135 851 2192 890 m
2225 851 2448 890 annum
2480 833 2868 906 praecedentes
2915 831 3171 888 nancisci
3211 847 3366 890 curm
3397 829 3526 886 fuit.
3561 830 3672 888 Hes

2031 939 2167 978 vero
2198 938 2435 978 summa
2464 920 2772 994 diligentia
2799 938 2830 977 a
2862 937 2926 976 se
2953 923 3274 992 excerptas,
3333 922 3392 976 et
3419 918 3494 974 ad
3527 917 3673 975 anti-

2033 1027 2218 1083 quum
2249 1007 2479 1067 Urstisil
2513 1009 2767 1066 codicem
2797 1012 3049 1078 exactae,
3081 1005 3513 1066 humanissime
3542 1006 3675 1063 sub-

2034 1099 2198 1154 misit
2227 1099 2379 1171 plur.
2413 1115 2528 1154 rev.
2561 1101 2618 1154 et
2645 1097 2718 1153 cl.
2749 1097 2815 1154 D.
2848 1097 3010 1168 Hart,
3041 1093 3672 1154 eruditissimuselecto

2031 1185 2172 1243 ralis
2198 1185 2560 1242 bibliothecas
2589 1185 2957 1242 Monacensis
2977 1183 3233 1258 praefecti
3253 1183 3412 1240 vices
3437 1198 3667 1257 gerens,

2031 1275 2125 1331 cui
2155 1281 2349 1348 grates
2377 1274 2472 1330 hic
2503 1274 2735 1346 publico
2761 1274 2996 1332 nomine
3018 1273 3429 1347 persolvimus.
3447 1273 3530 1329 Ex
3543 1272 3671 1344 ejus

2027 1364 2269 1437 insuper
2296 1363 2506 1420 litteris
2528 1363 2830 1432 discimus,
2853 1361 3125 1423 Bernoldi
3146 1363 3406 1420 codicem
3426 1360 3668 1434 perinde

2029 1470 2095 1508 ac
2124 1453 2288 1508 illum
2341 1451 2604 1508 Sichardi
2645 1469 2680 1508 a
2719 1469 2819 1508 sex
2850 1453 3054 1510 mundi
3085 1451 3378 1519 aetatibus,
3419 1466 3547 1524 quin
3566 1449 3671 1506 Ve-

2027 1541 2304 1598 nerabilis
2329 1542 2492 1597 Beda
2523 1545 2681 1608 sunt,
2714 1540 2916 1612 ordiri,
2973 1557 3009 1597 a
3063 1540 3366 1614 nativitate
3433 1537 3674 1598 Domini

2028 1635 2226 1686 autem
2256 1646 2444 1704 usque
2471 1631 2542 1685 ad
2583 1647 2802 1686 annum
2841 1631 2949 1686 378
2977 1628 3296 1702 plurimum
3343 1628 3418 1684 ab
3447 1644 3513 1684 eo
3545 1627 3670 1686 dis.-

2027 1735 2280 1790 crepare,
2314 1723 2484 1791 prout
2511 1735 2581 1773 ex
2638 1722 2838 1777 nostra
2865 1717 3120 1774 editione
3171 1716 3386 1792 legenti
3425 1714 3668 1788 patebit.

2098 1809 2162 1864 In
2221 1809 2422 1863 eodem
2477 1807 2670 1864 codice
2725 1807 3200 1878 San-Georgiano
3259 1804 3672 1864 continebatur

2027 1895 2183 1951 aliud
2218 1912 2457 1967 parvum
2487 1895 2812 1951 Chronicon
2873 1911 2906 1950 a
2935 1898 3070 1951 nato
3099 1893 3330 1956 Christo
3379 1908 3568 1966 usque
3597 1892 3672 1948 ad

274 1989 434 2047 noldi
465 1985 659 2043 codice
681 1983 994 2055 judicium,
1028 1983 1179 2088 quod
1215 1982 1284 2036 de
1317 1998 1422 2036 suo
1444 1980 1915 2088 Sanutieorgiano
1945 2023 1992 2088 Β
2026 2000 2120 2042 an.
2151 1983 2306 2052 1153,
2338 1983 2540 2038 eadem
2572 1983 2761 2054 prima
2807 1998 2984 2038 manu
3035 1981 3421 2054 descriptum,
3456 1980 3676 2036 abinde

271 2079 406 2137 tulit
444 2074 726 2134 Urstisius
753 2089 766 2126 :
797 2075 1076 2128 auctorem
1121 2071 1267 2126 hunc
1313 2073 1486 2140 fetum
1543 2069 1707 2125 illum
1729 2070 1914 2141 primo

272 2177 543 2237 utcunque
571 2165 868 2234 formatum
899 2158 1182 2214 lambendo
1209 2158 1458 2229 deinceps
1472 2159 1652 2226 magis
1673 2157 1912 2229 politum

273 2265 323 2312 et
352 2262 606 2311 exactum
636 2249 954 2305 reddidisse.

344 2341 539 2414 Pergit
568 2355 737 2412 porro
785 2336 1038 2392 OEfelius
1097 2337 1168 2390 de
1196 2334 1393 2390 codice
1439 2351 1546 2390 suo
1576 2333 1908 2388 disserens:

275 2432 486 2488 Titulus
538 2429 804 2484 miniatus
859 2424 1057 2480 codicis
1106 2425 1282 2494 magis
1336 2424 1504 2477 etiam
1547 2423 1913 2494 conjecturam

273 2521 477 2591 ﬁrmat,
508 2517 604 2590 qui
625 2517 700 2570 ita
730 2515 887 2569 habet
901 2513 1060 2567 :Ha-zc
1083 2527 1230 2566 sum
1257 2510 1550 2566 Cnaomca
1597 2513 1908 2576 Bsanocm,

273 2625 406 2672 ουλε
442 2619 815 2663 comesum”
861 2617 1218 2656 MONASTERIO
1277 2599 1493 2655 Donum
1533 2599 1907 2664 SALVAVORIS,

273 2691 691 2754 Schafhusensi
724 2690 1021 2746 nimirum.
1056 2689 1188 2752 Quae
1206 2703 1336 2742 vero
1357 2687 1476 2742 sint
1497 2686 1597 2742 illa
1625 2686 1910 2742 Chronica

273 2805 307 2842 a
337 2783 620 2841 Bernoldo
651 2783 902 2842 exarata,
937 2777 1084 2831 satis
1113 2775 1412 2831 declarant
1441 2792 1568 2846 quae
1597 2775 1816 2830 ibidem
1849 2774 1907 2829 in

273 2872 538 2946 margine
567 2867 776 2924 litteris
807 2865 971 2922 valde
1001 2865 1246 2920 minutis
1275 2881 1549 2936 expressa
1593 2862 1904 2934 leguntur:

269 2966 460 3020 Insunt
489 2961 734 3016 auctores
784 2955 1164 3012 chronicorum
1209 2955 1492 3021 Eusebius,
1522 2954 1904 3023 Hieronymus,

271 3056 522 3123 Prosper,
555 3047 866 3118 Dionysius,
899 3043 1184 3108 Iordanes,
1219 3041 1381 3107 Beda,
1403 3049 1454 3097 et
1499 3043 1676 3096 nostri
1709 3044 1908 3112 tempo-

272 3144 354 3198 ris
383 3135 601 3212 (seculi
622 3149 831 3206 nempe
851 3136 928 3204 xi)
953 3133 1315 3198 Hermannus,
1337 3133 1386 3186 et
1415 3130 1662 3190 deinceps
1693 3145 1908 3185 nos'raa

272 3229 557 3303 (adeoque
587 3223 774 3296 ipsius
800 3221 1066 3277 Bernoldi
1095 3237 1274 3276 manu
1303 3220 1596 3289 exaratus)
1627 3219 1786 3284 liber,
1817 3219 1910 3272 sui

271 3318 526 3390 temporis
554 3314 934 3384 descriptores.
967 3309 1096 3365 Hac
1118 3307 1359 3380 quidem
1381 3307 1578 3362 omnia
1607 3307 1717 3362 sub
1737 3307 1906 3361 Chro~

2023 2076 2217 2128 autem
2251 2071 2485 2128 avariis
2543 2088 2730 2144 usque
2785 2072 2858 2127 ad
2891 2088 2986 2126 an.
3047 2071 3190 2126 462³7
3235 2069 3674 2128 continuatum.

2021 2160 2186 2216 Prior
2212 2161 2340 2232 ejus
2371 2177 2530 2233 pars,
2582 2178 2617 2216 a
2664 2159 3037 2232 sequioribus
3080 2158 3256 2216 subin
3294 2157 3673 2231 interpolata,

2022 2249 2257 2304 nonnisi
2299 2248 2692 2304 summarium
2733 2249 3030 2320 quoddam
3089 2263 3195 2304 seu
3251 2245 3676 2319 compendium

2021 2342 2164 2402 erat,
2181 2337 2496 2394 Hermanni
2513 2337 2800 2392 Contracti
2824 2336 3134 2409 praecipue,
3151 2351 3221 2391 ex
3241 2352 3360 2407 qua
3385 2333 3677 2394 nonnulla

2019 2426 2212 2481 adhuc
2243 2426 2570 2498 fragmenta
2599 2425 2656 2480 in
2689 2423 3287 2480 adversariisnostris
3315 2421 3557 2478 collecta
3589 2439 3680 2479 re-

2021 2512 2302 2585 perimus,
2337 2530 2463 2584 quae
2495 2517 2782 2585 quantum
2815 2514 2884 2568 ad
2921 2512 3225 2586 historiam
3257 2510 3507 2584 patriam
3542 2527 3674 2583 per-

2018 2611 2224 2677 tinent,
2258 2611 2368 2666 sub
2399 2609 2568 2667 titulo
2598 2611 2862 2666 Chronici
2898 2609 3209 2682 Georgiani
3239 2609 3365 2666 suis
3387 2608 3536 2666 locis
3580 2609 3678 2665 in-

2018 2705 2307 2755 serantur.

2089 2787 2178 2844 ΙΧ.
2242 2787 2474 2842 Detecto
2518 2787 2645 2858 jam
2713 2787 2870 2843 fonte
2927 2785 3374 2858 Sau-Giorgiani
3419 2786 3680 2854 codicis,

2017 2874 2117 2947 qui
2157 2880 2364 2947 praeter
2413 2892 2629 2948 paucas
2681 2875 3158 2947 interpolationes
3205 2873 3550 2946 ipsissimus
3582 2879 3683 2936 est

2017 2963 2338 3019 Bernoldus
2369 2982 2398 3018 a
2424 2965 2591 3018 nobis
2614 2965 2900 3029 cdendus,
2918 2963 3096 3020 simul
3109 2963 3285 3020 etiam
3302 2963 3609 3020 Murensis
3621 2967 3688 3021 et

2017 3051 2498 3124 Engelbergensis
2529 3053 2795 3107 codicum
2822 3051 3046 3109 natales
3067 3051 3528 3124 deprehendisse
3567 3069 3687 3110 no-

2015 3140 2107 3195 bis
2133 3141 2415 3196 videmur.
2449 3139 2835 3196 Celeherrima
2872 3141 2989 3197 ista
3039 3141 3154 3196 duo
3213 3138 3686 3198 Helveto-Bene-

2014 3229 2244 3284 dictina:
2270 3229 2734 3302 congregationis
2747 3229 3242 3300 monasteriajure
3263 3229 3688 3302 interreligio-

2017 3333 2112 3373 sas
2145 3334 2283 3372 suas
2315 3316 2575 3376 colonias
2609 3321 2868 3374 recenset
2895 3321 3162 3374 nostrum
3214 3317 3281 3373 D.
3328 3317 3508 3374 Blasii
3545 3335 3688 3376 mo-

272 3385 536 3463 nicorum
567 3399 838 3457 Bernoldi
862 3397 1095 3454 nomine
1127 3397 1184 3452 in
1203 3395 1566 3468 autographa
1587 3395 1908 3450 istocodice
1938 3385 1980 3450 C
2019 3407 2364 3470 nagtepium,
2397 3407 2548 3478 quod
2573 3407 2642 3462 de
2663 3407 2915 3461 Murensi
2945 3407 3184 3478 quidem
3206 3404 3519 3478 principali
3542 3407 3692 3480 ipsa

269 3495 533 3560 veniunt,
559 3490 772 3564 partim
803 3487 956 3559 quod
987 3487 1060 3540 ab
1091 3485 1216 3557 ipso
1247 3485 1302 3539 in
1336 3483 1759 3539 unovolumine
1789 3483 1909 3538 sint

271 3581 622 3654 conscripta,
643 3577 855 3650 partim
874 3592 1004 3630 vero
1023 3591 1086 3630 ac
1111 3573 1398 3646 praecipue
1416 3574 1568 3644 quod
1601 3572 1672 3626 ab
1703 3573 1904 3626 eodem

274 3675 332 3730 in
364 3667 775 3742 compendium
823 3663 978 3719 velut
1009 3663 1242 3718 redacta
1270 3679 1339 3718 ex
1389 3662 1754 3728 Hermanno;
1791 3676 1904 3714 non

274 3762 434 3819 enim
463 3760 659 3830 ipsum
684 3751 994 3810 llermanni
1023 3751 1349 3806 Chronicon
1381 3750 1542 3806 dedit
1561 3749 1905 3818 Bernoldus,

275 3851 376 3906 sed
409 3849 536 3918 ejus
567 3845 858 3916 epitomen
889 3841 1186 3908 duntaxat,
1221 3840 1312 3895 cui
1345 3855 1512 3894 suam
1541 3839 1672 3894 dein
1725 3837 1908 3893 conti-

275 3937 634 4000 nuationcrn,
669 3938 770 3986 aut
791 3929 1086 4003 proprium
1115 3927 1306 3999 potius
1327 3927 1648 3983 Chronicon
1667 3928 1775 3980 sui»
1797 3943 1910 3981 uno

274 4023 626 4084 narrationis
640 4019 738 4075 filo
751 4019 1206 4090 annexuit,quod
1225 4017 1318 4071 hic
1330 4016 1911 4072 subdenominatione

274 4131 478 4172 NOSTRI
509 4127 661 4168 nam
690 4108 926 4163 indicat.
953 4107 1033 4164 De
1063 4123 1175 4179 quo
1207 4106 1374 4177 plura
1403 4105 1460 4158 in
1493 4103 1914 4174 disquisitioni-

274 4207 386 4262 bus
415 4202 486 4259 ad
515 4197 858 4257 Bernoldum
900 4195 1127 4267 praeviis
1155 4199 1480 4265 occurrent,
1515 4193 1612 4247 ubi
1640 4193 1690 4247 is
1717 4209 1912 4246 mona-

274 4293 400 4350 chis
429 4291 487 4346 S.
523 4287 696 4344 Blasii
719 4285 1130 4340 vindicabitur.

345 4380 488 4435 VIII.
519 4379 601 4432 Ex
626 4376 736 4432 hoc
765 4390 898 4429 vero
929 4371 1261 4430 Monacensi
1283 4369 1479 4425 codice
1501 4368 1755 4424 OEfelius
1787 4368 1824 4422 l.
1857 4385 1907 4424 c.

272 4469 571 4526 variantes
599 4464 760 4521 dedit
788 4463 1063 4518 lectiones
1105 4461 1176 4516 ad
1233 4459 1769 4530 San-Georgianum
1803 4459 1910 4512 Ur-

274 4557 446 4625 stisii,
481 4553 700 4612 scilicet
729 4554 799 4608 ab
831 4569 924 4608 an'
955 4553 1084 4620 578,
1113 4567 1147 4606 a
1175 4567 1293 4622 quo
1333 4550 1426 4604 hic
1475 4547 1642 4602 illum
1672 4565 1914 4604 exorsus

275 4653 366 4705 est
392 4650 588 4702 motus
626 4642 778 4698 haud
813 4639 990 4698 dubie
1021 4638 1138 4694 illis
1173 4655 1302 4710 quae
1333 4638 1390 4692 in
1419 4636 1614 4692 codice
1649 4636 1909 4692 Bernoldi

2015 3495 2279 3564 ejusdem
2313 3499 2440 3550 acta
2469 3494 2621 3549 haud
2682 3495 3006 3550 dit‘titentur
3035 3495 3193 3565 (Hist.
3243 3495 3433 3562 Nigrae
3469 3493 3688 3564 Silva,

2012 3601 2057 3640 1.
2093 3586 2134 3647 l,
2168 3601 2222 3654 p.
2255 3584 2382 3650 247)
2404 3583 2568 3652 justa
2595 3599 2721 3654 quae
2752 3583 2862 3638 sub
2891 3582 3204 3640 Gisilberto
3233 3585 3292 3642 S.
3344 3581 3531 3640 Blasii
3572 3585 3693 3641 ab-

2017 3673 2150 3726 bate
2185 3671 2528 3736 Luitt‘ridus,
2561 3671 2822 3742 ejusdem
2853 3671 3099 3727 cmnobii
3123 3673 3693 3740 monachus,abbas

2016 3761 2304 3814 Murensis
2359 3760 2712 3816 constitutus
2765 3763 2874 3826 est,
2927 3761 3210 3819 referente
3247 3761 3546 3820 Bernoldo
3624 3763 3695 3819 in

2019 3849 2301 3903 Chronico
2331 3849 2398 3903 ad
2433 3865 2526 3904 an.
2569 3847 2730 3916 4096,
2761 3849 3090 3906 defunctus.
3115 3853 3234 3907 Sub
3281 3851 3391 3909 hoc
3427 3867 3586 3908 vero
3623 3853 3694 3910 in

2015 3945 2073 3992 s.
2138 3936 2326 3992 Blasio
2372 3936 2702 4008 descriptus
2745 3937 2978 3992 videtur
3021 3937 3130 3994 iste
3173 3941 3370 4008 codex,
3410 3940 3704 4012 indeque

2021 4025 2296 4080 fratribus
2319 4025 2691 4082 Murensibus
2719 4025 3014 4094 directus;
3049 4027 3178 4082 linit
3205 4028 3422 4100 quippe
3450 4029 3537 4084 ad
3577 4045 3700 4084 an-

2021 4131 2161 4169 num
2198 4115 2352 4178 1091,
2395 4113 2550 4168 circa
2598 4130 2724 4185 qua
2771 4119 3034 4186 tempora
3083 4115 3322 4172 Colonia
3367 4133 3398 4172 e
3434 4121 3498 4172 8.
3540 4117 3706 4174 Bla-

2021 4204 2106 4259 sio
2133 4202 2284 4256 istuc
2313 4201 2566 4258 deducta
2595 4206 2702 4268 est,
2747 4217 2854 4259 nec
2885 4202 3004 4258 ulla
3033 4221 3275 4274 prorsus
3323 4205 3384 4263 in
3414 4221 3487 4262 eo
3539 4206 3709 4262 dicti

2022 4291 2311 4347 Murensis
2343 4290 2589 4345 ccenobii
2621 4290 2838 4346 mentio
2877 4293 3148 4358 recurrit,
3207 4310 3384 4366 quam
3412 4295 3714 4366 profecto

2022 4379 2177 4435 haud
2207 4379 2501 4435 omisisset
2559 4378 2808 4451 scriptor
2837 4378 2885 4436 si
2916 4379 3082 4436 illum
3107 4381 3167 4436 in
3210 4381 3334 4438 loco
3377 4381 3501 4438 isto
3551 4400 3716 4440 exa-

2021 4473 2226 4524 rasset.

2094 4557 2166 4612 Ut
2196 4561 2416 4626 tamen,
2439 4557 2593 4628 quod
2626 4572 2719 4612 res
2747 4560 2856 4623 est,
2889 4557 3176 4627 dicamus,
3229 4559 3584 4619 Chronicou
3643 4563 3718 4619 in

2022 4645 2222 4700 codice
2259 4645 2372 4700 isto
2403 4648 2741 4700 contentum
2771 4663 2886 4702 non
2908 4650 3030 4702 tam
3075 4647 3392 4705 Hermanni
3421 4665 3719 4709 censen.-

275 4733 636 4807 autographo
669 4736 800 4804 post
831 4745 1052 4786 annum
1085 4727 1192 4784 377
1239 4726 1532 4798 leguntur,
1579 4729 1633 4778 et
1668 4725 1810 4779 forte
1851 4725 1910 4779 in
1944 4749 1990 4812 ι)
2023 4733 2164 4788 dum
2195 4737 2284 4790 est
2312 4749 2486 4806 quam
2519 4733 2853 4806 compilatio
2883 4735 3151 4807 quaedam
3183 4752 3252 4792 ex
3280 4735 3457 4792 variis
3507 4739 3718 4798 chro-

273 4822 742 4894 San-Georgiano
770 4818 1158 4880 habebantur,
1191 4814 1419 4870 verbis:
1455 4817 1744 4884 {lucusque
1765 4813 1914 4869 chro-

271 4914 397 4967 nica
426 4911 644 4966 Eusebii
673 4910 1044 4976 Hieronymus
1069 4903 1352 4976 pertluxit.
1384 4903 1524 4957 Hinc
1541 4905 1724 4956 autem
1745 4917 1914 4973 usque

273 5001 343 5056 ad
368 5000 720 5056 millesimum
771 4997 837 5051 LI
846 4997 883 5046 V
935 5009 1144 5048 annum
1175 4992 1242 5045 ab
1290 4991 1669 5046 incarnatione
1695 4991 1912 5046 Domini

273 5088 526 5144 dominus
555 5099 909 5141 HERMANNUS
939 5098 1046 5136 sua
1073 5079 1346 5135 Chronica
1373 5079 1646 5151 perduxit.

347 5181 418 5232 At
443 5191 597 5242 vero,
631 5189 763 5228 curn
800 5173 1188 5232 Hermannus,
1246 5174 1386 5223 teste
1436 5169 1576 5221 Vitae
1607 5167 1908 5240 scriptore,

275 5265 598 5320 Chronicon
638 5276 812 5317 suum
846 5259 919 5314 ab
939 5255 1337 5312 incarnatione
1367 5254 1598 5311 Domini
1627 5256 1913 5327 ordiatur,

274 5354 377 5410 etsi
402 5369 469 5409 ex
499 5349 746 5407 Eusebio
775 5352 832 5402 et
886 5347 1234 5416 Hieronymo
1285 5343 1653 5416 potissimam
1683 5348 1907 5416 partem

275 5443 706 5514 depromptum,
737 5435 838 5491 illa
867 5434 1042 5491 etiam
1103 5449 1227 5505 quis
1271 5433 1405 5489 inde
1453 5449 1640 5504 usque
1683 5433 1756 5488 ad
1805 5451 1908 5488 an-

277 5546 415 5584 num
448 5529 554 5582 378
582 5525 916 5590 decurrunt,
949 5523 1020 5578 ad
1059 5521 1383 5578 Chronicon
1433 5521 1592 5577 istud
1625 5520 1912 5592 pertinere

275 5617 521 5673 dubium
555 5611 782 5670 nullum
814 5617 922 5682 est,
953 5627 1018 5667 eo
1077 5609 1340 5666 videlicet
1387 5609 1560 5665 modo
1611 5625 1726 5682 quo
1757 5625 1908 5667 anno

277 5704 378 5761 illo
409 5699 729 5776 posteriora
756 5697 1085 5756 Hermanno
1127 5699 1486 5774 tribuuntur,
1547 5698 1814 5770 quamvis
1841 5717 1912 5758 ex

275 5794 560 5869 Prospero
625 5789 870 5870 aliisque
924 5787 1338 5862 Chronicor-um
1385 5785 1772 5867 scriptoribus
1807 5789 1910 5848 de-

2023 4820 2339 4892 nographis
2369 4819 2637 4876 collecta.
2669 4821 3019 4878 Bernoldum
3053 4825 3288 4896 quidem
3319 4841 3598 4898 arguere
3631 4829 3727 4888 vi-

2019 4909 2190 4963 detur
2217 4911 2346 4978 ejus
2375 4907 2613 4964 initium
2632 4910 2702 4964 ab
2721 4925 2872 4966 anno
2889 4912 2986 4967 144
3001 4918 3136 4984 post
3149 4917 3352 4968 natum
3366 4913 3720 4974 Christum

2019 4996 2265 5068 (priores
2295 4996 2452 5051 enim
2495 4997 2628 5052 anni
2665 4998 2878 5056 desunt
2907 5017 3094 5072 usque
3144 5001 3215 5058 ad
3247 5018 3478 5058 annum
3533 5005 3722 5080 3‘78),

2021 5101 2274 5156 quocum
2305 5085 2378 5139 ab
2409 5083 2507 5138 illo
2523 5087 2784 5157 tempore
2803 5092 3000 5143 exacte
3021 5087 3372 5161 plerumque
3394 5095 3730 5166 congruit

2021 5173 2187 5236 adeo,
2220 5178 2282 5226 ut
2311 5189 2438 5244 quae
2468 5173 2527 5226 in
2561 5172 2845 5228 Bcrnoldo
2876 5176 3209 5234 Monaeensi
3239 5178 3311 5232 ad
3338 5181 3730 5254 marginem

2020 5260 2270 5316 subinde
2291 5259 2886 5328 notantur,Murensis
2909 5268 2973 5320 ut
2991 5265 3313 5338 plurimum
3339 5265 3460 5338 ipsi
3490 5274 3724 5330 textui

2017 5348 2258 5416 inserat,
2287 5365 2353 5404 ac
2382 5349 2452 5404 ad
2485 5347 2655 5404 illum
2694 5367 2914 5408 annum
2947 5353 3196 5428 allegata
3216 5355 3739 5420 eliamBernoldi

2013 5438 2190 5493 verba
2219 5442 2408 5494 notet:
2444 5437 2728 5510 ﬂuensque
2745 5440 3008 5499 chronica
3039 5444 3257 5500 Eusebii
3277 5446 3724 5520 Hieronymus

2011 5525 2272 5597 perduxit
2287 5542 2309 5588 ,°
2341 5527 2470 5581 hinc
2497 5530 2677 5583 autem
2706 5543 2876 5600 usque
2905 5531 2975 5586 ad
3009 5533 3366 5588 millesimum
3413 5534 3562 5593 LIV
3609 5557 3739 5598 απ-

2017 5630 2153 5669 num
2180 5614 2251 5670 ab
2282 5615 2668 5672 incarnatione
2705 5619 2926 5676 Domini
2969 5619 3224 5678 dominus
3283 5626 3743 5690 [Ieremannus

2019 5719 2122 5776 sua
2153 5703 2422 5760 Chronica
2447 5703 2732 5776 perduxit.

2089 5793 2229 5864 Quis
2260 5759 2473 5852 abhinc
2503 5759 3294 5874 nonrvesepectassetﬁxtum
3316 5781 3736 5896 Hermauni,
