3940 6410
119 474 182 537 3'1
888 468 893 473 δ
1008 468 1527 538 DISSERTA'I‘IO
1573 476 1672 537 DE
1719 473 2131 536 HEltMANNl
2178 474 2595 535 CHRONICO.
3416 483 3492 542 38

122 609 230 666 sive
259 603 579 664 breviorem
610 620 679 661 ex
701 602 1009 674 Bernoldo,
1033 608 1115 663 uti
1144 607 1448 681 hucusque
1474 627 1488 676 ;
1512 608 1596 663 vel
1622 626 1747 681 pro-
1779 610 1825 676 Α
1863 609 1960 661 481
2014 608 2069 661 in
2123 606 2321 661 Galliis
2373 605 2682 679 acceperit,
2734 605 2954 662 devicto
3004 624 3104 679 per
3148 607 3495 666 Clodoveum

123 695 367 753 lixiorem
415 698 474 750 et
519 693 843 767 genuinum
891 714 959 751 ex
1004 697 1302 768 Augiensi,
1356 698 1438 752 uti
1488 699 1559 753 ab
1593 714 1746 753 anno

125 786 248 842 1045
272 783 340 840 ad
374 783 551 839 ﬁnem
585 800 771 855 usque
803 784 1017 841 factum
1051 785 1186 841 est?
1215 786 1283 840 Et
1316 789 1510 841 tamen
1543 786 1748 841 exinde

127 875 479 932 Hermaunus
505 871 596 928 vel
622 871 872 928 maxime
903 871 1288 945 interpolatus
1319 878 1425 941 est,
1459 875 1748 947 praecipue

126 978 184 1018 ex
209 959 459 1032 Regione
490 959 1039 1033 Prumiensi,atque
1066 962 1240 1017 subin
1280 961 1519 1018 aliunde
1547 964 1745 1030 etiam,

126 1056 172 1107 et
190 1046 413 1122 quidem
433 1065 467 1103 a
489 1048 759 1115 diversis,
793 1052 858 1104 ut
875 1050 1122 1114 videtur,
1145 1050 1529 1122 scriptoribus
1560 1071 1571 1119 ;
1597 1068 1749 1124 saepe

127 1138 261 1195 enim
281 1154 463 1193 unum
486 1136 760 1209 idemque
778 1137 998 1194 factum
1021 1138 1153 1195 aliis
1178 1140 1370 1196 verbis
1387 1140 1749 1212 diversisque

131 1228 279 1284 annis
306 1227 586 1299 illigatur,
607 1226 769 1282 nulla
789 1243 1027 1298 prorsus
1052 1228 1247 1284 habita
1261 1234 1556 1301 gestorum
1580 1230 1749 1285 seriei

130 1321 215 1373 aut
229 1322 556 1390 temporum
571 1316 817 1371 ratione.
835 1316 1080 1372 Notatur
1096 1317 1363 1388 equidem
1386 1324 1515 1389 post
1528 1336 1597 1372 an
1609 1334 1749 1373 num

129 1407 215 1460 906
242 1404 448 1461 litteris
474 1398 736 1461 miniatis
762 1423 775 1459 :
822 1406 1111 1476 ﬂuensque
1142 1406 1408 1461 Chronica
1440 1407 1747 1476 Reginom’s,

131 1504 172 1549 et
213 1501 511 1565 sequuntur
558 1492 841 1549 Chronica
901 1496 1250 1561 Hermanni;
1297 1510 1497 1549 verum
1546 1495 1747 1549 eodem

133 1582 268 1638 inani
299 1581 588 1655 promisso
615 1598 628 1636 :
663 1598 789 1652 quae
822 1581 975 1637 enim
1001 1581 1072 1636 ab
1097 1581 1194 1636 illo
1226 1599 1377 1637 anno
1401 1588 1747 1655 sequuntur,

134 1675 233 1725 tam
262 1685 464 1741 parum
498 1668 818 1723 Hermanni
851 1673 992 1723 sunt
1014 1685 1077 1723 ac
1103 1670 1315 1739 priora,
1341 1671 1439 1725 sed
1477 1671 1749 1741 anonymi

134 1756 267 1814 illius
296 1757 796 1829 scriptoris,quem
818 1774 921 1811 ceu
955 1757 1267 1828 Reginonis
1288 1760 1749 1814 continuatorem

134 1846 297 1901 eidem
318 1845 629 1918 subjungit
649 1845 953 1900 Pistorius.
978 1846 1088 1900 Sed
1114 1864 1214 1901 nec
1239 1847 1431 1918 ipsum
1460 1847 1750 1918 integrum

138 1934 374 2004 exhibet;
407 1950 545 1989 nam
579 1933 647 1988 ad
682 1950 902 1989 annum
932 1934 1039 1988 939
1070 1934 1127 1989 in
1173 1935 1363 1990 medio
1396 1940 1551 1990 textu
1588 1935 1749 1989 ﬁlum

138 2022 425 2095 abrumpit,
476 2038 546 2077 ac
594 2022 867 2093 deinceps
916 2023 989 2077 ab
1015 2040 1167 2078 anno
1202 2024 1309 2077 910
1357 2023 1754 2079 Hcrmannum

139 2111 285 2179 sistit,
314 2114 487 2183 prout
510 2110 567 2164 in
593 2110 973 2166 Gottwicensi
998 2111 1191 2166 codice
1216 2128 1348 2166 mox
1371 2112 1752 2166 describendo

142 2200 301 2271 magis
330 2199 522 2254 adhuc
552 2203 884 2253 contractus
917 2198 1184 2254 habetur.

196 2288 390 2343 Eadem
423 2304 669 2359 prorsus
696 2287 912 2341 codicis
945 2288 1432 2359 Engclbergensis
1466 2289 1614 2343 ratio
1644 2292 1750 2353 est,

145 2376 371 2448 quicum
401 2375 654 2430 Murensi
690 2375 747 2429 in
797 2375 1073 2430 omnibus
1122 2377 1408 2447 congruit,
1452 2393 1520 2431 cx
1551 2378 1753 2431 eodem

146 2464 268 2535 ipso,
296 2470 359 2519 ut
401 2464 654 2530 videtur,
707 2463 1057 2536 descriptus.
1114 2465 1329 2520 Neuter
1375 2466 1515 2520 adeo
1548 2466 1755 2521 usibus

151 2552 331 2609 nostris
354 2552 412 2607 in
442 2551 555 2607 hac
586 2552 840 2607 editione
871 2553 1149 2609 inservire
1183 2554 1391 2625 potuit,
1424 2554 1536 2608 nisi
1569 2554 1625 2608 in
1663 2553 1755 2608 ul-

150 2641 264 2697 timo
293 2640 606 2697 llermanni
647 2641 949 2707 decennio.
1004 2658 1258 2713 quocum
1308 2646 1447 2697 tunc
1499 2642 1755 2714 primum

150 2730 479 2798 conveniunt,
511 2733 570 2784 et
604 2729 687 2783 sic
722 2728 1119 2784 Herinannum
1154 2731 1222 2783 ad
1270 2730 1541 2785 ultimum
1577 2731 1754 2785 trien-

153 2819 281 2874 nium
303 2818 464 2876 nobis
484 2817 782 2889 integrum
807 2823 1245 2885 conservarunt,
1275 2819 1371 2890 qui
1400 2820 1453 2873 in
1478 2820 1755 2890 Augiensi

152 2907 309 2963 codice
338 2907 678 2978 ceterisque
708 2923 776 2961 ex
807 2906 905 2961 illo
938 2910 1349 2979 transumptis,
1378 2908 1473 2963 illo
1498 2914 1757 2981 tempore

152 3011 354 3052 mancus
382 3000 488 3053 est.

202 3082 255 3139 X.
281 3085 468 3142 Notari
499 3102 639 3140 vero
668 3088 971 3139 merentur
999 3102 1126 3155 quae
1160 3084 1217 3139 in
1253 3088 1499 3155 utroque
1531 3084 1638 3140 hoc
1661 3103 1754 3141 co-

154 3171 249 3227 dice
273 3173 337 3229 ad
367 3191 460 3230 an.
492 3174 594 3228 711
632 3172 926 3244 leguntur,
979 3189 1046 3227 ex
1097 3172 1271 3244 Pagio
1318 3178 1511 3229 tamen
1554 3175 1622 3228 ad
1658 3192 1752 3230 an.

154 3260 544 3336 7258pectant:
597 3264 879 3333 ﬂuensque
927 3263 1071 3317 Beda
1100 3264 1430 3317 venerabilis
1468 3263 1754 3336 presbyter

1859 697 2103 768 Siz‘grio,
2140 713 2431 768 regnoque.
2476 696 2544 750 ad
2599 695 2968 767 Merovingos
3016 696 3148 751 inde
3195 698 3495 753 translato.

1935 785 2104 839 Porro
2124 801 2157 839 a
2180 786 2365 839 fronte
2389 784 2678 839 Murensis
2701 782 2879 855 hujus
2904 784 3117 839 codicis
3135 790 3501 857 compactum

1856 878 1945 928 est
1977 871 2133 927 aliud
2165 874 2336 927 breve
2361 872 2690 927 Chronicon
2721 889 2755 927 a
2785 872 3014 931 diversa
3036 889 3214 929 manu
3237 864 3502 944 ejusdem

1857 966 2053 1016 tamen
2079 960 2275 1015 saeculi
2294 978 2373 1016 xu
2398 961 2729 1016 charactere
2753 966 3079 1029 exaratum,
3104 966 3160 1016 et
3185 963 3504 1019 decurrens

1858 1050 1929 1104 ab
1961 1066 2113 1105 anno
2144 1051 2247 1104 398
2273 1066 2458 1122 usque
2491 1050 2648 1117 1175,
2685 1050 2756 1105 ita
2792 1050 3025 1121 quidem
3046 1056 3111 1105 ut
3133 1050 3293 1107 velut
3322 1053 3504 1124 epito-

1859 1155 1991 1193 men
2025 1138 2319 1193 contineat
2354 1138 2541 1209 primo
2573 1138 2805 1208 quidem
2864 1141 3175 1194 llermanui
3210 1140 3501 1195 Contracti

1860 1244 2046 1298 usque
2070 1228 2138 1281 ad
2164 1245 2257 1281 an.
2280 1229 2438 1289 1054,
2461 1228 2669 1281 abinrle
2688 1244 2820 1281 vero
2838 1229 3106 1283 Bernhlrli
3128 1246 3316 1301 usque
3342 1231 3499 1296 1100,

1860 1333 2033 1387 quem
2081 1316 2212 1370 dein
2266 1332 2453 1386 usque
2511 1316 2577 1369 ad
2640 1333 2853 1368 aruum
2914 1318 3044 1369 1175
3103 1318 3496 1389 prosequitur.

1933 1404 2156 1459 Insertu
2169 1421 2220 1457 m
2238 1419 2369 1456 vero
2382 1402 2629 1456 esttabul
2644 1404 2688 1455 is
2707 1403 2767 1456 cli
2780 1403 3123 1473 rnnolngieis
3138 1410 3495 1475 epactarum;

1861 1492 2013 1545 unde
2036 1508 2183 1561 szepe
2207 1492 2447 1561 contigit
2473 1496 2553 1555 ut,
2578 1492 2960 1546 deﬁcientead
2998 1509 3213 1547 annum
3235 1498 3498 1566 assigna-

1862 1586 1986 1633 tum
2014 1580 2222 1650 spatio,
2240 1578 2457 1649 reliqua
2481 1580 2548 1633 ad
2570 1580 2713 1633 alios
2746 1596 3150 1635 annosvrcuos
3166 1582 3394 1637 antevel
3414 1600 3500 1637 re-

1862 1675 1949 1723 tro
1981 1669 2374 1723 adnotantur:
2411 1684 2536 1738 qum
2569 1669 2710 1721 adeo
2746 1669 2877 1721 inde
2926 1673 3181 1723 extracta
3207 1670 3330 1726 suis
3359 1670 3503 1727 locis

1863 1756 2255 1828 posuimulel
2270 1756 2341 1809 uri
2358 1757 2434 1811 12h
2448 1758 2679 1810 ronicun
2703 1757 3113 1828 inscripsimus
3129 1758 3427 1815 Chrenicon
3442 1761 3499 1814 S.

1863 1847 2034 1899 Blasii
2055 1846 2125 1899 ob
2150 1862 2216 1899 ea
2244 1862 2367 1915 qua:
2392 1846 2461 1899 de
2485 1845 2821 1898 monasterii
2848 1845 3023 1915 hujus
3050 1847 3221 1902 rebus
3253 1847 3505 1903 maxime

1787 1974 1830 2037 Β
1865 1940 1995 2007 post
2017 1934 2331 1989 liermanui
2360 1939 2581 1987 mtatem
2607 1934 2819 2004 saepius
2841 1934 3034 2000 refert,
3055 1934 3229 1989 tacito
3251 1934 3503 2008 plerum-

1863 2041 1974 2095 que
1999 2024 2125 2091 ejus
2154 2022 2407 2088 nomine,
2432 2039 2544 2092 quo
2569 2023 2693 2092 ipso
2712 2021 3051 2093 scriptorem
3086 2023 3222 2077 dicti
3253 2024 3501 2080 orent-bii

1864 2112 2045 2167 fuisse
2078 2111 2405 2172 alumnum,
2439 2127 2734 2181 suumque
2760 2111 3083 2166 Chronicon
3125 2111 3341 2167 ibidem
3365 2130 3503 2169 exa—

1863 2215 2025 2253 rasse
2056 2200 2199 2254 satis
2230 2199 2550 2261 evincitur;
2585 2200 2653 2251 de
2687 2200 2906 2253 czeteris
2940 2199 3094 2253 enim
3129 2202 3503 2258 monasteriis

1864 2305 2062 2359 agens,
2097 2288 2220 2341 suis
2251 2304 2318 2341 ea
2363 2287 2701 2341 nominibus
2732 2286 2969 2343 indicat.

1938 2376 2113 2431 Multa
2140 2377 2208 2430 de
2241 2392 2306 2430 eo
2339 2376 2575 2429 disserit
2624 2374 2761 2429 cels.
2805 2375 3117 2431 Gerbertus
3163 2376 3219 2431 in
3250 2377 3505 2434 Historia

1863 2466 2048 2537 Nigrae
2081 2464 2266 2531 Silva},
2300 2470 2441 2519 tom.
2478 2466 2519 2529 Ι,
2553 2482 2608 2536 p.
2640 2465 2747 2518 590
2778 2481 2923 2535 seq.,
2957 2470 3015 2519 et
3034 2465 3172 2521 clar.
3199 2466 3259 2521 P.
3288 2467 3506 2521 Mauri-

1868 2554 2019 2608 tium
2051 2552 2176 2606 Van
2210 2553 2314 2606 der
2344 2553 2501 2607 Meer
2529 2552 2947 2607 Rhenoviensis
2971 2555 3209 2608 caenobii
3234 2555 3505 2609 historio-

1865 2641 2151 2713 graphum
2174 2646 2430 2707 secutus,
2452 2646 2746 2695 auctorem
2778 2640 2933 2694 illius
2956 2643 3188 2712 conjicit
3212 2642 3273 2697 B.
3297 2644 3509 2699 Frowi-

1866 2748 2003 2783 num
2036 2747 2099 2782 ex
2138 2730 2418 2783 monacho
2454 2729 2720 2784 Blasiano
2753 2731 2821 2783 ad
2857 2732 3146 2785 abbatiam
3190 2730 3506 2803 Engelber-

1864 2834 2097 2889 genseui
2130 2818 2282 2872 circa
2300 2833 2518 2872 annum
2548 2818 2677 2871 1116
2694 2822 3086 2888 assumptum,
3111 2818 3419 2884 ubietiam,
3440 2824 3505 2875 ut

1865 2908 2027 2973 ibid.,
2062 2924 2117 2977 p.
2154 2908 2276 2971 421,
2312 2911 2565 2973 notatur,
2600 2923 2694 2961 an.
2721 2907 2858 2961 1178
2881 2906 3151 2973 decessit,
3183 2907 3397 2962 relictis
3423 2908 3505 2963 ibi

1864 2996 2164 3049 codicibus
2196 3012 2303 3050 sua
2355 3012 2530 3049 manu
2582 2993 2836 3065 scriptis,
2890 3011 3066 3065 quam
3114 2995 3172 3049 in
3220 2995 3507 3052 Chronico

1864 3100 2092 3153 quoque
2134 3082 2242 3137 sibi
2276 3083 2732 3155 deprehendisse
2778 3082 2940 3139 visus
2991 3089 3080 3138 est
3124 3083 3394 3140 laudatus
3423 3085 3511 3142 vir

1864 3171 2262 3226 doctissimus.
3288 3194 3291 3197 δ

1934 3259 2006 3313 Ut
2038 3264 2102 3313 ut
2131 3276 2261 3315 vero
2294 3259 2632 3315 Frowinum
2667 3260 2845 3315 istum
2891 3261 2997 3315 sibi
3049 3262 3341 3315 vindicent
3374 3263 3506 3318 Ein-

159 3335 431 3407 Chronicam
457 3368 620 3408 suam
651 3353 710 3406 in
740 3352 941 3421 majori
969 3351 1035 3405 de
1067 3352 1410 3422 Temporibus
1455 3352 1595 3407 libro
1622 3370 1749 3423 ρον-ι
1782 3335 1823 3400 C
1859 3347 2111 3402 sidlense
2149 3353 2207 3402 et
2256 3348 2730 3403 San-Blasianum
2783 3350 3159 3417 monasteria,
3195 3351 3505 3422 utriusque

158 3436 336 3494 duit...
365 3440 468 3497 Sed
516 3442 700 3496 multa
749 3442 1055 3495 intermina
1098 3444 1228 3494 sunt
1269 3440 1335 3494 de
1363 3442 1633 3495 chronicis
1663 3458 1755 3495 eu-

155 3526 324 3592 jusdam
376 3530 665 3602 Reginonis
722 3531 1028 3583 Bremensis
1062 3526 1194 3599 (leg.
1244 3529 1599 3598 Prumr’ensis)
1656 3530 1755 3583 ab-

163 3614 281 3682 batis,
321 3621 412 3690 qui
457 3618 758 3689 descripsit
803 3618 870 3673 ab
921 3618 1303 3672 incarnatione
1352 3618 1571 3671 Domini
1617 3620 1756 3672 inei-

161 3705 292 3771 piens,
338 3712 385 3762 et
431 3710 761 3778 pertingens
836 3723 1013 3777 usque
1063 3706 1131 3760 ad
1191 3705 1489 3761 DCCCCVI.
1552 3708 1758 3762 Abhinc

165 3790 254 3846 scil.
280 3811 364 3849 an.
391 3798 518 3863 727)
549 3805 736 3851 autem
766 3810 890 3865 qua?
918 3803 1242 3865 sequuntur,
1288 3803 1502 3864 sumpta
1531 3799 1657 3849 sunt
1687 3812 1758 3850 ex

166 3882 356 3946 apicibus
385 3900 661 3946 ouxruoa
715 3899 1048 3949 Αυατοιιυιιί,
1087 3882 1335 3938 videlicet
1367 3885 1759 3953 prwnominati

170 3968 393 4027 Brcnomi:
436 3971 849 4041 iPrumionsis)
898 3971 1132 4034 abbatis,
1203 3970 1395 4025 domni
1452 3974 1760 4027 Ilermanni

171 4051 402 4126 Contracti,
461 4071 512 4115 et
556 4060 819 4129 discipuli
888 4075 1001 4130 ejus
1048 4059 1327 4114 Bertholdi
1372 4068 1531 4130 atque
1569 4060 1759 4115 damni

173 4140 370 4201 Bemoldi
386 4149 689 4221 presbyteri
720 4148 778 4203 S.
827 4146 1022 4202 Blasii.
1074 4146 1177 4202 Hic
1236 4147 1421 4203 fontes
1459 4147 1634 4203 simul
1668 4149 1754 4203 in-

173 4228 380 4291 dii-antur
405 4238 559 4293 unde
590 4254 703 4293 sua
727 4236 1055 4295 hauserunt
1085 4234 1301 4290 codicis
1329 4235 1501 4291 istius
1538 4236 1757 4308 compi-

174 4312 348 4390 latores,
391 4324 688 4398 simulque
737 4327 933 4397 aperte
978 4328 1214 4379 notatur
1259 4324 1560 4380 distinctio
1608 4325 1757 4380 inter

175 4408 326 4467 ambos
336 4412 645 4471 Hermanni
662 4413 1119 4479 continuatores,
1136 4412 1516 4468 Bertholdum
1533 4413 1757 4469 scilicet

176 4492 690 4575 eiusdiscipulum,et
705 4500 1322 4557 Bernoldum.S.Blasii
1344 4504 1753 4573 presbyterum

176 4583 390 4645 ambosin
412 4609 593 4648 unum
638 4590 994 4646 Bernoldum
1040 4590 1549 4646 Constantiensem
1592 4606 1753 4662 pres-

175 4666 375 4739 bl'l-‘3I‘lltn
403 4680 712 4752 hucusque
743 4695 1016 4751 peperam
1049 4681 1358 4734 confusos:

224 4757 289 4816 ΧΙ.
317 4764 405 4823 His
438 4768 680 4825 demum
733 4766 961 4822 codices
1010 4766 1108 4821 isti
1160 4766 1483 4837 subjiciunt
1530 4784 1657 4838 qua
1689 4767 1750 4822 in

182 4842 255 4900 ﬁne
273 4848 381 4908 libri
408 4856 576 4928 primi
602 4855 865 4912 chronici
897 4854 1215 4926 Reginonis
1242 4853 1519 4925 leguntur
1548 4856 1617 4909 ad
1652 4872 1754 4911 an-

185 4945 277 4992 num
304 4941 426 5000 711:
473 4947 767 5017 [lucusque
812 4960 1044 5012 regnum
1097 4944 1459 4997 Romanorum
1513 4961 1582 4998 ex
1629 4944 1757 4999 hinc

189 5018 440 5087 F“vicorum
466 5038 837 5106 supputatur:
864 5048 988 5104 quae
1024 5031 1225 5101 utique
1258 5031 1470 5085 rectius
1503 5033 1573 5085 ad
1601 5032 1755 5087 hunc

192 5120 341 5173 ληηιιω
361 5123 641 5190 pertinere
663 5121 955 5185 videntur,
979 5136 1095 5190 quo
1115 5127 1276 5190 patre
1300 5118 1501 5174 Carolo
1526 5126 1754 5176 mortuo

192 5189 393 5269 pillpinus
411 5210 680 5266 secundae
707 5207 921 5280 stirpis
948 5189 1151 5279 regum
1174 5208 1525 5263 Francorum
1546 5224 1756 5279 parens

192 5285 370 5350 Primum
396 5302 699 5369 potestate,
732 5298 863 5353 dein
895 5314 991 5353 an.
1011 5297 1123 5352 752
1142 5295 1376 5352 nomine
1396 5313 1628 5369 quoque
1658 5315 1745 5353 re-

194 5370 250 5437 ἓίο
270 5376 464 5443 Francis
493 5388 788 5461 imperare
827 5385 1021 5458 coepit,
1063 5401 1239 5457 quam
1271 5385 1340 5439 ad
1373 5401 1593 5441 annum
1620 5387 1744 5452 726,

164 5472 167 5545 ξ
198 5466 639 5550 rilloinplerisque
688 5474 865 5532 etiam
920 5474 1092 5529 editis
1140 5477 1439 5539 notantur,
1487 5478 1747 5546 tempore

196 5558 358 5640 Primus
382 5562 824 5640 incompetente.
856 5562 1041 5619 Caroli
1072 5561 1292 5618 scilicet
1313 5561 1579 5633 Martelli,
1604 5562 1745 5618 dum

199 5634 323 5727 {dhuc
346 5634 704 5727 Merovizigiei
732 5651 931 5725 prima:
983 5650 1185 5722 stirpis
1233 5666 1397 5722 reges
1426 5654 1735 5722 premant.

203 5718 396 5800 Quamvis
420 5739 557 5803 alias
588 5718 993 5805 liam-auorum
1021 5718 1269 5817 reénum
1297 5718 1473 5803 tinem
1493 5739 1622 5818 jam
1647 5755 1742 5801 an.

1869 3438 2011 3491 forte
2039 3437 2365 3492 successive
2411 3436 2737 3500 alumnum,
2783 3436 2947 3491 illum
2990 3442 3184 3493 tamen
3231 3439 3498 3495 Chronici

1868 3525 2043 3595 hujus
2062 3526 2240 3580 fuisse
2255 3526 2592 3597 scriptorem
2613 3525 2853 3579 dubium
2874 3525 3063 3580 adhuc
3086 3544 3386 3583 remanere
3410 3545 3506 3600 po-

1866 3618 1996 3668 test.
2027 3613 2171 3680 Quid
2206 3614 2361 3667 enim
2394 3630 2579 3668 causa
2612 3614 2689 3668 sit
2716 3630 2821 3668 cur
2850 3614 2975 3685 ipse
3010 3615 3231 3669 nullam
3258 3633 3504 3687 prorsus

1867 3702 1957 3757 sui
1990 3702 2349 3768 monasterii,
2383 3703 2553 3773 cujus
2583 3701 2766 3758 abbas
2806 3703 3141 3774 postulatus
3176 3705 3367 3770 fuerit,
3402 3706 3505 3760 sed

1867 3790 2041 3845 unius
2064 3792 2345 3845 duntaxat
2367 3792 2454 3845 sui
2481 3792 2868 3846 San-Blasiani
2885 3793 3238 3848 mentionem
3262 3793 3459 3848 fecerit
3478 3794 3507 3849 ?

1866 3879 2237 3934 Occurritibi
2288 3880 2525 3950 quidem
2576 3880 2646 3933 ad
2699 3897 2793 3934 an.
2850 3881 3005 3948 1120,
3059 3882 3168 3936 sed‘
3191 3882 3505 3937 recentiore

1867 3985 2043 4022 manu
2077 3969 2303 4039 adjecta
2352 3967 2469 4023 hmc
2517 3973 2689 4023 nota:
2740 3968 2938 4024 Eodem
2985 3986 3131 4023 anno
3180 3972 3386 4040 incepta
3427 3979 3508 4026 est

1866 4058 1982 4111 ha’c
2015 4057 2153 4112 cella
2180 4058 2248 4112 ab
2277 4058 2476 4112 abbate
2503 4057 2841 4124 Adschelino,
2866 4074 2965 4113 seu
3009 4061 3200 4111 verius
3233 4058 3304 4111 :ab
3335 4058 3501 4113 Adel-

1866 4146 2079 4210 helmo,
2114 4147 2210 4217 qui
2244 4164 2337 4201 an.
2374 4147 2531 4212 1124,
2566 4147 2712 4200 Non.
2743 4145 2949 4217 April.,
2982 4163 3015 4200 a
3055 4145 3290 4201 Callisto
3322 4146 3362 4202 Il
3397 4147 3505 4218 pri-

1866 4234 2136 4304 vilegium
2172 4234 2631 4289 confirmationis
2664 4235 2905 4307 accepit,
2940 4234 3211 4306 idemque
3243 4253 3335 4290 an.
3368 4237 3508 4291 1125

1866 4324 1936 4377 ab
1970 4322 2234 4377 Heinrico
2268 4323 2303 4378 V
2336 4323 2477 4396 imp.
2520 4324 2840 4393 (uanaoon'
2872 4322 3070 4378 Geneal
3099 4324 3325 4391 Ilabsb.,
3359 4329 3501 4381 tom.

1870 4412 1936 4476 ll,
1970 4429 2024 4483 p.
2062 4412 2203 4480 143),
2237 4410 2297 4465 in
2330 4414 2499 4482 cujus
2530 4411 2846 4485 diplomate
2880 4411 3145 4484 regulare
3176 4413 3284 4469 hoc
3308 4429 3505 4469 mona-

1866 4500 2106 4554 sterium
2140 4505 2399 4571 tempore
2431 4499 2659 4555 Henrici
2695 4501 2887 4571 quarti
2929 4499 3081 4573 regis
3103 4501 3500 4556 Romanorum

1865 4589 2178 4644 honorifice
2208 4594 2610 4644 constructum
2641 4589 2870 4643 dicitur.
2918 4590 3062 4643 Cum
3094 4605 3230 4661 ergo
3261 4580 3501 4662 illejam

1782 4700 1828 4765 D
1866 4694 1960 4732 an.
1998 4679 2135 4732 1106
2165 4676 2393 4744 obierit,
2414 4678 2539 4748 jam
2564 4682 2686 4731 tum
2710 4676 2829 4732 hac
2851 4677 2998 4732 cella
3021 4682 3354 4733 constructa
3374 4694 3502 4734 esse

1859 4766 2079 4831 debuit,
2118 4782 2220 4819 nec
2243 4766 2385 4819 adeo
2412 4766 2662 4837 primum
2688 4782 2781 4820 an.
2811 4766 2947 4820 1120
2968 4766 3236 4837 incoepta,
3264 4770 3330 4822 ut
3352 4765 3504 4822 male

1864 4852 1973 4907 fert
2001 4853 2155 4907 dicta
2184 4852 2572 4924 interpolatio,
2606 4870 2731 4926 qua:
2763 4854 2935 4909 etiam
2967 4855 3128 4909 deest
3158 4856 3216 4909 in
3241 4855 3369 4927 ipso
3398 4855 3504 4911 hu-

1857 4942 1956 5009 jus
1990 4940 2257 4994 Chronici
2290 4940 2603 5011 exemplari
2636 4941 3122 5013 Engelbergensi:
3159 4943 3258 4998 ubi
3301 4948 3503 4999 tamen

1865 5028 1974 5081 alia
1997 5046 2028 5081 a
2049 5029 2305 5082 secunda
2329 5046 2503 5083 manu
2526 5029 2882 5089 inseruntur.
2911 5030 3016 5095 uti,
3042 5047 3136 5086 an.
3159 5032 3300 5087 1125
3317 5031 3507 5089 obitas

1863 5118 2107 5171 Conradi
2127 5118 2196 5171 de
2210 5117 2613 5172 Seldenburen
2637 5120 2962 5173 fundatoris
2982 5137 2995 5185 ;
3020 5137 3113 5175 an.
3136 5121 3259 5174 1131
3280 5164 3291 5186 ,
3311 5122 3506 5175 obitus

1864 5206 1905 5259 Β
1955 5205 2274 5261 Adelbelmi
2302 5224 2315 5273 ;
2348 5223 2441 5261 an.
2477 5208 2637 5274 1178,
2669 5207 2880 5263 domus
2927 5208 3237 5264 Frowinus
3268 5227 3506 5265 venera-

1855 5295 1988 5349 bilis
2016 5295 2196 5349 abbas
2219 5298 2417 5350 noster
2441 5294 2486 5350 Il
2516 5295 2811 5357 decessit;
2835 5297 2973 5352 item
2997 5313 3092 5353 an.
3125 5299 3278 5366 1197,
3308 5300 3507 5357 obitus

1856 5389 1917 5438 Β.
1942 5383 2234 5439 Bertholdi
2260 5401 2383 5451 ;au.
2406 5385 2565 5448 1125,
2586 5385 2835 5441 Heiurici
2856 5387 2875 5441 Ι
2900 5404 2913 5454 ;
2935 5404 3029 5441 an.
3057 5388 3213 5443 1241.
3250 5388 3504 5443 Hcinrici

1856 5473 1925 5539 ΙΙ,
1957 5475 2014 5527 et
2045 5488 2137 5526 an.
2172 5471 2331 5538 1250,
2376 5472 2687 5528 Wernheri
2728 5474 3006 5530 abbatum
3052 5475 3296 5531 celebris
3327 5474 3500 5529 istius

1855 5560 2213 5617 monasterii.
2247 5560 2382 5624 Quae
2414 5560 2595 5633 igitur
2625 5568 2826 5634 postea
2855 5564 3053 5618 addita
3084 5565 3264 5618 fuisse
3297 5561 3494 5615 viden-

1851 5655 1950 5707 tur
1969 5648 2105 5706 huic
2120 5648 2528 5707 San-Blasiani
2551 5651 2851 5724 scriptoris
2872 5651 3153 5709 Chronico
3175 5667 3207 5705 a
3234 5647 3488 5721 quodam

1855 5737 2312 5817 Engelbergensi
2338 5737 2646 5812 monacho,
2669 5739 2789 5803 sive
2809 5739 3074 5800 damnato
3094 5736 3243 5813 Jan),
3273 5732 3389 5796 sive
3407 5733 3484 5797 ad
