3940 6428
396 418 473 478 39
1167 407 1656 478 HERMANNUS
1699 409 2214 478 comssurus
2261 409 2607 476 MONACH.
2651 411 3023 482 AUGIENS.
3705 414 3778 494 4.0.

391 545 611 603 infulas
640 543 1178 618 Angelomontanas
1205 548 1509 618 assumpto
1549 544 1836 602 Frowino.
1871 543 2034 601 Certe
2064 544 2118 614 Α
2147 561 2284 600 ceus
2307 545 2356 601 is
2385 549 2493 614 est,
2525 549 2582 602 et
2609 563 2679 603 ex
2707 547 2986 632 Aegiensi
3006 547 3205 608 codice
3226 547 3558 620 descriptus
3577 546 3768 632 seculo

393 636 455 693 in
476 639 799 692 memorato
820 634 1104 691 Chronico
1125 633 1334 691 ultima
1351 633 1589 690 S.Blasii
1614 634 1828 689 mentio
1850 649 2046 688 occur-
2155 633 2284 689 dem
2296 652 2391 690 um
2405 653 2497 690 XIV
2505 636 2630 707 jam
2645 629 2716 692 ad
2730 637 2907 695 ﬁnem
2939 641 3226 710 vergente.
3242 638 3482 694 Constat
3507 636 3567 693 id
3579 629 3772 718 partim

392 725 472 781 rit
499 725 573 781 ad
603 741 826 781 annum
851 723 1010 792 4143,
1043 740 1156 796 quo
1187 722 1355 781 illum
1399 721 1883 796 Engelbergensis
1915 738 2039 778 mo-
2149 739 2219 778 ex
2249 723 2376 796 ipso
2408 725 2760 795 charactere,
2791 727 3004 798 partim
3035 730 3092 784 et
3120 727 3411 808 praecipue
3436 741 3508 782 ex
3531 719 3774 798 frequen-

391 813 633 880 nasterii
665 811 922 886 regimen
953 811 1283 882 suscepisse
1313 827 1382 866 ex
1405 809 1742 870 domesticis
1767 809 1898 866 suis
1920 825 2039 865 mo-
2148 809 2392 868 tissimis
2413 810 3315 886 interpolationibusﬁernianno
3337 814 3595 871 multum
3609 819 3776 888 poste-

389 901 690 960 numentis
700 899 1020 972 conjiciunt
1036 898 1432 955 Einsidlenses
1446 899 1632 956 nostri
1647 897 2054 958 eruditissimi.
2144 898 2552 974 rioribus,quae
2573 901 2898 962 successive
2919 902 2978 958 in
3007 901 3266 960 codicem
3287 903 3640 976 Augiensem
3665 907 3768 962 tam

390 990 642 1059 sodales,
671 987 1008 1062 Necrologio
1040 987 1314 1056 maxime,
1348 987 1408 1043 in
1438 1003 1556 1060 quo
1587 987 1660 1044 ad
1682 986 1905 1043 dictum
1937 1002 2035 1044 an-
2143 986 2203 1043 in
2227 981 2492 1062 margine
2505 1001 2681 1061 quam
2696 989 2936 1062 reliquis
2957 991 3162 1064 spatiis
3181 991 3384 1051 vacuis
3405 991 3770 1075 irrepserunt,

387 1097 532 1138 num
563 1079 700 1144 1243
731 1076 1108 1134 Foowiniana
1137 1093 1244 1132 seu
1275 1076 1436 1150 prior
1464 1093 1678 1133 manus
1704 1074 1953 1132 desinat.
2140 1080 2316 1148 atque
2343 1093 2412 1132 ex
2442 1076 2580 1134 hinc
2610 1093 2726 1133 una
2755 1093 2959 1135 omnes
2989 1079 3050 1134 in
3079 1080 3493 1154 Augustanum
3527 1095 3766 1153 quoque,

453 1169 571 1226 XII.
605 1165 923 1224 Recensitis
953 1165 1262 1238 hucusque
1289 1163 1557 1220 Cbronici
1605 1162 2030 1220 Hermanniani
2139 1169 2195 1220 et
2219 1163 2354 1221 inde
2381 1165 2506 1221 sine
2540 1165 2698 1222 omni
2721 1166 2858 1223 crisi
2901 1167 2959 1222 in
2982 1166 3282 1225 Canisium
3307 1169 3766 1245 migrarunt.Sed

383 1249 702 1324 codicibus,
725 1257 792 1310 ut
811 1253 895 1309 ita
920 1253 1136 1320 dicam,
1157 1250 1520 1320 domesticis,
1546 1250 2026 1306 adnumerandus
2137 1260 2190 1308 et
2218 1253 2291 1310 ab
2323 1253 2449 1327 ipso
2480 1269 2587 1311 suo
2617 1259 2922 1329 prototypo
2949 1256 3226 1331 Augiensi
3248 1259 3464 1331 sepius
3491 1251 3774 1332 discrepat

379 1359 612 1419 quoque
627 1342 786 1400 venit
803 1340 1240 1409 Gottwicensis,
1259 1341 1318 1396 in
1336 1337 1711 1396 celeberrimo
1727 1339 1907 1411 hujus
1927 1355 2026 1394 no-
2133 1345 2378 1415 ectypon
2407 1343 2841 1416 Augustanum,
2871 1343 2932 1400 in
2955 1357 3070 1418 quo
3101 1346 3255 1403 facta
3283 1345 3488 1407 crebro
3503 1347 3576 1403 ad
3598 1347 3770 1406 alium

379 1433 556 1491 minis
568 1431 816 1489 Austris}
832 1427 1126 1486 inferioris
1141 1427 1493 1484 monasterio
1509 1427 2021 1501 repertus,inquod
2132 1447 2353 1486 annum
2385 1431 3058 1506 referuntur,aliquando
3072 1434 3298 1509 integra
3312 1439 3607 1492 commata
3617 1437 3773 1494 omit-

376 1522 596 1597 pariter
625 1536 656 1578 e
680 1520 748 1576 D.
771 1518 965 1575 Blasio
996 1517 1187 1590 prima
1216 1517 1464 1573 fratrum
1494 1513 1723 1572 colonia
1751 1513 2022 1571 immissa
2128 1521 2354 1587 tuntur,
2389 1523 2489 1575 aut
2545 1535 2851 1594 perperam
2892 1522 3066 1578 etiam
3125 1529 3457 1585 exarantur.
3486 1527 3628 1582 Rem
3659 1541 3770 1582 uno

375 1615 468 1669 est
514 1611 756 1672 ductore
799 1611 1160 1664 Hartmanno
1207 1604 1436 1672 abbate,
1485 1608 1550 1659 ut
1595 1603 1920 1660 Bernoldus
1957 1603 2016 1660 in
2126 1607 2389 1682 exemplo
2418 1607 2711 1666 declarare
2741 1609 3016 1680 sufficiat,
3039 1612 3124 1668 uti
3155 1613 3364 1671 saltem
3395 1613 3454 1670 in
3503 1615 3774 1688 Basnagii

376 1699 664 1758 Chronico
693 1698 766 1760 ad
798 1713 1018 1753 annum
1051 1695 1189 1750 1094
1217 1697 1468 1750 enarrat.
1493 1694 1554 1748 Id
1575 1709 1708 1750 vero
1729 1691 2018 1784 peculiare
2125 1696 2378 1753 editione
2425 1697 2657 1770 legitur.
2713 1699 3024 1772 Augiensis
3082 1702 3154 1758 ad
3200 1720 3294 1759 an.
3349 1703 3503 1772 1021,
3543 1703 3772 1784 scribit:

375 1783 554 1848 habet
581 1789 762 1846 codex
805 1787 933 1852 iste,
980 1784 1135 1856 quod
1180 1783 1435 1856 primum
1479 1799 1574 1837 an.
1615 1783 1722 1836 726
1751 1780 2014 1854 incipiat,
2122 1785 2480 1842 Irmentrudis
2509 1787 2975 1859 Buochaugiensis
3003 1789 3279 1847 abbatissa
3324 1780 3771 1849 venerabilis'de-

372 1883 547 1952 atque
577 1874 862 1934 Bernoldo
901 1872 1154 1929 multum
1202 1871 1393 1927 adhuc
1434 1869 1666 1980 brevitas
1697 1869 2011 1980 Hermanni
2043 1913 2091 1980 Β
2120 1877 2466 1946 cessit,eique
2493 1876 2766 1931 Abarhild
2823 1877 3101 1980 abbatissa
3128 1882 3385 1978 successit
3411 1899 3424 1948 ;
3457 1881 3633 1980 cujus
3652 1881 3776 1938 loco

371 1966 786 2040 compendium
807 1963 1000 2032 sistat,
1026 1961 1098 2018 ab
1120 1977 1272 2016 anno
1295 1963 1490 2016 autem
1511 1959 1619 2014 940
1649 1975 1834 2030 usque
1855 1960 2012 2028 1052,
2043 1959 2091 1980 ¹¹
2123 1965 2668 2036 ms.Augustanum,
2693 1969 2748 2020 et
2769 1981 2838 2021 ex
2857 1983 2922 2021 eo
2947 1965 3218 2024 Canisius
3239 1981 3414 2024 sensu
3439 1969 3613 2042 plane
3644 1982 3778 2026 con-

371 2074 486 2130 quo
518 2055 668 2123 finit,
699 2069 833 2110 cum
879 2050 1137 2107 Murensi
1184 2066 1250 2105 ac
1298 2047 1752 2121 Engelbergensi
1799 2047 1917 2104 fere
1941 2049 2012 2104 ad
2123 2051 2302 2107 trario
2377 2051 2580 2124 ponit:
2650 2053 3014 2111 Irmentrudio
3097 2056 3532 2128 erhaugicnsis
3608 2059 3777 2115 abba:

367 2147 608 2202 verbum
627 2141 953 2200 concordet.
983 2137 1194 2205 Fallor,
1217 2143 1320 2194 aut
1337 2137 1473 2192 hinc
1498 2139 1909 2206 transumptus
1928 2141 2016 2192 est
2122 2140 2274 2205 obiit,
2305 2142 2464 2212 eique
2489 2139 2754 2196 Abarhild
2773 2142 2939 2198 abbas
2983 2153 3255 2202 successu.
3306 2147 3472 2210 Quod
3529 2147 3774 2220 quidem

371 2236 552 2291 codex
579 2229 952 2294 Mellicensis,
985 2243 1161 2300 quem
1193 2227 1376 2282 edidit
1404 2226 1463 2280 P.
1496 2225 1652 2281 Hier.
1685 2225 1792 2280 Pez
1822 2230 1961 2280 tom.
1990 2227 2012 2280 Ι
2124 2228 2914 2302 Mabillonium,etquantum
2935 2232 3124 2288 virum
3146 2233 3257 2290 ?eo
3285 2249 3473 2308 usque
3496 2233 3555 2290 in
3584 2240 3776 2296 trans-

371 2323 581 2395 Script.
613 2323 834 2386 Austr.,
877 2335 934 2390 p.
986 2317 1108 2383 163,
1163 2331 1276 2387 quo
1323 2313 1639 2370 Hermanni
1687 2313 2011 2370 Chronicon

371 2411 588 2485 pariter
603 2409 932 2466 continetur
947 2406 1020 2460 ab
1049 2403 1449 2459 incarnatione
1465 2401 1716 2458 Domini.
1731 2402 1834 2458 Hic
1853 2402 2010 2458 enim

371 2519 506 2557 cum
537 2496 906 2556 Gottwicensi
939 2494 1012 2550 ab
1043 2510 1196 2548 anno
1222 2494 1330 2547 726
1363 2508 1550 2565 usque
1596 2492 1752 2560 1040,
1788 2492 1887 2547 ubi
1918 2491 2011 2547 his

370 2589 696 2646 fusioresse
712 2583 935 2656 incipit,
955 2583 1112 2638 idem
1125 2581 1196 2636 ad
1220 2582 1440 2652 apicem
1462 2585 1570 2648 est,
1593 2579 1848 2653 exceptis
1869 2581 2012 2636 dun-

370 2681 525 2734 taxat
553 2673 1011 2749 particularibus
1042 2670 1419 2742 quibusdam,
1450 2670 1648 2742 Augiae
1678 2673 1735 2725 et
1763 2670 1822 2725 S.
1859 2668 2009 2724 Galli

368 2765 632 2825 cosnobia
659 2761 1081 2836 spectantibus,
1135 2775 1262 2830 qua:
1314 2759 1526 2830 saepius
1574 2759 1791 2814 omittit
1821 2757 2008 2814 Melli-

368 2855 582 2922 censis,
595 2867 916 2923 eorumque
930 2849 1054 2906 loco
1068 2846 1341 2920 specialia
1351 2847 1616 2919 quaedam
1629 2847 2010 2903 Austriaesuaa

367 2949 534 3018 gesta
545 2940 859 3008 interserit,
875 2937 1033 2995 salvo
1048 2935 1282 2992 interim
1295 2940 1566 2992 manente
1583 2935 1808 3007 reliquo
1825 2939 2004 2991 textu.

367 3039 446 3092 De
462 3031 643 3090 altero
658 3028 976 3086 Gottwicen
985 3026 1032 3082 si
1055 3025 1271 3091 codice,
1287 3022 1388 3095 qui
1405 3022 1758 3080 Bernoldum
1785 3025 1998 3080 auctio-

369 3111 493 3178 rem
525 3117 950 3192 complectitur,
983 3113 1208 3170 dicetur
1245 3111 1410 3168 alias.

435 3208 584 3266 XIII.
616 3207 768 3264 Dum
793 3221 925 3261 vero
957 3201 1171 3270 cuncti,
1205 3217 1354 3273 quos
1379 3201 1682 3274 hucusque
1712 3201 2004 3258 recensui-

2119 2333 2353 2372 versum
2385 2317 2522 2390 egit,
2548 2323 2612 2373 ut
2641 2324 2782 2374 tom.
2831 2320 2907 2374 IV
2956 2320 3167 2378 Annal.
3217 2322 3456 2392 Bened.,
3507 2339 3591 2396 p..
3646 2325 3774 2393 279,

2119 2405 2316 2463 nescio
2347 2407 2504 2478 quod
2536 2407 2802 2480 ignotum
2829 2409 3253 2467 monasterium
3274 2411 3484 2471 exinde
3513 2415 3781 2486 conjece-

2120 2493 2214 2560 rit,
2238 2495 2410 2566 cujus
2432 2495 2710 2552 memoria
2738 2497 2865 2568 jam
2896 2499 3192 2554 exciderit.
3226 2499 3341 2556 Nec
3373 2499 3556 2560 semel
3616 2501 3780 2559 idem

2117 2588 2419 2654 peceatum
2444 2599 2715 2656 peccasse
2759 2591 3096 2654 contentus,
3153 2588 3223 2644 ad
3279 2604 3374 2644 an.
3433 2589 3600 2656 1021,
3653 2589 3784 2646 loco

2117 2671 2385 2742 Hiltegart
2410 2673 2776 2746 Buochaugiae
2796 2673 3070 2731 abbatissa
3091 2677 3354 2748 efﬁcitur,
3405 2679 3567 2755 quod
3597 2677 3788 2736 habet

2114 2760 2446 2831 Augiensis,
2481 2778 2684 2818 rursus
2715 2779 2914 2820 crassa
2937 2764 3294 2838 negligentia
3311 2765 3476 2838 ponit
3496 2769 3792 2842 Hiltigart

2116 2848 2450 2920 Buchaugiae
2476 2850 2645 2906 abbas
2672 2851 3144 2922 e/ﬁcitur.Plures
3175 2855 3464 2924 ejusmodi
3497 2855 3668 2912 haud
3694 2863 3782 2914 to-

2117 2927 2875 3013 lerandierroresnotantug
2893 2941 3042 2997 infra
3064 2946 3093 3012 §
3117 2941 3216 3011 III,
3239 2960 3304 3000 n.
3335 2943 3539 3017 49,qui
3561 2949 3780 3003 tamen

2115 3041 2318 3080 omnes
2349 3042 2382 3081 a
2415 3026 2726 3087 lectoribus
2755 3028 2920 3084 facile
2949 3030 3477 3103 deprehendantur.
3507 3035 3795 3094 Accessit

2116 3113 2186 3168 ad
2219 3131 2478 3170 errorum
2497 3119 2552 3170 et
2580 3115 2940 3188 deceptionis
2961 3118 3289 3187 cumulum,
3307 3121 3464 3193 quod
3495 3121 3796 3182 Canisius

2113 3203 2372 3258 codicem
2405 3203 2846 3270 suum,aliunde
2877 3211 2968 3263 sat
2997 3207 3402 3279 depravatum,
3435 3204 3790 3281 majoribus

365 3315 522 3368 mus,
542 3294 858 3354 Hermanni
877 3292 1106 3348 codices
1127 3296 1247 3346 tam
1262 3293 1396 3362 apte
1421 3307 1536 3346 non
1554 3290 1613 3346 in
1635 3290 2005 3363 generalibus
2034 3274 2080 3342 C
2117 3291 2309 3347 adhuc
2338 3309 2374 3350 a
2403 3309 2464 3349 se
2493 3293 2723 3364 mendis
2745 3311 3076 3366 respersum
3107 3296 3512 3369 vulgaverit,et
3544 3299 3642 3356 sic
3658 3317 3798 3358 ma-

361 3388 556 3457 modo,
589 3385 690 3442 sed
719 3382 804 3439 vel
835 3381 1088 3438 maxime
1119 3379 1178 3434 in
1228 3377 1680 3452 particuralibus
1711 3380 1998 3436 Constan-
2105 3381 2254 3452 joris
2269 3381 2505 3452 quidem
2524 3381 3170 3447 molis,minoristamen
3196 3385 3326 3442 fidei
3354 3385 3793 3446 Hermannum

359 3475 567 3534 tiensis
588 3475 904 3531 diceeeseos
934 3470 1110 3526 rebus
1139 3466 1486 3524 enarrandis
1515 3467 1668 3523 inter
1698 3484 1827 3524 sese
1865 3486 2000 3524 con-

367 3565 652 3628 sentiunt,
683 3560 922 3616 omnino
951 3558 1013 3612 in
1043 3557 1245 3612 eadem
1277 3573 1510 3629 quoque
1531 3555 1763 3612 diceeesi
1783 3558 2004 3613 exarati

364 3653 656 3719 videntur,
679 3653 738 3706 et
757 3647 1016 3720 quidem,
1038 3650 1106 3700 ut
1122 3645 1326 3715 exjam
1347 3645 1518 3700 dictis
1539 3645 1692 3700 haud
1714 3646 2002 3703 immerito
2031 3691 2039 3699 .

363 3739 730 3811 conjicimus,
754 3735 814 3792 in
837 3738 1035 3790 nostro
1061 3734 1121 3788 Ι).
1144 3731 1320 3788 Blasii
1336 3737 1710 3801 monasterio,
1735 3739 1792 3790 et
1817 3751 1850 3789 a
1871 3734 2001 3807 plu-

361 3831 528 3886 ribus
555 3825 1180 3899 scriptoribus,agmen
1211 3824 1404 3877 tamen
1432 3821 1678 3878 ducente
1703 3823 2000 3890 Bernoldo,

360 3917 676 3976 chronicon
698 3911 1014 3971 Hermanni
1033 3912 1091 3966 in
1115 3909 1527 3982 compendium
1541 3911 1832 3982 quoddam
1849 3913 1999 3968 redi-

358 4011 548 4082 gente,
582 4005 738 4078 quod
771 4003 904 4059 dein
958 4005 1059 4057 aut
1107 3999 1295 4071 magis
1345 3998 1537 4054 adhuc
1564 4003 1997 4069 contraxerunt,

359 4101 463 4152 aut
491 4113 558 4152 ex
579 4094 711 4151 aliis
735 4091 1026 4149 chronicis
1057 4087 1191 4162 plus
1216 4087 1412 4142 minus
1433 4087 1879 4160 interpolarunt,
1899 4096 2001 4146 aut

360 4188 535 4261 prout
563 4199 598 4240 a
625 4181 908 4244 Bernoldo
938 4182 1302 4233 contractum
1347 4180 1495 4244 erat,
1540 4175 1994 4248 descripserunt.

360 4278 436 4328 Eo
479 4272 635 4329 enim
685 4274 944 4342 tempore
989 4264 1391 4323 describendis
1433 4263 1600 4322 libris
1648 4271 1705 4322 et
1746 4269 1999 4326 maxime

357 4359 650 4418 chronicis
681 4358 853 4416 unice
874 4357 990 4412 fere
1019 4355 1302 4411 vacabant
1323 4353 1614 4422 monachi,
1641 4354 1798 4412 unde
1817 4356 1996 4414 etiam

359 4454 525 4506 tanta
552 4446 980 4511 chronicorum,
1011 4461 1046 4500 a
1074 4441 1378 4498 monachis
1402 4442 1749 4516 plerumque
1769 4447 1998 4502 concin-

358 4543 653 4604 natorum,
680 4537 929 4608 farrago.
949 4535 1029 4590 Ex
1047 4533 1153 4589 hac
1175 4534 1293 4605 jam
1315 4532 1598 4588 litteraria
1616 4550 1766 4608 penu
1787 4535 1997 4592 fratres

2113 3469 2236 3526 orbi
2267 3469 2548 3526 litterario
2579 3471 2916 3528 obtruserit.

2181 3558 2295 3614 XV.
2329 3557 2522 3614 Codici
2552 3560 2910 3630 Augustano,
2936 3557 3334 3634 sisphalmata
3349 3564 3797 3636 excipias,ma-

2110 3649 2200 3722 gis
2214 3664 2388 3720 quam
2404 3647 2626 3702 caeteris
2646 3648 2998 3706 editionibus
3019 3651 3288 3706 convenit
3303 3653 3806 3725 antiquissimus

2110 3737 2288 3791 codex
2323 3736 2967 3794 San-Emmeramensis
3022 3739 3364 3811 principalis
3422 3741 3802 3801 Ratisbome

2111 3825 2470 3895 monasterii,
2503 3823 2716 3880 saeculo
2737 3843 2792 3880 xr
2815 3825 2969 3882 haud
2994 3827 3092 3882 diu
3117 3833 3248 3900 post
3264 3829 3594 3886 Hermanni
3625 3837 3808 3890 tem-

2109 3930 2250 3986 pora
2281 3913 2534 3984 scriptus
2563 3913 2803 3982 ibidem,
2837 3917 2902 3970 ut
2933 3919 3091 3988 patet
3107 3932 3176 3972 ex
3204 3916 3278 3972 iis
3309 3934 3434 3988 quae
3455 3919 3532 3975 de
3564 3920 3643 3978 S.
3663 3922 3816 3979 Em-

2109 4018 2366 4057 meramo
2397 4007 2454 4056 et
2484 4001 2801 4058 Ratisbona
2829 4009 3160 4070 occurrunt,
3193 4005 3430 4062 omissis
3479 4023 3810 4066 nonnun-

2107 4107 2282 4162 quam
2305 4088 2419 4145 illis
2441 4106 2566 4162 quae
2589 4091 3089 4148 Constantiensem
3119 4093 3435 4150 Hermanni
3451 4095 3817 4156 diceeesim

2107 4182 2486 4234 concernunt.
2522 4178 2760 4235 Orditur
2779 4184 2973 4236 autern
3003 4179 3076 4237 ab
3107 4198 3260 4238 anno
3288 4183 3486 4249 378,ut
3519 4184 3818 4246 Urstisii

2107 4267 2638 4339 San-Georgianus,
2669 4272 2726 4323 et
2755 4269 2830 4324 ad
2851 4285 3072 4325 annum
3107 4271 3240 4327 105i
3263 4270 3499 4329 desinit.
3551 4265 3560 4269 ’

2177 4356 2321 4410 XVI.
2353 4356 2434 4411 Ex
2459 4357 2661 4412 eodem
2692 4373 2807 4429 quo
2845 4359 3224 4430 Augustanus
3271 4359 3431 4416 fonte
3475 4363 3826 4438 Augiensi

2107 4444 2380 4517 profluxit
2409 4445 2586 4501 etiam
2606 4445 2991 4504 Einsidlensis
3013 4447 3522 4516 codex,mediante
3543 4456 3824 4514 saeculo

2103 4551 2196 4590 XIV
2226 4534 2284 4588 in
2307 4532 2638 4590 Fabariensi
2661 4535 3014 4592 monasterio
3047 4533 3506 4610 scriptus,prout
3535 4539 3623 4598 in
3658 4544 3823 4617 ejus

357 4629 430 4686 ad
462 4630 657 4684 extera
701 4620 1055 4682 monasteria
1104 4621 1467 4676 instituenda
1511 4621 1741 4676 dimissi
1795 4628 1999 4695 praeter
2027 4639 2074 4704 ι)
2103 4624 2290 4679 fronte
2313 4620 2430 4678 alia
2461 4638 2640 4678 manu
2659 4625 2948 4693 .notatur;
2981 4625 3152 4680 Istum
3181 4625 3390 4681 librum
3407 4626 3540 4696 ﬁeri
3555 4647 3830 4702 proca-

359 4721 563 4774 Cretera
591 4712 922 4771 necessaria
949 4711 1248 4768 codicibus
1279 4725 1514 4782 quoque
1532 4707 1994 4784 instruebantur,

360 4819 508 4876 quos
529 4818 726 4859 secum
745 4801 816 4858 ad
839 4817 1018 4856 novas
1038 4799 1184 4854 istas
1207 4796 1466 4852 colonias
1479 4795 1832 4854 detulerunt.
1854 4802 1998 4867 Qua-

358 4892 443 4948 les
468 4907 602 4947 cum
622 4908 654 4946 e
675 4890 740 4946 D.
765 4888 954 4946 Blasio
978 4887 1192 4944 fuerint
1211 4885 1487 4958 praedicta
1506 4887 1876 4954 monasteria,
1901 4905 1994 4946 co-

359 4981 518 5036 dices
546 4995 777 5052 quoque
797 4977 932 5034 illos
961 4976 1168 5032 exinde
1199 4973 1492 5046 accepisse
1526 4976 1815 5032 censenda
1836 4983 1994 5050 sunt,

359 5067 613 5125 maxime
642 5068 795 5140 quod
817 5082 1022 5122 omnes
1044 5068 1270 5118 aetatem
1295 5063 1729 5135 prmferantqua
1749 5063 1849 5120 illa
1867 5065 1996 5121 fun-

359 5158 664 5214 datasunt.
693 5156 831 5212 Inde
854 5156 1072 5210 factum
1097 5158 1162 5206 ut
1192 5152 1347 5222 quod
1371 5155 1553 5206 mater
1572 5153 1826 5208 sinistris
1850 5161 1996 5209 tem-

357 5263 568 5320 porum
606 5245 742 5302 fatis
773 5241 1109 5314 crebrisque
1139 5237 1426 5294 incendiis
1452 5239 1721 5311 perdidit,
1742 5239 1994 5298 ﬁliarum

356 5333 652 5391 industria
681 5334 1074 5398 conservaret,
1107 5344 1173 5384 ac
1203 5325 1564 5400 postliminio
1581 5327 1768 5384 eidem
1787 5328 1996 5387 libera-

358 5423 492 5478 liter
520 5419 998 5479 communicaret.

431 5510 572 5568 XIV.
592 5507 937 5566 Domesticis
961 5507 1120 5562 hisce
1136 5504 1435 5562 codicibus
1455 5508 1512 5560 et
1533 5504 1806 5564 brevibus
1827 5509 1997 5580 quasi

359 5597 674 5658 Hermanni
700 5593 1062 5669 compendiis
1095 5592 1356 5650 succedit
1375 5595 1756 5665 Augustanus
1794 5594 1998 5668 fusior,

361 5704 534 5774 quem
564 5685 678 5748 sibi
707 5683 1102 5760 evulgandum
1131 5681 1390 5760 sumpsit
1417 5679 1710 5744 Canisius.
1745 5681 2001 5762 Papyra.

2104 4713 2248 4768 ravit
2277 4713 2838 4782 Hermannus,genere
2861 4712 2926 4768 de
2947 4713 3185 4770 Arbona.
3215 4714 3382 4770 abbas
3409 4715 3610 4790 hujus
3686 4740 3838 4784 πιο-

2103 4801 2340 4857 nasterii
2364 4801 2733 4869 Fabariensis,
2766 4817 2913 4856 anno
2945 4802 3165 4857 Domini
3202 4803 3502 4860 millesimo
3576 4816 3844 4869 trecen-

2105 4891 2294 4946 tesimo
2305 4891 2403 4961 qui
2405 4891 2755 4962 nonagesimo
2767 4893 2922 4945 sexto
2933 4892 3198 4964 scriptum
3228 4893 3288 4948 in
3317 4892 3506 4958 eodem
3540 4913 3842 4958 manus-

2103 4977 2632 5034 terio.Hermannus
2645 4976 2739 5032 hic
2753 4993 2822 5032 ex
2838 4978 3044 5034 Eremo
3061 4979 3242 5036 abbas
3257 4996 3292 5036 a
3306 4981 3850 5048 Faba‘riensibus

2103 5063 2435 5138 postulatus
2449 5107 2466 5135 ,
2483 5065 2741 5122 codicem
2757 5066 3134 5138 Augiensem,
3167 5067 3270 5140 qui
3295 5069 3852 5140 tunc,incertum

2104 5171 2218 5226 quo
2253 5155 2390 5223 fato,
2424 5154 2578 5226 apud
2613 5153 3016 5211 Einsidlenses
3038 5161 3180 5226 erat,
3209 5157 3732 5225 describendum
3763 5171 3857 5226 ab

2105 5242 2220 5300 illis
2233 5242 2490 5315 expetiit,
2511 5243 2728 5316 quibus
2746 5241 2877 5300 dein
2891 5246 3331 5318 transumptum
3352 5254 3860 5328 apographum

2105 5331 2351 5400 remisit,
2393 5330 2590 5387 codice
2613 5329 2728 5386 sibi
2779 5335 3027 5396 retento,
3083 5333 3170 5388 uti
3201 5334 3422 5396 ibidem
3479 5338 3860 5406 distincta

2105 5420 2437 5476 charactere
2455 5417 2667 5492 legitur
2687 5421 2794 5490 Ego
2810 5422 2991 5492 frater
3009 5421 3300 5480 Heinricus
3327 5423 3393 5481 de
3411 5425 3518 5497 Lig
3527 5432 3724 5497 ritia
3739 5437 3860 5494 hu.

2105 5509 2260 5564 milia
2287 5507 2672 5565 thesaurarius
2687 5511 3014 5566 monasterii
3029 5511 3370 5568 Heremitani
3386 5511 3622 5574 eodem:
3671 5541 3860 5584 unm

2109 5597 2337 5674 (scilicet
2384 5597 2564 5668 1356),
2621 5596 3158 5654 accommodaveram
3211 5599 3387 5658 eidem
3449 5616 3860 5674 venerabili

2109 5686 2293 5746 abbati
2319 5685 2694 5766 (Hermanno)
2713 5687 2996 5763 exemplar
3016 5688 3175 5750 istius
3195 5689 3332 5750 libri
3355 5689 3428 5752 ad
3455 5703 3860 5768 νθοσνῑιιση.
