3940 6362
153 408 213 487 ii
962 452 965 455 -
1042 426 1565 494 DISSER'I‘A'I‘IO
1607 430 1709 490 DE
1753 430 2164 492 HERMANNI
2212 427 2632 493 euaomco.
3444 432 3525 494 42

155 559 349 625 dum”
369 561 609 618 retinuit
636 561 748 635 ipse
776 563 1197 619 vetustissimum
1220 572 1468 619 nostrum
1497 563 1785 629 tibrum,et
1813 566 1871 632 χ
1895 561 2050 618 sium
2080 561 2254 619 sentit
2289 579 2301 618 :
2335 564 2549 636 partim
2577 563 2824 637 denique
2866 567 2924 620 et
2963 562 3337 637 potissimum
3370 562 3527 638 quod

153 648 286 725 dedit
314 649 475 705 nobis
507 651 675 706 istum
714 660 934 707 novum.
986 653 1101 707 Nec
1149 652 1246 707 diu
1299 656 1493 707 tamen
1542 651 1791 707 Fabaris:

154 736 378 813 busisse
409 737 649 809 videtur
664 737 975 810 Aegiensis
993 740 1189 803 codex,
1215 741 1339 809 jam
1364 743 1487 794 tum
1519 738 1792 794 vetustis-

153 826 332 881 siuius
359 824 631 892 habitus,
662 826 735 882 ad
768 824 961 882 locum
984 826 1229 900 originis
1254 844 1371 882 suae
1391 828 1671 897 fortejam
1695 844 1790 883 an.

154 912 271 969 1361
306 929 604 985 reversus,
623 930 739 987 quo
773 914 1029 971 flammis
1062 916 1236 990 periit
1272 915 1533 972 Fabaris.
1564 919 1711 971 Ante
1734 917 1795 971 ii-

151 1010 272 1057 nem
294 999 511 1058 saltem
532 998 735 1058 secuti
754 1012 853 1057 xiv
861 1002 991 1073 jam
1010 1003 1205 1075 Augize
1232 1003 1413 1059 fuisse
1430 1004 1791 1071 restitutum,

150 1094 489 1162 argumento
500 1094 640 1165 sunt
661 1089 1136 1163 interpolationes
1151 1091 1222 1147 ab
1240 1107 1304 1146 eo
1317 1097 1579 1163 tempore
1594 1092 1793 1164 Augize

149 1179 201 1234 in
230 1178 428 1235 codice
460 1176 563 1235 illo
594 1179 913 1251 factaque:
934 1194 1050 1235 nor.
1072 1179 1366 1235 habentur
1385 1180 1444 1234 in
1466 1180 1790 1235 Einsidlen-

150 1267 197 1322 si
216 1264 472 1323 ωυυιυ
492 1273 749 1332 aurato,
765 1269 910 1326 bene
930 1282 1063 1324 vero
1085 1268 1141 1322 in
1166 1269 1629 1340 Auguslano,qui
1651 1269 1792 1323 adeo

151 1354 495 1413 Eiusidteuei
526 1355 814 1428 posterior
842 1360 950 1412 est.
984 1355 1101 1421 Sic,
1142 1356 1387 1428 exempli
1417 1356 1623 1427 gratia,
1658 1362 1794 1413 ante

150 1458 365 1499 mum
391 1443 502 1498 882
531 1444 590 1498 in
619 1444 909 1515 superiori
941 1444 1208 1516 margine
1237 1461 1417 1499 vacuo
1446 1444 1566 1498 haec
1596 1449 1794 1500 notata

150 1532 373 1589 suntin
396 1530 672 1605 Augionsi
727 1549 745 1588 :
788 1533 939 1588 Nota
987 1549 1001 1588 :
1052 1533 1371 1588 Burkardus
1416 1535 1693 1604 epz'smpus
1729 1533 1795 1588 de

148 1621 349 1679 Hm
406 1621 522 1691 fuit
563 1619 903 1677 introductus
974 1620 1343 1677 Constantiam
1400 1624 1598 1693 quarta
1651 1623 1794 1691 feria

147 1710 269 1765 alia
325 1710 772 1780 dumme
842 1709 1019 1766 beatae
1078 1710 1310 1779 Virginis
1364 1725 1509 1765 anno
1574 1709 1790 1780 [M000]

147 1796 426 1854 ιωνιιι
450 1798 520 1853 ab
552 1800 935 1855 incarnatione
967 1798 1227 1861 Domini;
1272 1808 1323 1853 et
1369 1807 1496 1853 ante
1534 1800 1793 1868 proxima

146 1887 302 1942 tertia
347 1887 498 1957 feria
549 1886 863 1956 conferebat
913 1887 1056 1941 mihi
1109 1888 1367 1941 Heinrico
1414 1891 1613 1941 Leman
1669 1891 1787 1941 et...

146 1975 380 2032 Iohanni
407 1975 608 2045 Caper
638 1975 815 2030 Ulrico
845 1975 1025 2044 foeda,
1059 1989 1184 2044 qua?
1210 1975 1371 2042 vulgo
1400 1974 1663 2029 dicuntur
1690 1976 1791 2030 des

146 2062 463 2119 Missi
502 2060 725 2118 labem:
758 2070 812 2117 et
845 2066 1004 2133 pater
1030 2072 1212 2117 noster
1258 2065 1540 2118 Heinrirus
1587 2065 1790 2119 Leman

144 2154 250 2224 piae
292 2152 577 2208 memoria:
623 2150 960 2206 moriebatur
1006 2150 1292 2207 LXXXVII!
1335 2154 1391 2206 in
1430 2153 1664 2221 jejunio,
1696 2153 1793 2206 ubi

145 2243 401 2296 malum
421 2236 723 2304 ﬁnientes,
755 2239 855 2309 qui
881 2240 1014 2293 emit
1037 2239 1305 2310 praedicta
1334 2240 1490 2309 [coda
1508 2256 1608 2310 pro
1635 2242 1789 2295 Will-

146 2331 318 2386 λείπω
346 2327 584 2389 ϐοῶσαι
609 2326 741 2383 Atia
761 2327 955 2382 adhuc
987 2328 1044 2381 in
1076 2328 1274 2383 vacuis
1301 2345 1587 2383 annorum
1612 2330 1715 2381 988
1737 2334 1793 2383 et

147 2417 483 2491 seq.spatiis
512 2417 589 2472 ab
608 2416 813 2473 eadem
842 2432 1018 2471 manu
1041 2418 1309 2489 apposita
1326 2419 1654 2472 continetur
1672 2417 1791 2472 haec

145 2509 311 2574 Νοω.
354 2505 501 2579 quod
548 2504 767 2576 [11866]
817 2505 1095 2565 LXXXVIII
1147 2508 1257 2575 fuit
1310 2505 1465 2561 valde
1518 2506 1793 2561 mirabilis

146 2596 209 2655 ab
233 2596 625 2659 Wim
644 2594 887 2655 Demini.
917 2595 1328 2651 InAlmnannia
1350 2597 1571 2664 fuerunt
1606 2595 1794 2649 multa:

147 2688 305 2749 rica.
360 2686 558 2741 Primo
614 2684 755 2751 biga
812 2685 985 2739 ινααηί
1041 2682 1111 2737 ad
1170 2684 1479 2745 Bovarium,
1524 2683 1792 2737 destruxit

149 2776 224 2837 ibi
246 2774 457 2837 multa
483 2772 667 2831 uillas.
703 2771 946 2831 Socunda
978 2770 1045 2826 de
1080 2772 1430 2839 IVirtemberg
1459 2772 1649 2825 habuit
1678 2772 1792 2826 bel-

145 2865 413 2925 lumeum
441 2862 607 2931 Liga.
637 2859 835 2923 Eodem
861 2876 1008 2916 anno
1050 2859 1156 2915 duo
1198 2862 1367 2915 etiam
1412 2860 1569 2913 duces
1617 2862 1788 2915 Bava-

146 2954 245 3011 ria
269 2952 569 3011 Dminica
593 2949 685 3009 die
705 2952 837 3009 ad?
877 2949 1263 3009 Βοτυιοιοηιεεί
1293 2949 1523 3018 apostoli
1549 2957 1600 3004 et
1628 2951 1790 3003 victo-

696 3040 751 3095 ιι
796 3036 863 3095 de
908 3038 1040 3107 Liga
1085 3038 1249 3093 occisi
1292 3041 1516 3107 [uerunt
1560 3041 1793 3107 quatuor

142 3130 321 3189 millia
348 3129 658 3187 hostium.
693 3127 769 3187 De
800 3124 1116 3187 Constantia
1144 3128 1315 3180 evasit
1344 3142 1507 3191 unus,
1550 3125 1614 3180 de
1653 3128 1790 3180 Lin-

145 3219 337 3290 dugia
370 3217 590 3283 ullum,
619 3215 687 3273 de
716 3214 772 3273 8.
808 3214 960 3271 Gallo
986 3228 1149 3279 unus,
1182 3214 1248 3269 de
1289 3215 1509 3269 Basilea
1545 3215 1669 3269 duo.
1716 3218 1788 3269 Et

1899 652 2281 723 descriptores
2310 654 2484 707 variis
2515 652 2573 707 in
2603 653 2745 709 locis
2765 652 3094 721 existentes,
3111 651 3276 711 factis
3292 667 3531 726 genera-

1898 739 2073 804 libus,
2125 744 2226 795 aut
2257 757 2387 812 quae
2416 741 2526 795 sibi
2559 740 2747 812 magis
2778 740 3133 808 arridebant,
3162 739 3404 799 retentis
3434 741 3539 795 aut

1899 828 2208 883 contractis
2262 832 2320 883 et
2378 827 2615 885 omissis
2661 827 3136 901 particularibus,
3176 826 3367 885 aliena
3410 825 3539 883 lues.

1899 932 2002 969 seu
2028 916 2290 988 regiones
2321 916 2741 987 spectantibus,
2773 932 2975 972 eorum
3005 915 3132 975 loco
3181 914 3540 975 inseruerint

1898 1003 1998 1057 illa
2024 1020 2153 1075 qua:
2179 1004 2488 1076 provinciis
2513 1005 2611 1059 ubi
2631 1005 2963 1060 scribebant
2991 1004 3181 1077 magis
3207 1002 3444 1085 propria
3460 1000 3540 1059 vi-

1899 1092 2218 1158 debantur;
2251 1091 2421 1161 cujus
2454 1093 2533 1147 rei
2564 1091 2894 1165 exemplum
2917 1092 3004 1148 vel
3026 1092 3189 1151 solus
3214 1090 3538 1149 Bernoldus

1901 1197 2033 1235 cum
2065 1180 2394 1236 Hcrmanno
2437 1181 2683 1237 collatus
2725 1179 3264 1238 luCulentissimum
3296 1180 3534 1255 praebet.

1898 1270 2084 1339 Atque
2115 1268 2251 1323 hinc
2283 1270 2423 1323 dum
2451 1268 2546 1324 alii
2580 1268 2664 1325 vel
2687 1287 2755 1326 ex
2776 1271 3010 1343 propria
3029 1270 3234 1326 notitia
3251 1262 3537 1328 nonnulla

1901 1358 2024 1411 suis
2075 1357 2506 1425 exemplaribus
2554 1362 2968 1430 apposuerunt,
2999 1358 3087 1413 vel
3136 1362 3201 1415 ut
3247 1357 3533 1431 scriptum

1900 1462 2073 1500 suum
2100 1451 2473 1516 augerent,ex
2502 1447 2861 1501 diversorum
2890 1444 3177 1502 chronicis
3208 1445 3375 1519 plura
3403 1445 3535 1503 ado-

1901 1536 2161 1604 ptarunt,
2212 1550 2359 1589 nova
2385 1535 2555 1606 quasi
2603 1533 2934 1607 compilatio
2982 1534 3257 1590 chronica
3284 1531 3535 1607 prodire,

1902 1622 2122 1689 debuit,
2146 1622 2247 1677 uni
2277 1627 2472 1678 tamen
2503 1624 2811 1697 eidemque
2835 1637 2985 1695 smpe
3017 1621 3241 1678 auctori
3266 1621 3543 1697 ascripta,

1903 1715 1967 1766 ut
1999 1728 2177 1783 supra
2205 1711 2264 1765 in
2296 1711 2551 1767 Murensi
2575 1712 2770 1767 codice
2798 1711 3254 1769 observavimus.

1972 1802 2193 1855 Auxere
2210 1800 2430 1855 malum
2450 1804 2504 1854 et
2520 1799 2922 1855 confusionem
2936 1797 3315 1867 editores,aut
3330 1797 3551 1874 saepius

1902 1888 2417 1959 amanuenses,qui
2438 1904 2797 1961 quaecunque
2818 1887 2878 1943 in
2902 1887 3028 1945 suis
3045 1886 3347 1943 codicibus
3366 1886 3545 1947 unde-

1901 1993 2130 2048 cunque
2159 1977 2395 2032 demum
2428 1981 2627 2032 assuta
2656 1976 2943 2048 legebant,
2977 1980 3145 2033 notas
3173 1975 3348 2033 etiam
3388 1988 3542 2034 mar-

1898 2064 2141 2136 ginales,
2173 2070 2228 2121 et
2257 2081 2635 2137 quascunque
2678 2063 3174 2137 interpolationes,
3208 2080 3275 2121 ac
3294 2063 3344 2120 si
3364 2061 3540 2137 primi

1900 2154 2154 2208 auctoris
2213 2154 2398 2207 forent
2449 2154 2616 2222 cujus
2661 2169 2873 2208 nomen
2922 2153 3320 2229 praeferebant,
3376 2148 3541 2207 nullo

1900 2245 2001 2295 aut
2030 2258 2203 2311 parvo
2224 2241 2420 2296 habito
2444 2239 2860 2308 delectu,nulla
2879 2241 3139 2297 adhibita
3163 2239 3360 2298 sobria
3379 2239 3535 2316 crisi,

1901 2329 2010 2383 sub
2043 2330 2170 2399 ejus
2202 2328 2435 2384 nomine
2464 2329 2796 2401 vulgarunt,
2828 2329 2899 2384 de
2947 2328 3097 2385 mole
3136 2329 3331 2402 potius
3360 2340 3539 2401 quam

1900 2418 1971 2470 de
1999 2418 2236 2473 veritate
2263 2422 2318 2472 et
2347 2417 2681 2473 sinceritate
2710 2417 2975 2486 solliciti;
3026 2417 3181 2490 quod
3230 2412 3539 2474 sinistrum

1902 2506 2085 2561 fatum
2118 2506 2448 2561 ilermanno
2480 2510 2678 2561 nostro
2722 2506 3009 2580 praecipue
3038 2505 3264 2580 obtigit.
3296 2506 3397 2561 Asl
3446 2502 3542 2568 cui

1901 2595 2139 2649 demum
2172 2595 2323 2649 bono
2355 2594 2474 2649 hmc
2504 2594 2741 2650 omnia?
2769 2594 2989 2668 Nempe
3037 2598 3103 2654 ut
3152 2596 3372 2651 frustra
3398 2590 3541 2651 Her-

1902 2699 2156 2737 mannus
2179 2683 2234 2737 in
2269 2682 2599 2738 Hermanno
2627 2687 3005 2756 quaeratur,et
3041 2684 3544 2757 genuinusaspu-

1902 2771 1985 2825 rio
2009 2770 2260 2826 discerni
2290 2771 2531 2827 minime
2562 2772 3026 2844 possit,ae,quod
3059 2771 3314 2829 historias
3335 2768 3539 2843 patris)

1900 2860 2053 2914 haud
2088 2875 2296 2931 parum
2327 2859 2593 2927 ofﬁcit,in
2609 2860 2803 2916 varios
2822 2875 3045 2916 errores
3060 2859 3418 2917 inducantur
3437 2859 3543 2914 aut

1900 2948 2313 3019 perturbentur
2341 2947 2547 3003 saltem
2580 2948 2943 3022 sagacissimi
2973 2947 3119 3005 alias
3149 2947 3418 3027 ejusdem
3447 2946 3538 3001 in-

1897 3037 2297 3107 vestigatores.
2316 3036 2374 3091 Id
2409 3053 2588 3109 supra
2616 3037 2675 3091 in
2709 3035 3042 3093 Mabillonio
3065 3041 3123 3093 et
3141 3034 3542 3097 Bollandianis

1898 3124 2312 3197 hagiographis
2327 3130 2604 3180 testatum
2617 3124 3194 3199 dedimus,aliudque
3208 3122 3539 3197 exemplum

1899 3214 1957 3268 in
1990 3214 2335 3268 Hartmanni
2367 3214 2691 3269 Annalibus
2721 3214 2912 3271 Eremi
2944 3211 3541 3286 habemus,quem.in-

141 3312 211 3363 est
238 3305 385 3368 illud
419 3305 627 3365 bella»:
654 3305 864 3375 factum
889 3318 1053 3374 penes
1085 3302 1398 3359 liichemvil.
1429 3303 1632 3358 Studio
1663 3302 1784 3357 hinc
1814 3297 1855 3362 C
1896 3301 2307 3373 terpolationes
2347 3304 2667 3357 Canisianaz
2716 3302 2985 3357 editionis
3041 3304 3115 3357 ad
3173 3320 3264 3358 an.
3315 3302 3421 3355 947
3462 3299 3535 3355 de

143 3395 491 3469 appononda
516 3392 879 3459 censuimus,
905 3392 1062 3462 quod
1081 3391 1257 3447 etiam
1290 3390 1509 3447 laciniae
1535 3392 1785 3447 subinde

142 3485 211 3540 ad
238 3482 552 3543 historiam
585 3480 785 3555 patris:
817 3479 1223 3537 illustrandam
1256 3480 1578 3535 conferant.
1610 3481 1782 3534 Caste-

142 3589 269 3629 rum
294 3571 677 3628 Einsidlense
727 3568 883 3623 istud
914 3566 1312 3640 apographum
1343 3567 1403 3622 in
1445 3568 1787 3623 membrana

143 3663 339 3729 ferme.
365 3663 592 3738 quartis
624 3657 986 3731 descriptum
1005 3660 1346 3729 Augustano
1377 3656 1561 3711 multo
1592 3673 1785 3711 emen-

140 3750 331 3811 datius
346 3750 809 3817 estmeo'tamen
825 3746 951 3801 sine
968 3744 1173 3801 erratis
1191 3744 1479 3800 chronicis
1498 3749 1554 3799 et
1566 3744 1787 3801 addita-

140 3833 935 3909 mentisﬂermaunigenuini
949 3837 1173 3889 aetatem
1192 3833 1432 3888 minime
1446 3833 1783 3889 ferentibus.

140 3926 431 4007 Singulari
448 3929 651 3983 autem
668 3939 917 3996 prorsus
935 3923 1051 3978 fato
1072 3922 1285 3977 accidit
1305 3927 1369 3977 ut
1387 3922 1590 3977 eodem
1608 3922 1788 3978 ferme

142 4020 401 4095 tempore
433 4018 711 4089 uterque,
741 4027 919 4087 quem
949 4010 1042 4066 hic
1080 4010 1331 4079 edimus,
1363 4010 1680 4067 Hermanni
1700 4027 1790 4066 co-

141 4104 243 4169 dex
270 4104 351 4165 ad
383 4100 743 4165 Fabariense
765 4097 1188 4155 monasterium
1212 4097 1787 4169 devenerit,Augien-

139 4192 221 4249 sis
239 4191 569 4257 nimirum,
589 4192 657 4247 ut
684 4204 823 4247 mox
862 4185 1140 4255 vidimus,
1173 4190 1230 4242 et
1259 4184 1619 4243 Monacensis
1650 4186 1789 4240 Ber-

140 4280 330 4348 uoldi;
385 4278 549 4354 quod
600 4277 797 4351 ipsum
848 4277 1194 4347 argumento
1240 4278 1330 4330 est
1384 4273 1608 4331 litteras
1644 4273 1790 4330 inibi

138 4369 324 4429 adhuc
357 4366 582 4427 saculo
611 4382 709 4425 xw
738 4363 967 4438 egregie
996 4363 1176 4419 fuisse
1204 4362 1481 4421 excultas.

198 4447 375 4517 XVII.
414 4456 502 4513 Ex
529 4454 625 4513 his
654 4470 826 4531 porro
856 4450 1124 4509 codicum
1156 4451 1570 4513 Hermanniani
1608 4450 1792 4508 Chroc

137 4547 244 4607 uici
276 4543 791 4621 descriptionibus
823 4540 990 4599 facile
1012 4540 1137 4611 jam
1161 4540 1272 4595 erit
1300 4539 1617 4611 dijudicare
1638 4540 1793 4595 unde

1894 3390 2239 3446 Thietlando
2270 3390 2499 3460 abbate,
2532 3395 2590 3445 et
2613 3391 2682 3444 ad
2710 3407 2804 3445 an.
2836 3392 2941 3444 940
2973 3407 2986 3447 :
3021 3378 3311 3459 Gregorius
3341 3386 3394 3444 Π
3415 3389 3531 3443 Pa-

1893 3488 1992 3545 ter,
2025 3483 2155 3545 etc.,
2191 3478 2334 3532 mire
2373 3480 2741 3549 torquebant,
2774 3494 2906 3533 cum
2936 3481 3131 3535 tamen
3161 3478 3220 3533 in
3251 3470 3532 3553 AugienBi

1894 3567 2119 3639 legatur
2150 3583 2163 3620 :
2198 3566 2485 3635 Gregorius
2514 3576 2733 3622 sanctus
2762 3569 2947 3622 Pater.

1962 3656 2073 3710 Sed
2104 3655 2246 3709 satis
2259 3656 2385 3726 jam
2409 3656 2478 3709 de
2500 3656 2669 3711 factis
2698 3655 3002 3728 hucusque
3023 3655 3338 3713 Hermanni
3359 3657 3535 3715 Chro-

1894 3744 2009 3799 nici
2066 3742 2423 3798 editionibus
2481 3760 2643 3815 aeque
2692 3761 2757 3800 ac
2806 3761 2949 3800 mss.
2983 3745 3284 3800 codicibus
3315 3749 3535 3814 actum,

1894 3832 2049 3887 unde
2081 3831 2256 3886 simul
2292 3849 2448 3885 nova:
2474 3831 2746 3889 editionis
2776 3849 2844 3888 ex
2873 3833 3127 3905 genuino
3150 3833 3343 3889 codice
3364 3834 3535 3890 ador-

1896 3920 2103 3975 nandze
2134 3920 2451 3991 necessitas
2482 3924 2659 3992 patet,
2693 3922 2763 3978 de
2800 3938 2916 3992 qua
2953 3922 3079 3993 jam
3128 3920 3395 3994 pluribus
3445 3921 3535 3981 di-

1896 4010 2166 4064 cendum.

2051 4100 2078 4165 §
2112 4098 2130 4151 Ι
2140 4097 2158 4150 I
2168 4098 2208 4151 I.
2241 4129 2309 4136 —
2338 4097 2497 4151 Norae
2524 4096 2778 4153 editionis
2806 4097 3099 4155 consilium
3122 4102 3173 4153 et
3199 4100 3393 4168 fontes.

1969 4185 2165 4241 XVIII.
2195 4185 2297 4240 Hic
2325 4201 2457 4241 vero
2488 4185 2780 4258 imprimis
2810 4185 3008 4241 mirari
3029 4185 3190 4242 subit
3213 4201 3315 4242 cur
3338 4183 3541 4241 nullus

1899 4291 2098 4331 eorum
2114 4273 2211 4346 qui
2227 4274 2624 4330 Hermannum
2639 4275 2749 4329 sibi
2763 4274 3121 4346 vulgandum
3136 4276 3542 4349 sumpserunt;

1900 4364 1970 4418 de
2009 4362 2279 4434 Augiensi
2327 4361 2606 4433 primario
2655 4362 2813 4418 fonte
2860 4361 3147 4434 cogitarit,
3182 4363 3284 4420 sed
3333 4374 3554 4419 omnes.

1906 4450 2183 4507 derivatis
2211 4451 2493 4505 duntaxat
2540 4468 2607 4506 ex
2652 4467 2718 4507 eo
2766 4450 2970 4508 rivulis
3014 4451 3231 4507 iuerint
3260 4449 3539 4517 contenti,

1901 4540 1999 4611 qui
2021 4556 2133 4611 quo
2155 4539 2384 4610 longius
2402 4556 2434 4593 a
2454 4557 2561 4595 sua
2577 4539 2930 4613 scaturigine
2952 4541 3167 4596 abeunt
3195 4555 3263 4597 eo
3283 4538 3543 4612 amplius

135 4639 293 4707 tanta
322 4634 395 4695 in
425 4633 606 4691 editis
634 4630 946 4689 diversitas
991 4644 1161 4684 suam
1210 4628 1450 4683 traxerit
1485 4627 1790 4701 originem,
1828 4662 1871 4726 Β
1906 4628 2095 4683 alieno
2127 4644 2308 4699 eoque
2339 4628 2584 4683 subinde
2612 4628 2899 4684 lutulento
2930 4629 3147 4684 afﬂuxu
3176 4630 3541 4689 excrescunt.

134 4740 199 4783 ex
225 4742 357 4787 una
382 4735 604 4795 nempe
632 4719 928 4787 codicum,
962 4717 1179 4791 quibus
1211 4716 1302 4773 usi
1341 4721 1480 4772 sunt
1524 4718 1796 4783 editores,

132 4814 440 4869 varietate.
467 4814 635 4866 Hauc
666 4824 800 4865 vero
825 4805 1071 4862 diversis
1100 4822 1169 4860 ex
1196 4804 1393 4862 causis
1424 4806 1796 4876 repetendam

134 4902 535 4961 arbitramur:
556 4896 772 4972 partim
802 4911 872 4952 ex
904 4894 1153 4950 nimium
1182 4893 1525 4966 scrupulosa
1554 4894 1799 4966 scripto-

134 5005 271 5051 rum-
291 4978 641 5069 diligentia,
676 5001 799 5059 qua
824 4983 1094 5056 permoti,
1124 4999 1250 5055 quis
1282 4982 1444 5054 prius
1472 4988 1797 5049 exararant,

130 5076 447 5139 idemitem
483 5079 804 5132 retractare
845 5076 903 5129 et
949 5070 1348 5127 emendatiora
1376 5072 1563 5142 magis
1585 5071 1799 5144 magis-

129 5182 236 5238 que
269 5166 551 5223 reddere
567 5161 993 5241 dilaborarunt,
1018 5159 1183 5231 quod
1228 5158 1428 5214 Oefelii
1468 5163 1525 5214 et
1574 5159 1801 5216 Urstisii

129 5255 194 5311 de
219 5251 520 5317 Bernoldi
552 5248 1060 5320 codicejudicium
1090 5251 1199 5315 est,
1230 5247 1493 5319 quoipso
1514 5247 1707 5319 priora
1735 5265 1803 5303 ex

129 5343 195 5399 iis
227 5339 599 5417 apOgrapha
626 5353 667 5393 a'
692 5336 1118 5413 poeterioribus
1144 5340 1200 5391 et
1222 5335 1345 5407 ipso
1368 5335 1524 5391 fonte
1538 5335 1661 5407 jam
1682 5352 1803 5392 cor-

129 5436 288 5489 recta
320 5430 675 5501 discrepare
704 5424 1068 5497 debuerunt;
1121 5423 1335 5498 partim
1382 5423 1535 5494 quod
1590 5423 1802 5479 eruditi

128 5519 222 5592 qui
256 5516 578 5577 chronicis
609 5512 704 5570 his
734 5511 1147 5580 utebantur,sd
1176 5510 1477 5583 proprium
1510 5528 1687 5567 usum
1714 5513 1802 5568 vel

126 5606 392 5664 aliorum
420 5603 696 5662 notitiam
721 5600 891 5675 plura
910 5599 1027 5655 illis
1055 5598 1375 5670 adjecerint
1403 5603 1505 5655 aut
1527 5600 1802 5657 immuta-

129 5686 279 5769 rint;
314 5693 491 5771 quod
524 5689 857 5764 Basnagius
874 5689 952 5746 'in
975 5686 1311 5763 praefatione
1332 5688 1402 5745 ad
1425 5703 1599 5747 suum
1629 5689 1799 5747 Cani-

466 5821 740 5884 ΡΑτιοι.
784 5814 1041 5882 CXLIII.

1909 4716 2140 4772 Primus
2172 4716 2281 4771 hac
2309 4716 2368 4771 in
2401 4733 2461 4771 re
2490 4717 2853 4773 eruditorum
2900 4718 3071 4785 votis,
3102 4732 3207 4790 pro
3253 4716 3545 4774 indefesso

1906 4822 2012 4861 suo
2042 4805 2100 4859 in
2134 4804 2382 4876 patriam
2415 4806 2717 4861 historiam
2762 4806 2976 4873 studio,
3008 4807 3233 4862 deferre
3261 4806 3320 4861 in
3352 4821 3414 4861 se
3444 4817 3543 4860 su-

1908 4893 2092 4964 scepit
2122 4893 2400 4948 cl.P.Mau
2411 4893 2575 4948 ritius
2597 4894 2717 4949 Van
2743 4896 2847 4949 der
2867 4895 3022 4950 Meer
3036 4894 3107 4950 de
3129 4893 3547 4959 Hochenbaum

1912 4981 2377 5052 Rhenaugiensis
2400 4984 2736 5038 monasterii
2761 4982 3082 5055 polyhistor
3102 4982 3547 5050 solertissimes,

1908 5070 2008 5140 qui
2041 5069 2210 5141 plura
2246 5070 2373 5139 jam
2406 5086 2540 5124 eum
2590 5071 2647 5125 in
2692 5071 2868 5127 tinem
2916 5071 3183 5127 subsidia
3223 5072 3547 5143 paraverat.

1909 5163 2050 5213 Cum
2079 5163 2273 5212 autem
2305 5175 2338 5212 a
2368 5158 2637 5230 pluribus
2672 5160 2793 5229 jam
2824 5160 2997 5215 annis
3023 5160 3084 5215 in
3117 5176 3184 5216 eo
3215 5162 3369 5223 esset
3410 5158 3547 5216 ceis.

1914 5245 2199 5302 Martinus
2248 5246 2582 5314 Gerbertus,
2616 5247 2674 5302 S.
2708 5246 2885 5302 Blasii
2929 5248 3202 5321 princeps
3247 5247 3451 5314 abbas,
3482 5244 3556 5321 ut:

1911 5333 2171 5391 excussis
2202 5334 2463 5406 undique
2493 5336 2726 5391 scriniis
2755 5335 3055 5392 litterariis
3087 5352 3237 5393 nova
3281 5330 3559 5392 Bernoitii;

1911 5424 2226 5490 nostri,seu
2254 5422 2548 5478 Bertholdi
2596 5424 2768 5497 vulgo
2815 5424 3284 5481 Constantiensis
3312 5420 3550 5496 presby—

1909 5512 1955 5567 ri
1984 5512 2258 5584 Operum,
2291 5516 2348 5566 et
2376 5512 2628 5568 maxime
2658 5512 2932 5569 Chronici
2962 5512 3123 5567 illius
3160 5512 3332 5567 editio
3374 5509 3547 5563 ador-

1908 5604 2169 5667 naretur,
2202 5600 2377 5656 etiam
2408 5601 2807 5659 H'ermannum
2838 5599 3229 5658 continuatori
3256 5610 3359 5651 suo
3386 5608 3545 5666 prm-

1910 5689 2263 5749 mittendum
2295 5689 2464 5749 nobis
2493 5690 2778 5749 concessit
2803 5690 2956 5747 idem
2978 5681 3445 5744 humanissimus
3478 5682 3542 5743 Pl
