3940 6368
331 391 407 451 43
1097 385 1586 451 HERMANNUS
1629 382 2141 446 CONTRACTUS
2183 384 2533 446 MONACH.
2579 382 2947 450 AUGIENS.
3647 379 3729 468 44

329 518 656 586 Mauritius,
687 517 821 576 aliis
849 517 1088 591 insuper
1126 518 1426 575 laboribus
1473 519 1546 574 ab
1595 518 1693 573 illo
1744 517 1969 573 edendo
2000 523 2048 584 Α
2080 517 2334 589 gniores,
2365 521 2574 590 praeter
2601 517 2872 590 superius
2897 519 3146 584 notatas,
3169 531 3274 589 pro
3304 512 3514 572 notitia
3545 511 3732 570 histo-

329 607 600 664 nonnihil
629 607 1353 681 praepeditus.0pportune
1383 607 1436 662 id
1471 607 1706 678 quidem
1740 605 1968 672 accidit,

330 701 398 752 ut
425 694 604 763 simul
635 700 694 752 et
721 696 1094 752 Hermannns
1116 711 1184 752 ex
1205 695 1400 752 codice
1419 693 1828 767 Augiensi,ceu
1861 693 1972 766 pri-

331 800 512 842 mavo
543 782 714 857 quasi
743 784 1065 840 nativitatis
1094 801 1210 841 suae
1240 779 1456 852 solo,ac
1478 782 1801 838 Bernoldus
1822 783 1974 853 ejus-

333 872 466 930 dem
483 872 832 945 epitomator
847 889 912 928 ac
927 873 1298 928 continuator
1317 888 1386 928 ex
1408 871 1421 926 i
1432 872 1594 944 psius
1608 871 1971 942 autographo

333 960 669 1018 Monacensi
695 961 882 1018 amico
907 961 1160 1032 quodam
1191 976 1341 1017 nexu
1375 959 1670 1031 conjuncti
1699 959 1759 1014 in
1781 958 1970 1014 lucem

331 1049 524 1106 denuo
557 1049 786 1122 prodire
815 1051 1072 1122 possent.
1106 1048 1184 1104 De
1214 1065 1329 1121 quo
1361 1047 1570 1104 ultimo
1620 1064 1754 1102 cum
1785 1047 1842 1102 in
1872 1065 1969 1103 su-

331 1136 658 1210 perioribus
685 1136 852 1210 plura
871 1137 997 1208 jam
1028 1136 1561 1202 dixerimus,restat
1586 1139 1650 1190 ut
1678 1136 1749 1190 de
1793 1134 1970 1207 priori

331 1224 613 1282 nonnulla
641 1224 735 1280 hic
764 1225 1148 1291 disseramus,
1179 1228 1462 1296 quantum
1515 1223 1752 1295 quidem
1784 1239 1854 1278 ex
1885 1223 1970 1277 di-

327 1312 529 1387 ligenti
551 1313 814 1384 ejusdem
845 1311 1297 1386 perlustratione
1325 1311 1754 1384 deprehendere
1783 1311 1966 1366 licuit.

397 1403 499 1458 Est
523 1417 660 1458 vero
679 1401 774 1457 hic
795 1401 922 1474 ipse
946 1400 1260 1474 Augiensis
1280 1401 1460 1456 codex
1489 1399 1970 1456 membranaceus

328 1491 390 1547 in
416 1489 644 1557 folio,ut
669 1493 896 1558 vocant,
928 1489 1174 1554 minore,
1214 1488 1400 1544 nitido
1433 1491 1490 1544 et
1543 1487 1791 1560 eleganti
1835 1487 1970 1543 cha-

329 1584 552 1636 ractere
580 1578 978 1650 exaratus,qui
1001 1577 1238 1634 omnino
1269 1577 1544 1633 saeculum
1575 1594 1633 1632 ιιι
1664 1581 1719 1632 et
1739 1581 1969 1633 aetatem

330 1667 649 1724 Hermanni
708 1667 901 1722 refert.
959 1667 1126 1722 Hunc
1180 1665 1416 1738 quidem
1466 1669 1608 1720 sunt
1649 1664 1751 1737 qui
1790 1683 1968 1721 manu

329 1756 520 1830 ipsius
551 1755 865 1812 Hermanni
895 1754 1178 1827 scriptum
1209 1753 1578 1822 existiment;
1607 1753 1850 1809 dubium
1882 1760 1968 1810 ta-

332 1863 466 1902 men
488 1845 560 1901 de
580 1861 646 1901 eo
665 1844 822 1900 haud
845 1843 964 1900 leve
987 1846 1221 1899 movent
1239 1841 1533 1915 imprimis
1555 1841 1739 1898 multa
1761 1841 1968 1898 calami

329 1932 681 2007 sphalmata,
713 1936 770 1988 et
799 1931 1214 2004 orthographia
1259 1931 1478 2004 passim
1531 1929 1811 2003 neglecta,
1843 1936 1969 1986 tum

330 2023 532 2079 eadem
563 2021 805 2078 nomina
833 2021 1071 2094 propria
1097 2019 1212 2076 alio
1243 2028 1415 2092 atque
1459 2018 1574 2075 alio
1616 2019 1788 2075 modo
1819 2035 1971 2092 saepe

329 2127 622 2185 expressa,
655 2126 722 2166 ac
748 2109 837 2166 vel
865 2109 1119 2165 maxime
1145 2125 1312 2164 voces
1342 2110 1536 2180 inepte
1567 2107 1780 2180 saepius
1829 2124 1970 2163 con-

322 2201 541 2274 junctae
573 2202 676 2255 aut
707 2197 902 2255 divisas
936 2213 950 2253 :
984 2213 1112 2270 quas
1143 2197 1341 2253 omnia
1370 2214 1400 2252 e
1432 2197 1614 2269 perito
1654 2195 1969 2252 Hermanni

330 2287 556 2344 calamo
603 2286 843 2342 ﬂuxisse
873 2301 1022 2358 aegre
1053 2283 1186 2357 quis
1231 2284 1343 2340 sibi
1393 2285 1759 2356 persuadeat.
1791 2285 1970 2340 Nobis

333 2379 486 2433 certe
513 2375 574 2431 id
597 2374 914 2432 admodum
944 2371 1272 2430 verosimile
1300 2373 1814 2441 videtur,codicem
1847 2375 1973 2445 qui-

335 2466 468 2522 dem
498 2463 618 2521 sive
647 2480 718 2520 ex
745 2462 980 2520 schedia
1000 2462 1120 2518 sive
1137 2462 1346 2534 exipso
1369 2461 1682 2517 Hermanni
1708 2466 1974 2534 autogra-

333 2552 473 2626 pho,
497 2552 548 2610 si
577 2568 838 2625 unquam
869 2549 1299 2618 exstitit,fuisse
1329 2549 1792 2621 desumptum;id
1815 2550 1971 2606 enim

335 2642 482 2698 satis
499 2641 754 2698 inununt
771 2639 1016 2708 illazEgo
1047 2639 1414 2694 Herimannus
1431 2646 1595 2694 natus
1611 2655 1753 2706 sum,
1769 2641 1825 2694 et
1845 2655 1972 2710 qum

336 2729 452 2786 alia
480 2730 552 2786 de
581 2729 776 2802 seipso
807 2732 1006 2783 narrat
1038 2744 1052 2782 :
1087 2743 1202 2782 non
1232 2730 1428 2782 tamen
1479 2743 1547 2781 ex
1591 2725 1742 2794 visu,
1773 2726 1876 2782 sed
1907 2742 1976 2782 ex

335 2817 541 2876 auditu
571 2815 1217 2888 descriptum,dictante
1245 2813 1468 2870 scilicet
1497 2813 1633 2879 alio,
1667 2831 1770 2886 pro
1814 2831 1974 2871 more

335 2909 396 2964 in
415 2905 706 2968 caanobiis
729 2911 869 2961 tunc
901 2909 1151 2976 recepto,
1175 2907 1263 2972 ut,
1288 2903 1360 2960 ob
1387 2903 1655 2958 codicum
1675 2903 1974 2960 raritatem

335 2999 394 3052 et
424 2994 1186 3062 monachorum,numerum
1217 3008 1372 3047 unus
1403 2991 1675 3048 dictando
1723 2991 1979 3063 prieiret,

337 3084 656 3158 pluresque
684 3097 1069 3139 amanuenses
1101 3078 1272 3153 plura
1300 3079 1476 3135 simul
1507 3080 1615 3135 hoc
1642 3081 1813 3136 modo
1843 3097 1978 3153 apo-

339 3173 566 3246 grapha
591 3170 959 3228 conﬁcerent.
993 3169 1256 3240 Cumque
1285 3168 1438 3223 inter
1465 3172 1550 3224 tot
1579 3169 1800 3225 scribas
1832 3186 1975 3225 non-

341 3243 488 3319 nulli
518 3259 908 3334 imperitiores
936 3258 1094 3315 haud
1121 3256 1297 3314 dubie
1323 3259 1982 3327 numerarentur,multa
2011 3243 2054 3310 C

341 3353 412 3409 ab
429 3349 547 3408 illis
567 3349 720 3406 male
742 3347 1036 3404 intellecta
1063 3361 1366 3420 perperam
1390 3363 1620 3418 quoque
1643 3347 1828 3404 notari
1852 3365 1982 3420 pro-

341 3457 485 3498 num
515 3440 644 3496 fuit.
679 3437 842 3494 Unde
867 3436 1044 3494 etiam
1075 3435 1360 3507 originem
1392 3436 1699 3507 petendam
1731 3454 1858 3494 esse
1879 3439 1979 3510 ju-

347 3528 614 3586 dicamus
639 3530 729 3584 tot
749 3526 1095 3582 mendorum
1117 3540 1248 3596 quas
1268 3523 1622 3596 scriptorum
1645 3525 1874 3582 illorum
1897 3527 1982 3583 in-

347 3616 510 3674 curia
535 3619 641 3672 aut
667 3614 961 3686 imperitia
979 3613 1206 3669 codices
1228 3612 1484 3684 primum
1509 3630 1574 3669 ac
1599 3615 1837 3672 demum
1867 3618 1985 3674 edi-

345 3705 534 3762 tiones
564 3719 794 3776 quoque
845 3700 1340 3768 contaminarunt,
1373 3707 1507 3758 cum
1554 3709 1766 3760 cuncta
1795 3705 1853 3760 in
1887 3723 1980 3762 co-

345 3792 574 3850 dicibus
603 3794 874 3849 contenta
896 3789 1164 3862 religiose
1193 3789 1306 3866 sibi
1337 3791 1639 3848 retinenda
1664 3809 1792 3852 esse
1811 3794 1984 3852 duxe-

345 3882 466 3939 rint
494 3897 696 3938 eorum
719 3881 990 3937 editores.

409 3970 648 4030 Accedit
675 3969 734 4024 in
767 3969 1098 4025 Hermanno
1128 3965 1241 4024 alia
1271 3969 1436 4036 ratio,
1471 3968 1627 4026 haud
1658 3971 1800 4027 satis
1825 3972 1978 4030 inte-

343 4060 454 4117 rim
493 4061 817 4117 observata.
849 4057 1000 4114 Dum
1045 4055 1201 4112 enim
1254 4056 1603 4114 Bertholdus
1659 4063 1978 4118 Hermanni

342 4147 668 4222 discipulus
697 4147 757 4204 in
787 4147 918 4218 ejus
946 4144 1078 4201 Vita
1111 4162 1264 4202 HUNC
1305 4147 1559 4203 libellum
1590 4147 1978 4206 Chronicorum

341 4255 377 4294 a
396 4236 675 4310 magistro
706 4253 812 4293 suo
845 4234 1104 4307 undique
1131 4235 1438 4292 collectum
1469 4237 1644 4302 dicat,
1677 4237 1727 4293 is
1756 4238 1880 4308 ipse
1909 4255 1978 4295 ex

341 4327 470 4398 ejus
499 4325 736 4393 tabulis,
758 4342 872 4382 non
893 4329 1088 4380 autem
1119 4325 1489 4380 Hermannus
1521 4323 1687 4380 illum
1721 4327 1974 4382 conscri-

340 4415 532 4488 psisse
560 4415 1008 4486 videtur.Neque
1033 4413 1362 4470 Hermanno
1391 4417 1690 4484 tant0pere
1711 4417 1972 4470 contrac-

338 4510 418 4572 ta,
450 4508 516 4560 ut
544 4505 640 4560 vix
665 4503 853 4576 digitis
872 4501 1061 4558 itidem
1088 4501 1368 4557 dissolutis
1399 4500 1527 4554 novi
1551 4500 1772 4574 aliquid
1794 4502 1974 4575 scrip-

337 4593 509 4649 titare
539 4597 753 4666 posset,
787 4591 1022 4664 elegans
1051 4589 1194 4646 adeo
1226 4587 1442 4644 codicis
1472 4587 1642 4645 istius
1673 4589 1973 4647 character

335 4680 514 4737 tribui
545 4685 762 4753 potest;
792 4680 948 4736 unde
971 4679 1042 4734 de
1069 4675 1377 4732 existentia
1411 4675 1660 4748 alicujus
1690 4678 1971 4735 Herman-

335 4769 396 4824 ni
426 4769 793 4842 autographi,
823 4770 1056 4839 excepto
1085 4765 1190 4820 illo
1219 4782 1254 4820 a
1283 4764 1571 4838 discipulo
1601 4768 1971 4838 exarato,du-

333 4859 520 4916 hitare
549 4858 682 4932 quis
711 4857 921 4914 merito
951 4855 1158 4929 possit.
1225 4925 1235 4932 _

401 4947 771 5004 XIX.Praater
797 4945 1056 5002 indicata
1083 4960 1214 4998 vero
1244 4943 1516 5015 superius
1545 4945 1761 5001 codicis
1792 4945 1969 5016 hujus

331 5039 564 5108 menda,
593 5032 1142 5109 interpolationibus
1171 5047 1402 5103 quoque
1440 5032 1680 5088 minime
1727 5040 1901 5100 caret,
1935 5052 1971 5090 a

331 5127 578 5184 diversis
621 5126 849 5181 diverso
891 5126 1154 5193 tempore
1201 5123 1260 5176 et
1305 5118 1447 5174 locis
1500 5119 1758 5188 insertis,
1793 5121 1967 5194 idque

328 5215 544 5289 partim
576 5214 636 5271 in
668 5211 1058 5284 marginibus,
1087 5208 1300 5282 partim
1331 5207 1386 5262 in
1419 5208 1646 5280 spatiis,
1689 5225 1816 5280 qua:
1848 5211 1966 5268 sive

329 5305 401 5362 ad
433 5320 618 5362 annos
649 5303 799 5358 facto
830 5299 1024 5370 aliquo
1054 5297 1212 5354 haud
1243 5299 1489 5363 notatos,
1522 5300 1622 5352 aut
1667 5297 1820 5352 inter
1857 5315 1964 5354 an-

327 5410 472 5450 num
515 5396 573 5448 et
599 5406 823 5447 annum
871 5389 1122 5443 duarum
1169 5384 1512 5458 plerumque
1557 5389 1658 5440 aut
1706 5384 1963 5458 plurium

324 5481 614 5538 linearum
638 5493 822 5536 vacua
837 5474 1305 5546 relinquuntur,a
1325 5473 1548 5528 diversa
1565 5477 1761 5530 tamen
1785 5491 1965 5530 manu

327 5585 431 5626 seu
461 5569 794 5625 charactere
835 5561 1002 5624 facile
1047 5559 1484 5635 cognoscendis.
1516 5561 1630 5618 Has
1659 5579 1792 5620 vero
1823 5563 1965 5619 dum

327 5659 400 5718 ab
430 5655 702 5716 editionis
735 5655 946 5713 nostra
973 5653 1242 5710 contextu
1272 5649 1477 5709 abesse
1506 5649 1798 5722 volumus,
1825 5651 1965 5711 insi-

2083 606 2202 661 rica
2231 605 2323 660 hic
2354 606 2668 678 separatim
2694 604 2944 676 adjicere
2972 603 3165 660 visum
3186 605 3294 660 est.

2150 696 2392 762 An.838,
2416 693 2601 752 erasis
2630 711 2757 766 qua:
2780 694 3056 766 primaeva
3085 709 3266 750 manu
3289 691 3510 764 scripta
3537 693 3730 757 erant,

2080 781 2196 836 alia
2225 800 2355 838 saec.
2387 800 2482 838 xxv
2512 782 2818 839 substituit
2866 797 2880 838 :
2931 781 3163 838 Sanctus
3191 779 3544 852 Meginradus
3582 779 3734 835 venit

2079 871 2148 926 ad
2186 873 2367 927 locum
2397 872 2744 940 Augiensem.
3645 939 3650 942 _

2152 961 2485 1027 An.861,ad
2516 960 2786 1016 eumdem
2818 957 3222 1032 Meginradum
3255 959 3314 1015 in
3346 957 3618 1032 margine
3640 973 3730 1012 re-

2079 1049 2308 1104 centius
2342 1052 2620 1104 notatur:
2653 1047 2882 1104 Sanctus
2926 1047 3269 1118 Meginradus
3313 1056 3583 1120 patronus
3629 1063 3762 1125 120-.

2077 1140 2206 1204 ster,
2237 1152 2411 1193 comes
2435 1136 2500 1192 de
2526 1135 2755 1207 Sulgen,
2786 1135 2936 1209 ﬁlius
2961 1137 3176 1190 comitis
3203 1135 3269 1192 de
3297 1135 3526 1206 Sulgen.

2149 1245 2255 1297 An.
2287 1243 2412 1310 871,
2445 1245 2579 1314 post
2621 1242 2884 1300 Salomon
2909 1241 3189 1313 episcopus
3229 1242 3390 1308 obiit,
3439 1242 3512 1299 ad
3558 1256 3726 1299 oram

2081 1330 2362 1402 marginis
2409 1347 2539 1387 saec.
2591 1348 2689 1388 x1v
2730 1329 3010 1386 additur:
3055 1329 3158 1385 Cui
3195 1331 3400 1388 Pateon
3444 1331 3724 1400 successit,

2076 1420 2306 1490 praefuit
2332 1421 2496 1475 annis
2525 1437 2618 1486 III;
2655 1419 2726 1474 de
2755 1435 2870 1491 quo
2895 1419 3098 1474 eodem
3129 1418 3304 1474 modo
3325 1419 3396 1474 ad
3424 1419 3636 1475 an.875
3664 1419 3726 1474 in

2079 1506 2340 1580 margine
2383 1507 2654 1562 inferiore
2703 1523 2717 1562 :
2769 1505 3102 1564 Constantia?
3155 1506 3384 1563 Patecho
3439 1509 3726 1580 episcopus

2076 1597 2212 1651 obiit
2239 1613 2384 1650 anno
2409 1597 2516 1651 875
2540 1611 2639 1667 pro
2667 1612 2772 1668 quo
2799 1595 3142 1651 Gebehardus
3169 1598 3335 1652 annis
3385 1613 3423 1651 x
3465 1599 3723 1668 prae/uit.

2148 1686 2254 1738 An.
2285 1685 2410 1745 911.
2446 1689 2576 1756 post
2603 1684 2860 1739 ducatum
2885 1685 3106 1751 invasit,
3138 1700 3341 1741 recens
3382 1701 3514 1742 saec.
3546 1702 3622 1742 xv
3663 1685 3724 1741 in

2078 1772 2342 1845 margine
2391 1773 2668 1829 additur:
2701 1772 2978 1829 Burckard
3009 1775 3125 1846 ipse
3149 1774 3260 1846 [uit
3287 1789 3464 1831 comes
3509 1773 3579 1831 de
3626 1777 3721 1832 Ve-

2002 1878 2047 1943 B
2075 1862 2308 1932 ringen.

2149 1949 2283 2004 Post
2307 1949 2794 2014 an.921s,inferius
2815 1949 3082 2021 quaedam
3115 1949 3458 2006 inseruntur
3471 1950 3547 2006 de
3570 1966 3727 2007 cam-

2077 2037 2248 2109 panis
2278 2055 2372 2092 an.
2405 2038 2544 2092 1393
2572 2037 2772 2110 Augiaa
2800 2037 2981 2106 tusis;
3013 2054 3299 2110 quorsum
3347 2039 3496 2096 adeo
3541 2039 3726 2096 codex

2077 2125 2186 2180 iste
2216 2143 2281 2180 ex
2313 2125 2556 2181 Fabaria
2582 2141 2848 2181 reversus
2877 2129 3004 2182 tum
3035 2131 3178 2182 erat.

2149 2214 2414 2280 An.93.i,
2449 2213 2517 2268 ad
2553 2212 2930 2283 Eberhardus,
2978 2217 3111 2282 etc.,
3162 2215 3222 2270 in
3271 2215 3538 2288 margine
3585 2232 3722 2272 saec.

2076 2318 2169 2356 xw
2209 2305 2426 2356 sanctus
2475 2301 2818 2356 Eberhardus
2860 2306 3028 2358 Pater
3071 2311 3285 2366 noster;
3316 2305 3474 2377 quod
3505 2304 3727 2362 indicio

2079 2393 2168 2445 est
2195 2389 2418 2461 reliqua
2445 2390 2504 2445 in
2535 2393 2694 2446 textu
2725 2407 2842 2446 non
2873 2407 3001 2448 esse
3031 2391 3398 2464 interpolata.

2149 2497 2254 2550 An.
2285 2497 2410 2563 941,
2441 2496 2501 2551 ἱιι
2532 2512 2712 2552 vacuo
2765 2496 2903 2552 anni
2951 2495 3125 2553 istius
3172 2496 3335 2553 hiatu
3365 2497 3490 2554 haec
3521 2499 3728 2570 quoad

2079 2588 2314 2656 tempus
2346 2583 2491 2640 falsa
2523 2588 2824 2656 ponuntur
2855 2602 2868 2641 :
2900 2586 3035 2642 Nota
3077 2586 3219 2656 quod
3261 2586 3385 2642 dua:
3430 2587 3732 2660 Lutpoldus

2077 2675 2316 2729 Austriae
2343 2675 2548 2728 occisus
2575 2675 2684 2744 fuit
2709 2690 2834 2728 cum
2860 2675 3051 2730 multis
3071 2675 3344 2731 militibus
3365 2691 3512 2732 anno
3541 2675 3612 2732 ab
3643 2677 3732 2732 in-

2080 2763 2403 2817 carnatione
2475 2762 2696 2818 Domini
2767 2761 2982 2834 [MGGG]
3041 2763 3266 2831 LXXXV,
3340 2772 3532 2835 quarto
3601 2765 3729 2822 Kal.

2079 2851 2256 2918 Junii,
2307 2859 2357 2905 et
2401 2853 2646 2922 [reci-unt
2675 2851 2922 2906 civitates
2964 2851 3256 2919 silvestres,
3301 2868 3422 2924 quae
3465 2853 3737 2909 dicuntur

2087 2939 2328 2994 Walstet
2376 2955 2390 2994 :
2436 2943 2624 3010 postea
2670 2954 2814 2994 anno
2859 2939 3142 2997 LXXXVIII
3165 2940 3364 3021 multa?
3398 2950 3585 3011 gentes
3628 2956 3728 2997 vo-

2084 3027 2265 3082 lebant
2315 3027 2647 3082 dostruxisse
2704 3027 2861 3082 illam
2907 3029 3272 3100 provinciam,
3331 3043 3456 3102 quae
3518 3029 3734 3086 dicitur

2086 3115 2300 3182 Gtarus,
2330 3118 2379 3172 et
2411 3117 2668 3170 venerunt
2711 3132 2810 3187 per
2853 3125 3084 3188 portus,-
3112 3122 3294 3189 postea
3325 3118 3418 3173 illi
3445 3118 3736 3176 Glarenses

2085 3212 2351 3261 venerunt
2404 3220 2526 3259 eum
2574 3206 2846 3273 octoginta
2905 3207 3062 3273 viris,
3119 3213 3175 3261 et
3229 3208 3538 3263 occisarum
3593 3207 3736 3266 bene

2086 3295 2364 3360 trecentos,
2395 3295 2490 3363 qui
2516 3294 2749 3364 turpiter
2775 3291 3040 3348 dederunt
3067 3295 3276 3366 fugam.
3310 3295 3438 3351 Haec
3487 3313 3603 3352 non
3643 3295 3732 3354 le-

2085 3385 2308 3456 guntur
2334 3383 2394 3436 in
2426 3379 2798 3448 Einsidlensi,
2829 3381 2978 3437 bene
3005 3395 3140 3438 vero
3168 3383 3443 3455 primsava
3463 3400 3642 3440 manu
3669 3385 3734 3442 in

2085 3472 2444 3542 Augustano.
2475 3468 2616 3536 Quis
2640 3473 2834 3526 autem
2864 3470 3011 3527 ferat
3038 3487 3074 3527 a
3107 3471 3340 3528 Canisio
3370 3489 3489 3528 suae
3516 3473 3732 3532 editio-

2089 3559 2148 3615 ni
2177 3558 2272 3614 ad.
2303 3558 2402 3613 941
2437 3557 2619 3614 fuisse
2645 3557 2904 3614 inserta?

2157 3668 2264 3722 An.
2305 3665 2414 3720 945
2458 3681 2588 3722 saec.
2638 3679 2742 3721 xm
2786 3664 2874 3722 vel
2927 3683 3022 3722 xxv
3068 3665 3304 3722 additur
3337 3684 3352 3724 :
3381 3667 3736 3727 Thietlandus

2085 3755 2250 3810 Pater
2297 3755 2446 3809 venit
2491 3753 2782 3824 (Canisius
2831 3753 3044 3811 misere
3096 3755 3409 3812 Tietlandus
3456 3758 3738 3828 'Patuen.)

2084 3845 2298 3916 primus
2339 3841 2504 3898 abbas
2549 3843 2715 3910 huius
2760 3843 2898 3904 loci;
2928 3847 2986 3898 et
3014 3842 3072 3898 in
3106 3843 3368 3916 margine
3401 3862 3414 3900 :
3452 3844 3736 3902 Tiethlan-

2087 3933 2188 3988 dus
2219 3931 2383 3987 abbas
2412 3932 2739 3986 monasterii
2767 3933 3190 3998 Heremitarum,
3209 3935 3308 4004 qui
3333 3935 3464 4004 fecit
3488 3933 3736 4005 glossam

2085 4036 2247 4092 super
2272 4020 2540 4092 Epistolas
2569 4021 2746 4076 sancti
2771 4021 2952 4076 Pauli.
2989 4020 3153 4085 Quod
3207 4019 3476 4078 Canisius
3516 4022 3588 4078 ad
3632 4039 3736 4080 an.

2083 4111 2189 4164 947
2217 4109 2277 4164 in
2307 4123 2416 4163 sua
2445 4107 2696 4164 editione
2717 4107 3004 4176 habet,uti
3020 4113 3077 4165 et
3095 4108 3196 4165 illa
3216 4125 3344 4181 quas
3364 4109 3423 4165 in
3446 4109 3740 4183 Augiensi

2083 4213 2178 4252 an.
2209 4197 2314 4251 947
2345 4195 2405 4250 in
2437 4195 2708 4252 inferiore
2739 4196 2858 4253 folii
2886 4201 3050 4270 parte
3079 4201 3376 4266 notantur,
3411 4203 3469 4254 et
3498 4215 3570 4255 ne
3596 4201 3735 4272 qui-

2082 4286 2216 4341 dem
2245 4285 2305 4340 in
2331 4283 2682 4340 Einsidlensi
2714 4285 2911 4341 codice
2939 4285 3312 4358 reperiuntur
3343 4303 3357 4342 :
3399 4287 3536 4342 Nota
3576 4305 3734 4345 anno

2080 4375 2148 4430 ab
2180 4373 2557 4429 incarnatione
2584 4374 2807 4428 Domini
2852 4373 2992 4430 1390
3036 4376 3298 4446 proxima
3341 4379 3542 4448 quarta
3575 4377 3734 4447 feria

2073 4465 2195 4534 post
2222 4461 2572 4517 Nativitalem
2600 4461 2821 4518 Domini
2846 4462 3073 4532 fuerunt
3104 4463 3336 4534 fulgura
3381 4469 3434 4520 et
3478 4466 3735 4522 tonitrua

2077 4553 2224 4606 circa
2249 4549 2488 4605 mediam
2513 4553 2757 4612 noctem;
2787 4549 2885 4606 ubi
2916 4550 3158 4624 insuper
3202 4550 3356 4608 male
3401 4549 3544 4625 legit
3581 4556 3731 4611 tetra

2057 4657 2182 4716 pro
2211 4640 2378 4694 circa.
2413 4637 2594 4693 Proh!
2637 4637 2871 4710 qualem
2918 4638 3234 4698 Hermanni
3282 4640 3588 4710 editorem,
3620 4643 3734 4715 qui

2078 4726 2220 4783 talia
2237 4727 2366 4798 ejus
2387 4725 2672 4782 Chronico
2695 4727 3029 4800 inspergere
3053 4728 3265 4785 audeat
3285 4729 3299 4784 ι
3333 4729 3446 4785 Sed
3469 4731 3730 4789 necdum

2166 4833 2235 4871 l8.
3487 4840 3491 4844 ‘

2079 4815 2235 4872 finis.
3487 4840 3491 4844 ·

2149 4907 2254 4960 Αιι.
2286 4905 2412 4971 949,
2446 4919 2624 4959 manu
2655 4920 2784 4959 saec.
2815 4921 2919 4959 xm
2947 4903 3036 4960 vel
3081 4921 3230 4978 seq.,
3262 4905 3552 4978 Gregorius
3591 4925 3733 4964 san-

2075 5003 2191 5050 ctus
2219 4995 2383 5048 Pater
2409 5009 2474 5046 ae
2500 4993 2881 5048 nobilissimus
2907 4996 3073 5058 venit,
3108 4994 3180 5050 ad
3212 4993 3509 5052 Einsidlen
3561 4997 3732 5053 scili-

2077 5088 2186 5139 cet.
2218 5081 2327 5137 Ubi
2357 5080 2626 5136 Canisius’
2656 5097 2860 5138 rursus
2884 5081 2974 5137 vel
3005 5087 3208 5138 contra
3237 5083 3457 5156 proprii
3505 5085 3732 5144 codicis

2075 5169 2401 5242 Augustani
2431 5169 2606 5224 fidem
2637 5167 2812 5225 habet
2844 5185 2857 5226 :
2890 5169 3180 5242 Gregorius
3204 5171 3257 5226 II
3284 5173 3468 5229 Pater.

2140 5278 2247 5331 An.
2278 5277 2404 5344 950,
2456 5275 2659 5331 eadem
2716 5274 2907 5346 priore
2954 5294 3154 5348 manu,
3198 5278 3430 5351 Vigilius
3485 5283 3733 5354 scriptor

2071 5367 2226 5434 obiit,
2259 5363 2416 5436 quod
2446 5361 2505 5418 in
2535 5361 2778 5435 reliquis
2807 5365 3110 5422 codicibus
3138 5365 3310 5440 plane
3338 5367 3524 5424 deest.

2141 5473 2248 5526 An.
2281 5469 2407 5534 955,
2440 5469 2511 5525 ad
2544 5469 2937 5541 Regintaldum
2965 5471 3026 5528 in
3057 5471 3321 5546 margine
3353 5490 3484 5530 saec.
3516 5492 3594 5532 xv
3623 5493 3734 5534 no-

2071 5563 2229 5617 tatur
2256 5557 2322 5613 de
2347 5557 2707 5630 Helfenstein.

2142 5650 2249 5708 An.
2275 5646 2402 5717 960,
2432 5661 2502 5705 ex
2530 5662 2662 5706 saec.
2693 5663 2820 5711 xm.
2851 5649 3013 5723 circ.,
3047 5650 3338 5732 Gregorius
3378 5651 3550 5713 abbas
3597 5655 3731 5733 efﬁ-
