  <div class='ocr_page' id='page_1' title='image "/cluster/home/n/w/nwhite01/storage/ocr_20150623/142-143/uc1.31175018423130/762.png"; bbox 0 0 3940 6414; ppageno 0'>
   <div class='ocr_carea' id='block_1_1' title="bbox 245 477 2726 545">
    <p class='ocr_par' dir='ltr' id='par_1_1' title="bbox 245 477 2726 545">
     <span class='ocr_line' id='line_1_1' title="bbox 245 477 2726 545; baseline 0.004 -10"><span class='ocrx_word' id='word_1_1' title='bbox 245 477 310 535; x_wconf 72' lang='grc'>45</span> <span class='ocrx_word' id='word_1_2' title='bbox 1142 480 1655 543; x_wconf 77' lang='lat' dir='ltr'>DISSERTATIO</span> <span class='ocrx_word' id='word_1_3' title='bbox 1701 482 1802 542; x_wconf 81' lang='lat' dir='ltr'>DE</span> <span class='ocrx_word' id='word_1_4' title='bbox 1848 482 2260 542; x_wconf 74' lang='lat' dir='ltr'>HERMANNI</span> <span class='ocrx_word' id='word_1_5' title='bbox 2305 484 2726 545; x_wconf 83' lang='lat' dir='ltr'>CHRONICO.</span> 
     </span>
    </p>
   </div>
   <div class='ocr_carea' id='block_1_2' title="bbox 3545 492 3629 550">
    <p class='ocr_par' dir='ltr' id='par_1_2' title="bbox 3545 492 3629 550">
     <span class='ocr_line' id='line_1_2' title="bbox 3545 492 3629 550; baseline 0.024 -2"><span class='ocrx_word' id='word_1_6' title='bbox 3545 492 3629 550; x_wconf 75' lang='lat'>46</span> 
     </span>
    </p>
   </div>
   <div class='ocr_carea' id='block_1_3' title="bbox 244 605 3635 687">
    <p class='ocr_par' dir='ltr' id='par_1_3' title="bbox 244 605 3635 687">
     <span class='ocr_line' id='line_1_3' title="bbox 244 605 3635 687; baseline 0.004 -24"><span class='ocrx_word' id='word_1_7' title='bbox 244 609 399 676; x_wconf 86' lang='lat' dir='ltr'>citur,</span> <span class='ocrx_word' id='word_1_8' title='bbox 427 605 489 662; x_wconf 91' lang='lat' dir='ltr'>in</span> <span class='ocrx_word' id='word_1_9' title='bbox 518 606 816 665; x_wconf 86' lang='lat' dir='ltr'>Einsidlen</span> <span class='ocrx_word' id='word_1_10' title='bbox 841 625 1067 683; x_wconf 80' lang='lat' dir='ltr'>nempe,</span> <span class='ocrx_word' id='word_1_11' title='bbox 1091 611 1412 668; x_wconf 81' lang='lat' dir='ltr'>Canisianae</span> <span class='ocrx_word' id='word_1_12' title='bbox 1439 612 1680 668; x_wconf 86' lang='lat' dir='ltr'>editioni</span> <span class='ocrx_word' id='word_1_13' title='bbox 1712 614 1889 669; x_wconf 82' lang='lat' dir='ltr'>inser—</span> <span class='ocrx_word' id='word_1_14' title='bbox 1915 617 1962 681; x_wconf 81' lang='grc' dir='ltr'><strong>Α</strong></span> <span class='ocrx_word' id='word_1_15' title='bbox 1997 614 2264 685; x_wconf 89' lang='lat' dir='ltr'>cst,quod</span> <span class='ocrx_word' id='word_1_16' title='bbox 2279 615 2729 671; x_wconf 80' lang='lat' dir='ltr'>controversiam</span> <span class='ocrx_word' id='word_1_17' title='bbox 2748 615 3098 687; x_wconf 87' lang='lat' dir='ltr'>indicatjam</span> <span class='ocrx_word' id='word_1_18' title='bbox 3114 617 3635 675; x_wconf 87' lang='lat' dir='ltr'>tuminterutrum-</span> 
     </span>
    </p>
   </div>
   <div class='ocr_carea' id='block_1_4' title="bbox 245 699 377 751">
    <p class='ocr_par' dir='ltr' id='par_1_4' title="bbox 245 699 377 751">
     <span class='ocr_line' id='line_1_4' title="bbox 245 699 377 751; baseline -0.008 0"><span class='ocrx_word' id='word_1_19' title='bbox 245 699 377 751; x_wconf 85' lang='lat' dir='ltr'>tum.</span> 
     </span>
    </p>
   </div>
   <div class='ocr_carea' id='block_1_5' title="bbox 1998 703 3636 777">
    <p class='ocr_par' dir='ltr' id='par_1_5' title="bbox 1998 703 3636 777">
     <span class='ocr_line' id='line_1_5' title="bbox 1998 703 3636 777; baseline 0.004 -21"><span class='ocrx_word' id='word_1_20' title='bbox 1998 720 2109 773; x_wconf 88' lang='lat' dir='ltr'>que</span> <span class='ocrx_word' id='word_1_21' title='bbox 2157 704 2483 758; x_wconf 78' lang='lat' dir='ltr'>coenobium</span> <span class='ocrx_word' id='word_1_22' title='bbox 2518 708 2736 758; x_wconf 85' lang='lat' dir='ltr'>motam</span> <span class='ocrx_word' id='word_1_23' title='bbox 2770 705 2842 758; x_wconf 90' lang='lat' dir='ltr'>de</span> <span class='ocrx_word' id='word_1_24' title='bbox 2886 703 3253 776; x_wconf 80' lang='lat' dir='ltr'>possessione</span> <span class='ocrx_word' id='word_1_25' title='bbox 3289 705 3545 777; x_wconf 88' lang='lat' dir='ltr'>corporis</span> <span class='ocrx_word' id='word_1_26' title='bbox 3575 707 3636 762; x_wconf 89' lang='lat' dir='ltr'>S.</span> 
     </span>
    </p>
   </div>
   <div class='ocr_carea' id='block_1_6' title="bbox 305 784 3643 863">
    <p class='ocr_par' dir='ltr' id='par_1_6' title="bbox 305 784 3643 863">
     <span class='ocr_line' id='line_1_6' title="bbox 305 784 3643 863; baseline 0.003 -26"><span class='ocrx_word' id='word_1_27' title='bbox 305 784 410 863; x_wconf 30' lang='lat' dir='ltr'>An‘.</span> <span class='ocrx_word' id='word_1_28' title='bbox 442 784 572 851; x_wconf 82' lang='grc'>971,</span> <span class='ocrx_word' id='word_1_29' title='bbox 605 785 935 843; x_wconf 82' lang='lat' dir='ltr'>Adalberoni</span> <span class='ocrx_word' id='word_1_30' title='bbox 975 788 1047 844; x_wconf 90' lang='lat' dir='ltr'>ad</span> <span class='ocrx_word' id='word_1_31' title='bbox 1098 806 1257 844; x_wconf 90' lang='lat' dir='ltr'>oram</span> <span class='ocrx_word' id='word_1_32' title='bbox 1307 806 1437 846; x_wconf 70' lang='lat' dir='ltr'>smc.</span> <span class='ocrx_word' id='word_1_33' title='bbox 1470 808 1542 845; x_wconf 89' lang='lat' dir='ltr'><strong>xv</strong></span> <span class='ocrx_word' id='word_1_34' title='bbox 1572 791 1887 848; x_wconf 88' lang='lat' dir='ltr'>ascribitur</span> <span class='ocrx_word' id='word_1_35' title='bbox 1996 790 2298 846; x_wconf 87' lang='lat' dir='ltr'>Meinradi.</span> <span class='ocrx_word' id='word_1_36' title='bbox 2326 790 2551 846; x_wconf 81' lang='lat' dir='ltr'>Similia</span> <span class='ocrx_word' id='word_1_37' title='bbox 2583 808 2649 846; x_wconf 90' lang='lat' dir='ltr'><strong>ex</strong></span> <span class='ocrx_word' id='word_1_38' title='bbox 2678 794 3021 863; x_wconf 86' lang='lat' dir='ltr'>Augustano</span> <span class='ocrx_word' id='word_1_39' title='bbox 3055 792 3272 863; x_wconf 79' lang='lat' dir='ltr'>profert</span> <span class='ocrx_word' id='word_1_40' title='bbox 3291 792 3555 848; x_wconf 86' lang='lat' dir='ltr'>Canisius</span> <span class='ocrx_word' id='word_1_41' title='bbox 3583 793 3643 849; x_wconf 91' lang='lat' dir='ltr'>in</span> 
     </span>
    </p>
   </div>
   <div class='ocr_carea' id='block_1_7' title="bbox 244 859 719 943">
    <p class='ocr_par' dir='ltr' id='par_1_7' title="bbox 244 859 719 943">
     <span class='ocr_line' id='line_1_7' title="bbox 244 859 719 943; baseline 0.004 -15"><span class='ocrx_word' id='word_1_42' title='bbox 244 888 334 928; x_wconf 81' lang='lat' dir='ltr'>von</span> <span class='ocrx_word' id='word_1_43' title='bbox 359 859 719 943; x_wconf 73' lang='lat' dir='ltr'>Helfenstein.</span> 
     </span>
    </p>
   </div>
   <div class='ocr_carea' id='block_1_8' title="bbox 304 962 1882 1029">
    <p class='ocr_par' dir='ltr' id='par_1_8' title="bbox 304 962 1882 1029">
     <span class='ocr_line' id='line_1_8' title="bbox 304 962 1882 1029; baseline 0.006 -14"><span class='ocrx_word' id='word_1_44' title='bbox 304 966 410 1018; x_wconf 77' lang='lat' dir='ltr'>An.</span> <span class='ocrx_word' id='word_1_45' title='bbox 435 962 563 1029; x_wconf 78' lang='grc'>972,</span> <span class='ocrx_word' id='word_1_46' title='bbox 586 964 769 1019; x_wconf 86' lang='lat' dir='ltr'>textui</span> <span class='ocrx_word' id='word_1_47' title='bbox 790 963 905 1021; x_wconf 79' lang='lat' dir='ltr'>alia</span> <span class='ocrx_word' id='word_1_48' title='bbox 924 967 1025 1021; x_wconf 90' lang='lat' dir='ltr'>sed</span> <span class='ocrx_word' id='word_1_49' title='bbox 1051 966 1167 1022; x_wconf 90' lang='lat' dir='ltr'>fere</span> <span class='ocrx_word' id='word_1_50' title='bbox 1187 983 1377 1023; x_wconf 70' lang='lat' dir='ltr'>coazva</span> <span class='ocrx_word' id='word_1_51' title='bbox 1399 985 1576 1023; x_wconf 90' lang='lat' dir='ltr'>manu</span> <span class='ocrx_word' id='word_1_52' title='bbox 1608 969 1846 1024; x_wconf 81' lang='lat' dir='ltr'>additur</span> <span class='ocrx_word' id='word_1_53' title='bbox 1869 988 1882 1025; x_wconf 91' lang='lat'>:</span> 
     </span>
    </p>
   </div>
   <div class='ocr_carea' id='block_1_9' title="bbox 243 1050 1883 1127">
    <p class='ocr_par' dir='ltr' id='par_1_9' title="bbox 243 1050 1883 1127">
     <span class='ocr_line' id='line_1_9' title="bbox 243 1050 1883 1127; baseline 0.004 -22"><span class='ocrx_word' id='word_1_54' title='bbox 243 1050 542 1108; x_wconf 80' lang='lat' dir='ltr'>Ratiis</span> <span class='ocrx_word' id='word_1_55' title='bbox 569 1051 625 1106; x_wconf 91' lang='lat' dir='ltr'>S.</span> <span class='ocrx_word' id='word_1_56' title='bbox 665 1053 1009 1124; x_wconf 80' lang='lat' dir='ltr'>Wolfgangus</span> <span class='ocrx_word' id='word_1_57' title='bbox 1038 1057 1318 1127; x_wconf 86' lang='lat' dir='ltr'>episcopus</span> <span class='ocrx_word' id='word_1_58' title='bbox 1342 1059 1523 1125; x_wconf 81' lang='lat' dir='ltr'>factus</span> <span class='ocrx_word' id='word_1_59' title='bbox 1552 1061 1659 1118; x_wconf 83' lang='lat' dir='ltr'>est;</span> <span class='ocrx_word' id='word_1_60' title='bbox 1691 1063 1748 1113; x_wconf 92' lang='lat' dir='ltr'>et</span> <span class='ocrx_word' id='word_1_61' title='bbox 1768 1057 1883 1112; x_wconf 88' lang='lat' dir='ltr'>alia</span> 
     </span>
    </p>
   </div>
   <div class='ocr_carea' id='block_1_10' title="bbox 242 1138 1881 1219">
    <p class='ocr_par' dir='ltr' id='par_1_10' title="bbox 242 1138 1881 1219">
     <span class='ocr_line' id='line_1_10' title="bbox 242 1138 1881 1219; baseline 0.005 -26"><span class='ocrx_word' id='word_1_62' title='bbox 242 1138 549 1219; x_wconf 77' lang='lat' dir='ltr'>recentiore</span> <span class='ocrx_word' id='word_1_63' title='bbox 580 1156 713 1195; x_wconf 67' lang='lat' dir='ltr'>saec.</span> <span class='ocrx_word' id='word_1_64' title='bbox 744 1158 815 1195; x_wconf 87' lang='lat' dir='ltr'>xv</span> <span class='ocrx_word' id='word_1_65' title='bbox 851 1159 864 1196; x_wconf 90' lang='lat'><strong>:</strong></span> <span class='ocrx_word' id='word_1_66' title='bbox 897 1145 995 1197; x_wconf 83' lang='lat' dir='ltr'>Hic</span> <span class='ocrx_word' id='word_1_67' title='bbox 1039 1160 1215 1199; x_wconf 88' lang='lat' dir='ltr'>comes</span> <span class='ocrx_word' id='word_1_68' title='bbox 1246 1144 1309 1198; x_wconf 85' lang='lat' dir='ltr'>de</span> <span class='ocrx_word' id='word_1_69' title='bbox 1339 1147 1637 1216; x_wconf 81' lang='lat' dir='ltr'>P/‘ulingen.</span> <span class='ocrx_word' id='word_1_70' title='bbox 1669 1150 1830 1202; x_wconf 87' lang='lat' dir='ltr'>natus</span> <span class='ocrx_word' id='word_1_71' title='bbox 1864 1164 1881 1201; x_wconf 93' lang='lat'><strong><em>:</em></strong></span> 
     </span>
    </p>
   </div>
   <div class='ocr_carea' id='block_1_11' title="bbox 242 1227 1879 1302">
    <p class='ocr_par' dir='ltr' id='par_1_11' title="bbox 242 1227 1879 1302">
     <span class='ocr_line' id='line_1_11' title="bbox 242 1227 1879 1302; baseline 0.004 -21"><span class='ocrx_word' id='word_1_72' title='bbox 242 1227 429 1283; x_wconf 84' lang='lat' dir='ltr'>nobilis</span> <span class='ocrx_word' id='word_1_73' title='bbox 457 1227 525 1284; x_wconf 79' lang='lat' dir='ltr'>de</span> <span class='ocrx_word' id='word_1_74' title='bbox 555 1228 829 1301; x_wconf 74' lang='lat' dir='ltr'>Riden/‘els</span> <span class='ocrx_word' id='word_1_75' title='bbox 852 1248 1020 1302; x_wconf 81' lang='lat' dir='ltr'>prope</span> <span class='ocrx_word' id='word_1_76' title='bbox 1062 1233 1485 1290; x_wconf 82' lang='lat' dir='ltr'>Schwebcswcrd</span> <span class='ocrx_word' id='word_1_77' title='bbox 1517 1243 1707 1301; x_wconf 87' lang='lat' dir='ltr'>natus;</span> <span class='ocrx_word' id='word_1_78' title='bbox 1736 1238 1792 1290; x_wconf 90' lang='lat' dir='ltr'>et</span> <span class='ocrx_word' id='word_1_79' title='bbox 1820 1234 1879 1289; x_wconf 91' lang='lat' dir='ltr'>in</span> 
     </span>
    </p>
   </div>
   <div class='ocr_carea' id='block_1_12' title="bbox 243 1315 1439 1391">
    <p class='ocr_par' dir='ltr' id='par_1_12' title="bbox 243 1315 1439 1391">
     <span class='ocr_line' id='line_1_12' title="bbox 243 1315 1439 1391; baseline 0.007 -22"><span class='ocrx_word' id='word_1_80' title='bbox 243 1315 508 1372; x_wconf 81' lang='lat' dir='ltr'>inferiore</span> <span class='ocrx_word' id='word_1_81' title='bbox 538 1318 804 1389; x_wconf 81' lang='lat' dir='ltr'>margine</span> <span class='ocrx_word' id='word_1_82' title='bbox 837 1335 849 1374; x_wconf 90' lang='lat'>:</span> <span class='ocrx_word' id='word_1_83' title='bbox 883 1324 1058 1375; x_wconf 80' lang='lat' dir='ltr'>matre</span> <span class='ocrx_word' id='word_1_84' title='bbox 1089 1338 1123 1376; x_wconf 91' lang='lat' dir='ltr'>a</span> <span class='ocrx_word' id='word_1_85' title='bbox 1160 1324 1439 1391; x_wconf 73' lang='lat' dir='ltr'>Ven&#39;ngen.</span> 
     </span>
    </p>
   </div>
   <div class='ocr_carea' id='block_1_13' title="bbox 299 1405 1879 1482">
    <p class='ocr_par' dir='ltr' id='par_1_13' title="bbox 299 1405 1879 1482">
     <span class='ocr_line' id='line_1_13' title="bbox 299 1405 1879 1482; baseline 0.006 -23"><span class='ocrx_word' id='word_1_86' title='bbox 299 1405 404 1459; x_wconf 84' lang='lat' dir='ltr'>An.</span> <span class='ocrx_word' id='word_1_87' title='bbox 436 1406 567 1472; x_wconf 74' lang='lat'>973,</span> <span class='ocrx_word' id='word_1_88' title='bbox 599 1423 780 1462; x_wconf 88' lang='lat' dir='ltr'>manu</span> <span class='ocrx_word' id='word_1_89' title='bbox 813 1424 945 1463; x_wconf 64' lang='lat' dir='ltr'>saec.</span> <span class='ocrx_word' id='word_1_90' title='bbox 978 1426 1049 1463; x_wconf 90' lang='lat' dir='ltr'><strong>xv</strong></span> <span class='ocrx_word' id='word_1_91' title='bbox 1078 1415 1182 1464; x_wconf 90' lang='lat' dir='ltr'>aut</span> <span class='ocrx_word' id='word_1_92' title='bbox 1221 1428 1343 1482; x_wconf 88' lang='lat' dir='ltr'>seq.</span> <span class='ocrx_word' id='word_1_93' title='bbox 1378 1412 1612 1467; x_wconf 90' lang='lat' dir='ltr'>additur</span> <span class='ocrx_word' id='word_1_94' title='bbox 1644 1430 1657 1468; x_wconf 88' lang='lat'><strong>:</strong></span> <span class='ocrx_word' id='word_1_95' title='bbox 1690 1416 1832 1468; x_wconf 81' lang='lat' dir='ltr'>Nota</span> <span class='ocrx_word' id='word_1_96' title='bbox 1860 1432 1879 1468; x_wconf 64' lang='lat'>.-</span> 
     </span>
    </p>
   </div>
   <div class='ocr_carea' id='block_1_14' title="bbox 239 1493 1879 1567">
    <p class='ocr_par' dir='ltr' id='par_1_14' title="bbox 239 1493 1879 1567">
     <span class='ocr_line' id='line_1_14' title="bbox 239 1493 1879 1567; baseline 0.005 -19"><span class='ocrx_word' id='word_1_97' title='bbox 239 1494 327 1549; x_wconf 79' lang='lat' dir='ltr'>ille</span> <span class='ocrx_word' id='word_1_98' title='bbox 387 1493 748 1565; x_wconf 82' lang='lat' dir='ltr'>Burghardus</span> <span class='ocrx_word' id='word_1_99' title='bbox 804 1498 914 1567; x_wconf 81' lang='lat' dir='ltr'>fuit</span> <span class='ocrx_word' id='word_1_100' title='bbox 977 1497 1241 1567; x_wconf 83' lang='lat' dir='ltr'>fundator</span> <span class='ocrx_word' id='word_1_101' title='bbox 1306 1503 1625 1555; x_wconf 86' lang='lat' dir='ltr'>monasterii</span> <span class='ocrx_word' id='word_1_102' title='bbox 1683 1504 1879 1557; x_wconf 83' lang='lat' dir='ltr'>montis</span> 
     </span>
    </p>
   </div>
   <div class='ocr_carea' id='block_1_15' title="bbox 239 1583 1880 1647">
    <p class='ocr_par' dir='ltr' id='par_1_15' title="bbox 239 1583 1880 1647">
     <span class='ocr_line' id='line_1_15' title="bbox 239 1583 1880 1647; baseline 0.005 -11"><span class='ocrx_word' id='word_1_103' title='bbox 239 1583 411 1637; x_wconf 87' lang='lat' dir='ltr'>Duclli</span> <span class='ocrx_word' id='word_1_104' title='bbox 427 1602 449 1647; x_wconf 84' lang='lat'>,-</span> <span class='ocrx_word' id='word_1_105' title='bbox 479 1583 679 1638; x_wconf 87' lang='lat' dir='ltr'>deinde</span> <span class='ocrx_word' id='word_1_106' title='bbox 706 1600 854 1639; x_wconf 86' lang='lat' dir='ltr'>anno</span> <span class='ocrx_word' id='word_1_107' title='bbox 902 1584 1043 1640; x_wconf 77' lang='grc'>4005</span> <span class='ocrx_word' id='word_1_108' title='bbox 1089 1588 1231 1641; x_wconf 86' lang='lat' dir='ltr'>illud</span> <span class='ocrx_word' id='word_1_109' title='bbox 1277 1594 1669 1644; x_wconf 75' lang='lat' dir='ltr'>monasterium</span> <span class='ocrx_word' id='word_1_110' title='bbox 1696 1609 1725 1645; x_wconf 92' lang='lat' dir='ltr'>a</span> <span class='ocrx_word' id='word_1_111' title='bbox 1758 1592 1880 1645; x_wconf 88' lang='lat' dir='ltr'>divo</span> 
     </span>
    </p>
   </div>
   <div class='ocr_carea' id='block_1_16' title="bbox 233 1672 1876 1749">
    <p class='ocr_par' dir='ltr' id='par_1_16' title="bbox 233 1672 1876 1749">
     <span class='ocr_line' id='line_1_16' title="bbox 233 1672 1876 1749; baseline 0.006 -24"><span class='ocrx_word' id='word_1_112' title='bbox 233 1672 490 1726; x_wconf 83' lang='lat' dir='ltr'>Hainrico</span> <span class='ocrx_word' id='word_1_113' title='bbox 519 1672 672 1727; x_wconf 86' lang='lat' dir='ltr'>Rom.</span> <span class='ocrx_word' id='word_1_114' title='bbox 700 1674 1024 1744; x_wconf 78' lang='lat' dir='ltr'>imperatore</span> <span class='ocrx_word' id='word_1_115' title='bbox 1044 1675 1114 1729; x_wconf 89' lang='lat' dir='ltr'>ad</span> <span class='ocrx_word' id='word_1_116' title='bbox 1136 1676 1292 1731; x_wconf 84' lang='lat' dir='ltr'>Stain</span> <span class='ocrx_word' id='word_1_117' title='bbox 1314 1684 1689 1749; x_wconf 78' lang='lat' dir='ltr'>nuncupatum</span> <span class='ocrx_word' id='word_1_118' title='bbox 1712 1690 1799 1735; x_wconf 86' lang='lat' dir='ltr'>tra</span> <span class='ocrx_word' id='word_1_119' title='bbox 1813 1699 1876 1734; x_wconf 85' lang='lat' dir='ltr'>n-</span> 
     </span>
    </p>
   </div>
   <div class='ocr_carea' id='block_1_17' title="bbox 234 1759 1800 1823">
    <p class='ocr_par' dir='ltr' id='par_1_17' title="bbox 234 1759 1800 1823">
     <span class='ocr_line' id='line_1_17' title="bbox 234 1759 1800 1823; baseline 0.005 -8"><span class='ocrx_word' id='word_1_120' title='bbox 234 1760 420 1815; x_wconf 83' lang='lat' dir='ltr'>slatum</span> <span class='ocrx_word' id='word_1_121' title='bbox 450 1764 550 1815; x_wconf 84' lang='lat' dir='ltr'>est.</span> <span class='ocrx_word' id='word_1_122' title='bbox 575 1759 707 1815; x_wconf 89' lang='lat' dir='ltr'>Vid.</span> <span class='ocrx_word' id='word_1_123' title='bbox 743 1761 895 1817; x_wconf 84' lang='lat' dir='ltr'>infra</span> <span class='ocrx_word' id='word_1_124' title='bbox 924 1762 1249 1819; x_wconf 86' lang='lat' dir='ltr'>Chronicon</span> <span class='ocrx_word' id='word_1_125' title='bbox 1282 1766 1800 1823; x_wconf 84' lang='lat' dir='ltr'>Pctershusunum.</span> 
     </span>
    </p>
   </div>
   <div class='ocr_carea' id='block_1_18' title="bbox 292 1849 1873 1918">
    <p class='ocr_par' dir='ltr' id='par_1_18' title="bbox 292 1849 1873 1918">
     <span class='ocr_line' id='line_1_18' title="bbox 292 1849 1873 1918; baseline 0.006 -15"><span class='ocrx_word' id='word_1_126' title='bbox 292 1850 397 1904; x_wconf 88' lang='lat' dir='ltr'>An.</span> <span class='ocrx_word' id='word_1_127' title='bbox 428 1850 560 1914; x_wconf 85' lang='lat'>979,</span> <span class='ocrx_word' id='word_1_128' title='bbox 590 1850 661 1904; x_wconf 92' lang='lat' dir='ltr'>ad</span> <span class='ocrx_word' id='word_1_129' title='bbox 709 1849 1097 1918; x_wconf 79' lang='lat' dir='ltr'>Gebeltardum,</span> <span class='ocrx_word' id='word_1_130' title='bbox 1133 1870 1263 1908; x_wconf 59' lang='lat' dir='ltr'>saec.</span> <span class='ocrx_word' id='word_1_131' title='bbox 1298 1872 1368 1909; x_wconf 92' lang='lat' dir='ltr'><strong>xv</strong></span> <span class='ocrx_word' id='word_1_132' title='bbox 1407 1856 1475 1909; x_wconf 92' lang='lat' dir='ltr'>ad</span> <span class='ocrx_word' id='word_1_133' title='bbox 1510 1872 1670 1911; x_wconf 88' lang='lat' dir='ltr'>oram</span> <span class='ocrx_word' id='word_1_134' title='bbox 1705 1863 1873 1913; x_wconf 90' lang='lat' dir='ltr'>nota-</span> 
     </span>
    </p>
   </div>
   <div class='ocr_carea' id='block_1_19' title="bbox 1995 879 3645 954">
    <p class='ocr_par' dir='ltr' id='par_1_19' title="bbox 1995 879 3645 954">
     <span class='ocr_line' id='line_1_19' title="bbox 1995 879 3645 954; baseline 0.002 -20"><span class='ocrx_word' id='word_1_135' title='bbox 1995 880 2106 934; x_wconf 81' lang='lat' dir='ltr'>t&#39;lne</span> <span class='ocrx_word' id='word_1_136' title='bbox 2138 880 2221 935; x_wconf 86' lang='lat' dir='ltr'>sic</span> <span class='ocrx_word' id='word_1_137' title='bbox 2268 881 2582 951; x_wconf 84' lang='lat' dir='ltr'>depravata</span> <span class='ocrx_word' id='word_1_138' title='bbox 2609 885 2666 935; x_wconf 90' lang='lat' dir='ltr'>et</span> <span class='ocrx_word' id='word_1_139' title='bbox 2698 879 2974 936; x_wconf 84' lang='lat' dir='ltr'>mutilata</span> <span class='ocrx_word' id='word_1_140' title='bbox 3005 896 3018 934; x_wconf 93' lang='lat'><strong>:</strong></span> <span class='ocrx_word' id='word_1_141' title='bbox 3051 882 3116 936; x_wconf 85' lang='lat' dir='ltr'>Et</span> <span class='ocrx_word' id='word_1_142' title='bbox 3159 882 3409 952; x_wconf 66' lang='lat' dir='ltr'>reliquiw</span> <span class='ocrx_word' id='word_1_143' title='bbox 3453 898 3645 954; x_wconf 89' lang='lat' dir='ltr'>corpus</span> 
     </span>
    </p>
   </div>
   <div class='ocr_carea' id='block_1_20' title="bbox 1991 967 3650 1042">
    <p class='ocr_par' dir='ltr' id='par_1_20' title="bbox 1991 967 3650 1042">
     <span class='ocr_line' id='line_1_20' title="bbox 1991 967 3650 1042; baseline 0.002 -20"><span class='ocrx_word' id='word_1_144' title='bbox 1991 969 2047 1022; x_wconf 86' lang='lat' dir='ltr'>S.</span> <span class='ocrx_word' id='word_1_145' title='bbox 2083 967 2414 1038; x_wconf 82' lang='lat' dir='ltr'>Meginradi.</span> <span class='ocrx_word' id='word_1_146' title='bbox 2451 967 2624 1023; x_wconf 89' lang='lat' dir='ltr'>Plura</span> <span class='ocrx_word' id='word_1_147' title='bbox 2671 968 3072 1039; x_wconf 68' lang='lat' dir='ltr'>depraedicatte</span> <span class='ocrx_word' id='word_1_148' title='bbox 3103 968 3251 1025; x_wconf 89' lang='lat' dir='ltr'>alias</span> <span class='ocrx_word' id='word_1_149' title='bbox 3299 969 3480 1042; x_wconf 82' lang='lat' dir='ltr'>hujus</span> <span class='ocrx_word' id='word_1_150' title='bbox 3524 969 3650 1026; x_wconf 90' lang='lat' dir='ltr'>edi-</span> 
     </span>
    </p>
   </div>
   <div class='ocr_carea' id='block_1_21' title="bbox 1992 1056 3648 1129">
    <p class='ocr_par' dir='ltr' id='par_1_21' title="bbox 1992 1056 3648 1129">
     <span class='ocr_line' id='line_1_21' title="bbox 1992 1056 3648 1129; baseline 0.003 -20"><span class='ocrx_word' id='word_1_151' title='bbox 1992 1056 2168 1111; x_wconf 88' lang='lat' dir='ltr'>tionis</span> <span class='ocrx_word' id='word_1_152' title='bbox 2198 1072 2460 1111; x_wconf 88' lang='lat' dir='ltr'>errorum</span> <span class='ocrx_word' id='word_1_153' title='bbox 2494 1061 2759 1112; x_wconf 88' lang='lat' dir='ltr'>monstra</span> <span class='ocrx_word' id='word_1_154' title='bbox 2787 1058 3107 1129; x_wconf 85' lang='lat' dir='ltr'>producere</span> <span class='ocrx_word' id='word_1_155' title='bbox 3139 1057 3334 1113; x_wconf 80' lang='lat' dir='ltr'>nimiae</span> <span class='ocrx_word' id='word_1_156' title='bbox 3368 1057 3539 1114; x_wconf 91' lang='lat' dir='ltr'>molis</span> <span class='ocrx_word' id='word_1_157' title='bbox 3569 1058 3648 1115; x_wconf 84' lang='lat' dir='ltr'>fo-</span> 
     </span>
    </p>
   </div>
   <div class='ocr_carea' id='block_1_22' title="bbox 1992 1144 3644 1217">
    <p class='ocr_par' dir='ltr' id='par_1_22' title="bbox 1992 1144 3644 1217">
     <span class='ocr_line' id='line_1_22' title="bbox 1992 1144 3644 1217; baseline 0.004 -20"><span class='ocrx_word' id='word_1_158' title='bbox 1992 1149 2110 1212; x_wconf 86' lang='lat' dir='ltr'>ret;</span> <span class='ocrx_word' id='word_1_159' title='bbox 2144 1146 2243 1199; x_wconf 92' lang='lat' dir='ltr'>sed</span> <span class='ocrx_word' id='word_1_160' title='bbox 2274 1144 2360 1199; x_wconf 89' lang='lat' dir='ltr'>vel</span> <span class='ocrx_word' id='word_1_161' title='bbox 2413 1145 2531 1199; x_wconf 60' lang='lat' dir='ltr'>hac</span> <span class='ocrx_word' id='word_1_162' title='bbox 2590 1163 2777 1217; x_wconf 84' lang='lat' dir='ltr'>pauca</span> <span class='ocrx_word' id='word_1_163' title='bbox 2833 1146 3062 1201; x_wconf 83' lang='lat' dir='ltr'>abunde</span> <span class='ocrx_word' id='word_1_164' title='bbox 3120 1147 3446 1215; x_wconf 81' lang='lat' dir='ltr'>sufﬁciunt,</span> <span class='ocrx_word' id='word_1_165' title='bbox 3480 1153 3545 1203; x_wconf 90' lang='lat' dir='ltr'>ut</span> <span class='ocrx_word' id='word_1_166' title='bbox 3572 1148 3644 1203; x_wconf 89' lang='lat' dir='ltr'>de</span> 
     </span>
    </p>
   </div>
   <div class='ocr_carea' id='block_1_23' title="bbox 1991 1233 3564 1309">
    <p class='ocr_par' dir='ltr' id='par_1_23' title="bbox 1991 1233 3564 1309">
     <span class='ocr_line' id='line_1_23' title="bbox 1991 1233 3564 1309; baseline 0.004 -24"><span class='ocrx_word' id='word_1_167' title='bbox 1991 1235 2118 1303; x_wconf 83' lang='lat' dir='ltr'>ejus</span> <span class='ocrx_word' id='word_1_168' title='bbox 2149 1233 2331 1304; x_wconf 87' lang='lat' dir='ltr'>pretio</span> <span class='ocrx_word' id='word_1_169' title='bbox 2363 1234 2655 1288; x_wconf 76' lang='lat' dir='ltr'>sincerum</span> <span class='ocrx_word' id='word_1_170' title='bbox 2689 1234 2822 1305; x_wconf 92' lang='lat' dir='ltr'>quis</span> <span class='ocrx_word' id='word_1_171' title='bbox 2852 1234 3147 1305; x_wconf 86' lang='lat' dir='ltr'>judicium</span> <span class='ocrx_word' id='word_1_172' title='bbox 3179 1236 3328 1291; x_wconf 82' lang='lat' dir='ltr'>ferre</span> <span class='ocrx_word' id='word_1_173' title='bbox 3355 1235 3564 1309; x_wconf 85' lang='lat' dir='ltr'>possit.</span> 
     </span>
    </p>
   </div>
   <div class='ocr_carea' id='block_1_24' title="bbox 2062 1322 3642 1395">
    <p class='ocr_par' dir='ltr' id='par_1_24' title="bbox 2062 1322 3642 1395">
     <span class='ocr_line' id='line_1_24' title="bbox 2062 1322 3642 1395; baseline 0.004 -20"><span class='ocrx_word' id='word_1_174' title='bbox 2062 1322 2474 1377; x_wconf 88' lang='lat' dir='ltr'>Additamenta</span> <span class='ocrx_word' id='word_1_175' title='bbox 2504 1339 2635 1377; x_wconf 85' lang='lat' dir='ltr'>vero</span> <span class='ocrx_word' id='word_1_176' title='bbox 2667 1323 2799 1389; x_wconf 87' lang='lat' dir='ltr'>ista,</span> <span class='ocrx_word' id='word_1_177' title='bbox 2833 1328 3119 1395; x_wconf 89' lang='lat' dir='ltr'>quantum</span> <span class='ocrx_word' id='word_1_178' title='bbox 3151 1324 3392 1395; x_wconf 89' lang='lat' dir='ltr'>quidem</span> <span class='ocrx_word' id='word_1_179' title='bbox 3415 1324 3642 1381; x_wconf 88' lang='lat' dir='ltr'>Einsid-</span> 
     </span>
    </p>
   </div>
   <div class='ocr_carea' id='block_1_25' title="bbox 1991 1408 3637 1485">
    <p class='ocr_par' dir='ltr' id='par_1_25' title="bbox 1991 1408 3637 1485">
     <span class='ocr_line' id='line_1_25' title="bbox 1991 1408 3637 1485; baseline 0.003 -22"><span class='ocrx_word' id='word_1_180' title='bbox 1991 1408 2153 1464; x_wconf 87' lang='lat' dir='ltr'>lcnsc</span> <span class='ocrx_word' id='word_1_181' title='bbox 2210 1410 2632 1465; x_wconf 82' lang='lat' dir='ltr'>monasterium</span> <span class='ocrx_word' id='word_1_182' title='bbox 2692 1416 3065 1480; x_wconf 88' lang='lat' dir='ltr'>concernunt,</span> <span class='ocrx_word' id='word_1_183' title='bbox 3116 1413 3392 1485; x_wconf 88' lang='lat' dir='ltr'>Augiensi</span> <span class='ocrx_word' id='word_1_184' title='bbox 3450 1413 3637 1470; x_wconf 88' lang='lat' dir='ltr'>codici</span> 
     </span>
    </p>
   </div>
   <div class='ocr_carea' id='block_1_26' title="bbox 1992 1499 3635 1572">
    <p class='ocr_par' dir='ltr' id='par_1_26' title="bbox 1992 1499 3635 1572">
     <span class='ocr_line' id='line_1_26' title="bbox 1992 1499 3635 1572; baseline 0.005 -22"><span class='ocrx_word' id='word_1_185' title='bbox 1992 1499 2268 1568; x_wconf 80' lang='lat' dir='ltr'>pleraque</span> <span class='ocrx_word' id='word_1_186' title='bbox 2301 1499 2520 1554; x_wconf 84' lang='lat' dir='ltr'>inserta</span> <span class='ocrx_word' id='word_1_187' title='bbox 2552 1501 2708 1553; x_wconf 82' lang='lat' dir='ltr'>fuere</span> <span class='ocrx_word' id='word_1_188' title='bbox 2750 1516 2880 1553; x_wconf 77' lang='lat' dir='ltr'>saec.</span> <span class='ocrx_word' id='word_1_189' title='bbox 2911 1517 3030 1566; x_wconf 72' lang='lat' dir='ltr'>xxv,</span> <span class='ocrx_word' id='word_1_190' title='bbox 3057 1517 3172 1572; x_wconf 89' lang='lat' dir='ltr'>quo</span> <span class='ocrx_word' id='word_1_191' title='bbox 3202 1500 3417 1558; x_wconf 88' lang='lat' dir='ltr'>ibidem</span> <span class='ocrx_word' id='word_1_192' title='bbox 3446 1519 3635 1558; x_wconf 87' lang='lat' dir='ltr'>asser-</span> 
     </span>
    </p>
   </div>
   <div class='ocr_carea' id='block_1_27' title="bbox 1988 1588 3635 1665">
    <p class='ocr_par' dir='ltr' id='par_1_27' title="bbox 1988 1588 3635 1665">
     <span class='ocr_line' id='line_1_27' title="bbox 1988 1588 3635 1665; baseline 0.004 -27"><span class='ocrx_word' id='word_1_193' title='bbox 1988 1588 2256 1651; x_wconf 81' lang='lat' dir='ltr'>vabatur,</span> <span class='ocrx_word' id='word_1_194' title='bbox 2272 1592 2443 1658; x_wconf 90' lang='lat' dir='ltr'>prout</span> <span class='ocrx_word' id='word_1_195' title='bbox 2468 1588 2657 1658; x_wconf 87' lang='lat' dir='ltr'>prodit</span> <span class='ocrx_word' id='word_1_196' title='bbox 2676 1592 2791 1641; x_wconf 89' lang='lat' dir='ltr'>tam</span> <span class='ocrx_word' id='word_1_197' title='bbox 2812 1588 3112 1643; x_wconf 85' lang='lat' dir='ltr'>character</span> <span class='ocrx_word' id='word_1_198' title='bbox 3128 1588 3308 1644; x_wconf 89' lang='lat' dir='ltr'>multo</span> <span class='ocrx_word' id='word_1_199' title='bbox 3330 1590 3635 1665; x_wconf 87' lang='lat' dir='ltr'>recentior,</span> 
     </span>
    </p>
   </div>
   <div class='ocr_carea' id='block_1_28' title="bbox 1987 1676 3637 1749">
    <p class='ocr_par' dir='ltr' id='par_1_28' title="bbox 1987 1676 3637 1749">
     <span class='ocr_line' id='line_1_28' title="bbox 1987 1676 3637 1749; baseline 0.002 -21"><span class='ocrx_word' id='word_1_200' title='bbox 1987 1680 2043 1727; x_wconf 89' lang='lat' dir='ltr'>et</span> <span class='ocrx_word' id='word_1_201' title='bbox 2090 1678 2205 1729; x_wconf 86' lang='lat' dir='ltr'>fere</span> <span class='ocrx_word' id='word_1_202' title='bbox 2264 1691 2495 1745; x_wconf 87' lang='lat' dir='ltr'>semper</span> <span class='ocrx_word' id='word_1_203' title='bbox 2542 1676 2718 1741; x_wconf 86' lang='lat' dir='ltr'>idem,</span> <span class='ocrx_word' id='word_1_204' title='bbox 2753 1692 2929 1746; x_wconf 90' lang='lat' dir='ltr'>quam</span> <span class='ocrx_word' id='word_1_205' title='bbox 2987 1692 3200 1731; x_wconf 89' lang='lat' dir='ltr'>nomen</span> <span class='ocrx_word' id='word_1_206' title='bbox 3258 1676 3370 1731; x_wconf 89' lang='lat' dir='ltr'>loci</span> <span class='ocrx_word' id='word_1_207' title='bbox 3426 1678 3637 1749; x_wconf 59' lang='lat' dir='ltr'>saepius</span> 
     </span>
    </p>
   </div>
   <div class='ocr_carea' id='block_1_29' title="bbox 1989 1763 3638 1837">
    <p class='ocr_par' dir='ltr' id='par_1_29' title="bbox 1989 1763 3638 1837">
     <span class='ocr_line' id='line_1_29' title="bbox 1989 1763 3638 1837; baseline 0.004 -21"><span class='ocrx_word' id='word_1_208' title='bbox 1989 1764 2276 1817; x_wconf 87' lang='lat' dir='ltr'>omissum</span> <span class='ocrx_word' id='word_1_209' title='bbox 2310 1780 2322 1817; x_wconf 93' lang='lat'>:</span> <span class='ocrx_word' id='word_1_210' title='bbox 2354 1764 2505 1834; x_wconf 90' lang='lat' dir='ltr'>quod</span> <span class='ocrx_word' id='word_1_211' title='bbox 2540 1763 2910 1818; x_wconf 77' lang='lat' dir='ltr'>Ilcrmanniis</span> <span class='ocrx_word' id='word_1_212' title='bbox 2941 1764 3233 1836; x_wconf 87' lang='lat' dir='ltr'>genuinus</span> <span class='ocrx_word' id='word_1_213' title='bbox 3290 1782 3521 1837; x_wconf 88' lang='lat' dir='ltr'>semper</span> <span class='ocrx_word' id='word_1_214' title='bbox 3548 1782 3638 1821; x_wconf 89' lang='lat' dir='ltr'>ex-</span> 
     </span>
    </p>
   </div>
   <div class='ocr_carea' id='block_1_30' title="bbox 1987 1852 3634 1926">
    <p class='ocr_par' dir='ltr' id='par_1_30' title="bbox 1987 1852 3634 1926">
     <span class='ocr_line' id='line_1_30' title="bbox 1987 1852 3634 1926; baseline 0.004 -22"><span class='ocrx_word' id='word_1_215' title='bbox 1987 1852 2207 1924; x_wconf 80' lang='lat' dir='ltr'>primit,</span> <span class='ocrx_word' id='word_1_216' title='bbox 2232 1852 2405 1906; x_wconf 91' lang='lat' dir='ltr'>etiam</span> <span class='ocrx_word' id='word_1_217' title='bbox 2441 1853 2536 1905; x_wconf 85' lang='lat' dir='ltr'>ubi</span> <span class='ocrx_word' id='word_1_218' title='bbox 2571 1853 2642 1905; x_wconf 87' lang='lat' dir='ltr'>de</span> <span class='ocrx_word' id='word_1_219' title='bbox 2693 1852 2818 1923; x_wconf 80' lang='lat' dir='ltr'>ipsa</span> <span class='ocrx_word' id='word_1_220' title='bbox 2846 1854 3054 1925; x_wconf 86' lang='lat' dir='ltr'>Augia,</span> <span class='ocrx_word' id='word_1_221' title='bbox 3087 1853 3145 1907; x_wconf 92' lang='lat' dir='ltr'>in</span> <span class='ocrx_word' id='word_1_222' title='bbox 3176 1871 3293 1926; x_wconf 89' lang='lat' dir='ltr'>qua</span> <span class='ocrx_word' id='word_1_223' title='bbox 3321 1854 3634 1925; x_wconf 85' lang='lat' dir='ltr'>scribebat,</span> 
     </span>
    </p>
   </div>
   <div class='ocr_carea' id='block_1_31' title="bbox 233 1938 3636 2044">
    <p class='ocr_par' dir='ltr' id='par_1_31' title="bbox 233 1938 3636 2044">
     <span class='ocr_line' id='line_1_31' title="bbox 233 1938 3636 2044; baseline 0.002 -51"><span class='ocrx_word' id='word_1_224' title='bbox 233 1942 339 2002; x_wconf 89' lang='lat' dir='ltr'>tur,</span> <span class='ocrx_word' id='word_1_225' title='bbox 366 1953 543 1993; x_wconf 82' lang='lat' dir='ltr'>comes</span> <span class='ocrx_word' id='word_1_226' title='bbox 572 1938 639 1994; x_wconf 84' lang='lat' dir='ltr'>de</span> <span class='ocrx_word' id='word_1_227' title='bbox 687 1939 956 2010; x_wconf 85' lang='lat' dir='ltr'>Zeringen</span> <span class='ocrx_word' id='word_1_228' title='bbox 986 1958 1005 1995; x_wconf 88' lang='lat'><em>:</em></span> <span class='ocrx_word' id='word_1_229' title='bbox 1038 1940 1206 2009; x_wconf 81' lang='lat' dir='ltr'>falso,</span> <span class='ocrx_word' id='word_1_230' title='bbox 1240 1960 1369 1998; x_wconf 86' lang='lat' dir='ltr'>cum</span> <span class='ocrx_word' id='word_1_231' title='bbox 1425 1945 1599 2000; x_wconf 75' lang='lat' dir='ltr'>fuerit</span> <span class='ocrx_word' id='word_1_232' title='bbox 1628 1946 1692 2000; x_wconf 79' lang='lat' dir='ltr'>de</span> <span class='ocrx_word' id='word_1_233' title='bbox 1738 1948 1873 2002; x_wconf 75' lang='lat' dir='ltr'>Bre-</span> <span class='ocrx_word' id='word_1_234' title='bbox 1904 1980 1950 2044; x_wconf 78' lang='grc' dir='ltr'><strong>Β</strong></span> <span class='ocrx_word' id='word_1_235' title='bbox 1988 1942 2129 2011; x_wconf 82' lang='lat' dir='ltr'>agit.</span> <span class='ocrx_word' id='word_1_236' title='bbox 2151 1940 2279 1994; x_wconf 88' lang='lat' dir='ltr'>Alia</span> <span class='ocrx_word' id='word_1_237' title='bbox 2306 1940 2450 1995; x_wconf 87' lang='lat' dir='ltr'>ratio</span> <span class='ocrx_word' id='word_1_238' title='bbox 2482 1946 2570 1994; x_wconf 83' lang='lat' dir='ltr'>est</span> <span class='ocrx_word' id='word_1_239' title='bbox 2600 1941 2669 1994; x_wconf 91' lang='lat' dir='ltr'>de</span> <span class='ocrx_word' id='word_1_240' title='bbox 2700 1940 2772 1996; x_wconf 90' lang='lat' dir='ltr'>iis</span> <span class='ocrx_word' id='word_1_241' title='bbox 2816 1957 2942 2011; x_wconf 81' lang='lat' dir='ltr'>quae</span> <span class='ocrx_word' id='word_1_242' title='bbox 2975 1942 3192 1997; x_wconf 89' lang='lat' dir='ltr'>ibidem</span> <span class='ocrx_word' id='word_1_243' title='bbox 3222 1943 3292 1998; x_wconf 90' lang='lat' dir='ltr'>ad</span> <span class='ocrx_word' id='word_1_244' title='bbox 3326 1960 3422 1999; x_wconf 88' lang='lat' dir='ltr'>an.</span> <span class='ocrx_word' id='word_1_245' title='bbox 3445 1944 3550 1998; x_wconf 85' lang='grc'>948</span> <span class='ocrx_word' id='word_1_246' title='bbox 3579 1948 3636 1999; x_wconf 90' lang='lat' dir='ltr'>et</span> 
     </span>
    </p>
   </div>
   <div class='ocr_carea' id='block_1_32' title="bbox 229 2044 378 2097">
    <p class='ocr_par' dir='ltr' id='par_1_32' title="bbox 229 2044 378 2097">
     <span class='ocr_line' id='line_1_32' title="bbox 229 2044 378 2097; baseline 0 -15"><span class='ocrx_word' id='word_1_247' title='bbox 229 2044 378 2097; x_wconf 62' lang='lat' dir='ltr'>gens.</span> 
     </span>
    </p>
   </div>
   <div class='ocr_carea' id='block_1_33' title="bbox 292 2115 1868 2195">
    <p class='ocr_par' dir='ltr' id='par_1_33' title="bbox 292 2115 1868 2195">
     <span class='ocr_line' id='line_1_33' title="bbox 292 2115 1868 2195; baseline 0.005 -24"><span class='ocrx_word' id='word_1_248' title='bbox 292 2117 395 2171; x_wconf 82' lang='lat' dir='ltr'>An.</span> <span class='ocrx_word' id='word_1_249' title='bbox 426 2115 560 2181; x_wconf 84' lang='lat'>987,</span> <span class='ocrx_word' id='word_1_250' title='bbox 616 2131 697 2171; x_wconf 90' lang='lat' dir='ltr'>m.</span> <span class='ocrx_word' id='word_1_251' title='bbox 746 2133 876 2172; x_wconf 63' lang='lat' dir='ltr'>sese.</span> <span class='ocrx_word' id='word_1_252' title='bbox 911 2134 1036 2185; x_wconf 84' lang='lat' dir='ltr'>xm,</span> <span class='ocrx_word' id='word_1_253' title='bbox 1096 2121 1332 2175; x_wconf 79' lang='lat' dir='ltr'>Ecclesia</span> <span class='ocrx_word' id='word_1_254' title='bbox 1378 2123 1534 2178; x_wconf 66' lang='lat' dir='ltr'>cellae</span> <span class='ocrx_word' id='word_1_255' title='bbox 1563 2123 1616 2177; x_wconf 91' lang='lat' dir='ltr'>S.</span> <span class='ocrx_word' id='word_1_256' title='bbox 1656 2127 1868 2195; x_wconf 84' lang='lat' dir='ltr'>Megin-</span> 
     </span>
    </p>
   </div>
   <div class='ocr_carea' id='block_1_34' title="bbox 229 2205 1871 2284">
    <p class='ocr_par' dir='ltr' id='par_1_34' title="bbox 229 2205 1871 2284">
     <span class='ocr_line' id='line_1_34' title="bbox 229 2205 1871 2284; baseline 0.004 -23"><span class='ocrx_word' id='word_1_257' title='bbox 229 2205 341 2261; x_wconf 85' lang='lat' dir='ltr'>radi</span> <span class='ocrx_word' id='word_1_258' title='bbox 367 2212 534 2260; x_wconf 86' lang='lat' dir='ltr'>aucta</span> <span class='ocrx_word' id='word_1_259' title='bbox 563 2208 662 2259; x_wconf 87' lang='lat' dir='ltr'>est.</span> <span class='ocrx_word' id='word_1_260' title='bbox 688 2205 751 2260; x_wconf 92' lang='lat' dir='ltr'>In</span> <span class='ocrx_word' id='word_1_261' title='bbox 783 2206 1023 2277; x_wconf 82' lang='lat' dir='ltr'>reliquis</span> <span class='ocrx_word' id='word_1_262' title='bbox 1053 2208 1354 2263; x_wconf 89' lang='lat' dir='ltr'>codicibus</span> <span class='ocrx_word' id='word_1_263' title='bbox 1386 2210 1520 2265; x_wconf 88' lang='lat' dir='ltr'>inde</span> <span class='ocrx_word' id='word_1_264' title='bbox 1543 2212 1871 2284; x_wconf 85' lang='lat' dir='ltr'>desumptis</span> 
     </span>
    </p>
   </div>
   <div class='ocr_carea' id='block_1_35' title="bbox 227 2294 1870 2370">
    <p class='ocr_par' dir='ltr' id='par_1_35' title="bbox 227 2294 1870 2370">
     <span class='ocr_line' id='line_1_35' title="bbox 227 2294 1870 2370; baseline 0.005 -21"><span class='ocrx_word' id='word_1_265' title='bbox 227 2294 337 2349; x_wconf 71' lang='lat' dir='ltr'>haec</span> <span class='ocrx_word' id='word_1_266' title='bbox 366 2310 400 2349; x_wconf 88' lang='lat' dir='ltr'>a</span> <span class='ocrx_word' id='word_1_267' title='bbox 429 2309 625 2366; x_wconf 81' lang='lat' dir='ltr'>prima</span> <span class='ocrx_word' id='word_1_268' title='bbox 653 2309 832 2348; x_wconf 89' lang='lat' dir='ltr'>manu</span> <span class='ocrx_word' id='word_1_269' title='bbox 865 2299 1022 2360; x_wconf 91' lang='lat' dir='ltr'>sunt,</span> <span class='ocrx_word' id='word_1_270' title='bbox 1059 2296 1140 2349; x_wconf 88' lang='lat' dir='ltr'>uti</span> <span class='ocrx_word' id='word_1_271' title='bbox 1171 2301 1226 2349; x_wconf 87' lang='lat' dir='ltr'>et</span> <span class='ocrx_word' id='word_1_272' title='bbox 1258 2296 1356 2351; x_wconf 88' lang='lat' dir='ltr'>illa</span> <span class='ocrx_word' id='word_1_273' title='bbox 1379 2315 1471 2352; x_wconf 86' lang='lat' dir='ltr'>an.</span> <span class='ocrx_word' id='word_1_274' title='bbox 1496 2301 1602 2353; x_wconf 79' lang='grc'>996</span> <span class='ocrx_word' id='word_1_275' title='bbox 1630 2319 1641 2355; x_wconf 90' lang='lat'><strong>:</strong></span> <span class='ocrx_word' id='word_1_276' title='bbox 1670 2302 1870 2370; x_wconf 83' lang='lat' dir='ltr'>Grego-</span> 
     </span>
    </p>
   </div>
   <div class='ocr_carea' id='block_1_36' title="bbox 233 2382 1872 2454">
    <p class='ocr_par' dir='ltr' id='par_1_36' title="bbox 233 2382 1872 2454">
     <span class='ocr_line' id='line_1_36' title="bbox 233 2382 1872 2454; baseline 0.005 -16"><span class='ocrx_word' id='word_1_277' title='bbox 233 2386 343 2438; x_wconf 80' lang='lat' dir='ltr'>rius</span> <span class='ocrx_word' id='word_1_278' title='bbox 361 2386 587 2438; x_wconf 86' lang='lat' dir='ltr'>sanctus</span> <span class='ocrx_word' id='word_1_279' title='bbox 608 2382 774 2437; x_wconf 82' lang='lat' dir='ltr'>abbas</span> <span class='ocrx_word' id='word_1_280' title='bbox 798 2383 950 2449; x_wconf 82' lang='lat' dir='ltr'>obiit,</span> <span class='ocrx_word' id='word_1_281' title='bbox 971 2384 1183 2454; x_wconf 88' lang='lat' dir='ltr'>quibus</span> <span class='ocrx_word' id='word_1_282' title='bbox 1214 2386 1269 2439; x_wconf 91' lang='lat' dir='ltr'>in</span> <span class='ocrx_word' id='word_1_283' title='bbox 1304 2386 1651 2441; x_wconf 81' lang='lat' dir='ltr'>Einsidlensi</span> <span class='ocrx_word' id='word_1_284' title='bbox 1680 2407 1872 2445; x_wconf 87' lang='lat' dir='ltr'>recen-</span> 
     </span>
    </p>
   </div>
   <div class='ocr_carea' id='block_1_37' title="bbox 227 2470 1872 2545">
    <p class='ocr_par' dir='ltr' id='par_1_37' title="bbox 227 2470 1872 2545">
     <span class='ocr_line' id='line_1_37' title="bbox 227 2470 1872 2545; baseline 0.003 -17"><span class='ocrx_word' id='word_1_285' title='bbox 227 2472 334 2528; x_wconf 91' lang='lat' dir='ltr'>tior</span> <span class='ocrx_word' id='word_1_286' title='bbox 362 2487 583 2527; x_wconf 87' lang='lat' dir='ltr'>manus</span> <span class='ocrx_word' id='word_1_287' title='bbox 623 2470 837 2541; x_wconf 87' lang='lat' dir='ltr'>adjecit</span> <span class='ocrx_word' id='word_1_288' title='bbox 863 2472 1074 2526; x_wconf 75' lang='lat' dir='ltr'>scilicet</span> <span class='ocrx_word' id='word_1_289' title='bbox 1102 2476 1423 2528; x_wconf 72' lang='lat' dir='ltr'>monasterii</span> <span class='ocrx_word' id='word_1_290' title='bbox 1454 2476 1872 2545; x_wconf 81' lang='lat' dir='ltr'>Hcremitarum_</span> 
     </span>
    </p>
   </div>
   <div class='ocr_carea' id='block_1_38' title="bbox 285 2558 1868 2632">
    <p class='ocr_par' dir='ltr' id='par_1_38' title="bbox 285 2558 1868 2632">
     <span class='ocr_line' id='line_1_38' title="bbox 285 2558 1868 2632; baseline 0.004 -15"><span class='ocrx_word' id='word_1_291' title='bbox 285 2564 388 2617; x_wconf 85' lang='lat' dir='ltr'>An.</span> <span class='ocrx_word' id='word_1_292' title='bbox 422 2560 555 2626; x_wconf 77' lang='grc'>997,</span> <span class='ocrx_word' id='word_1_293' title='bbox 585 2562 717 2631; x_wconf 90' lang='lat' dir='ltr'>post</span> <span class='ocrx_word' id='word_1_294' title='bbox 737 2559 885 2629; x_wconf 87' lang='lat' dir='ltr'>ﬁlias</span> <span class='ocrx_word' id='word_1_295' title='bbox 905 2562 1127 2632; x_wconf 82' lang='lat' dir='ltr'>reliquit</span> <span class='ocrx_word' id='word_1_296' title='bbox 1150 2578 1327 2618; x_wconf 88' lang='lat' dir='ltr'>manu</span> <span class='ocrx_word' id='word_1_297' title='bbox 1351 2558 1479 2619; x_wconf 63' lang='lat' dir='ltr'>saéc.</span> <span class='ocrx_word' id='word_1_298' title='bbox 1504 2582 1575 2619; x_wconf 89' lang='lat' dir='ltr'><strong>xv</strong></span> <span class='ocrx_word' id='word_1_299' title='bbox 1604 2567 1675 2621; x_wconf 90' lang='lat' dir='ltr'>ad</span> <span class='ocrx_word' id='word_1_300' title='bbox 1707 2584 1868 2623; x_wconf 85' lang='lat' dir='ltr'>oram</span> 
     </span>
    </p>
   </div>
   <div class='ocr_carea' id='block_1_39' title="bbox 223 2648 565 2708">
    <p class='ocr_par' dir='ltr' id='par_1_39' title="bbox 223 2648 565 2708">
     <span class='ocr_line' id='line_1_39' title="bbox 223 2648 565 2708; baseline -0.018 0"><span class='ocrx_word' id='word_1_301' title='bbox 223 2669 325 2708; x_wconf 88' lang='lat' dir='ltr'>una</span> <span class='ocrx_word' id='word_1_302' title='bbox 358 2648 565 2707; x_wconf 84' lang='lat' dir='ltr'>Gisela.</span> 
     </span>
    </p>
   </div>
   <div class='ocr_carea' id='block_1_40' title="bbox 291 2737 1875 2807">
    <p class='ocr_par' dir='ltr' id='par_1_40' title="bbox 291 2737 1875 2807">
     <span class='ocr_line' id='line_1_40' title="bbox 291 2737 1875 2807; baseline 0.002 -10"><span class='ocrx_word' id='word_1_303' title='bbox 291 2743 398 2797; x_wconf 84' lang='lat' dir='ltr'>An.</span> <span class='ocrx_word' id='word_1_304' title='bbox 434 2738 605 2806; x_wconf 90' lang='lat'><strong>1008,</strong></span> <span class='ocrx_word' id='word_1_305' title='bbox 637 2737 708 2793; x_wconf 86' lang='lat' dir='ltr'>ad</span> <span class='ocrx_word' id='word_1_306' title='bbox 742 2738 1017 2807; x_wconf 80' lang='lat' dir='ltr'>Augiense</span> <span class='ocrx_word' id='word_1_307' title='bbox 1057 2741 1383 2795; x_wconf 79' lang='lat' dir='ltr'>cmuobium</span> <span class='ocrx_word' id='word_1_308' title='bbox 1426 2759 1555 2796; x_wconf 68' lang='lat' dir='ltr'>saec.</span> <span class='ocrx_word' id='word_1_309' title='bbox 1591 2760 1685 2797; x_wconf 78' lang='lat' dir='ltr'>XIV</span> <span class='ocrx_word' id='word_1_310' title='bbox 1716 2748 1875 2800; x_wconf 88' lang='lat' dir='ltr'>nota-</span> 
     </span>
    </p>
   </div>
   <div class='ocr_carea' id='block_1_41' title="bbox 226 2820 1874 2899">
    <p class='ocr_par' dir='ltr' id='par_1_41' title="bbox 226 2820 1874 2899">
     <span class='ocr_line' id='line_1_41' title="bbox 226 2820 1874 2899; baseline 0.001 -14"><span class='ocrx_word' id='word_1_311' title='bbox 226 2835 311 2885; x_wconf 90' lang='lat' dir='ltr'>tur</span> <span class='ocrx_word' id='word_1_312' title='bbox 349 2846 363 2885; x_wconf 89' lang='lat'><strong>:</strong></span> <span class='ocrx_word' id='word_1_313' title='bbox 395 2830 597 2884; x_wconf 81' lang='lat' dir='ltr'>Annus</span> <span class='ocrx_word' id='word_1_314' title='bbox 629 2820 1015 2882; x_wconf 72' lang='lat' dir='ltr'>retributionis</span> <span class='ocrx_word' id='word_1_315' title='bbox 1043 2845 1278 2899; x_wconf 87' lang='lat' dir='ltr'>nequam</span> <span class='ocrx_word' id='word_1_316' title='bbox 1318 2830 1527 2884; x_wconf 75' lang='lat' dir='ltr'>abbatis</span> <span class='ocrx_word' id='word_1_317' title='bbox 1560 2834 1722 2895; x_wconf 81' lang='lat' dir='ltr'>venit,</span> <span class='ocrx_word' id='word_1_318' title='bbox 1758 2834 1874 2887; x_wconf 91' lang='lat' dir='ltr'>Im-</span> 
     </span>
    </p>
   </div>
   <div class='ocr_carea' id='block_1_42' title="bbox 232 2915 1876 2987">
    <p class='ocr_par' dir='ltr' id='par_1_42' title="bbox 232 2915 1876 2987">
     <span class='ocr_line' id='line_1_42' title="bbox 232 2915 1876 2987; baseline 0.001 -14"><span class='ocrx_word' id='word_1_319' title='bbox 232 2917 414 2974; x_wconf 87' lang='lat' dir='ltr'>monis</span> <span class='ocrx_word' id='word_1_320' title='bbox 444 2915 671 2972; x_wconf 86' lang='lat' dir='ltr'>scilicet</span> <span class='ocrx_word' id='word_1_321' title='bbox 692 2919 831 2970; x_wconf 90' lang='lat' dir='ltr'>tunc</span> <span class='ocrx_word' id='word_1_322' title='bbox 851 2915 1119 2987; x_wconf 88' lang='lat' dir='ltr'>depositi,</span> <span class='ocrx_word' id='word_1_323' title='bbox 1155 2918 1306 2987; x_wconf 91' lang='lat' dir='ltr'>quod</span> <span class='ocrx_word' id='word_1_324' title='bbox 1340 2919 1511 2972; x_wconf 87' lang='lat' dir='ltr'>etiam</span> <span class='ocrx_word' id='word_1_325' title='bbox 1546 2919 1603 2974; x_wconf 90' lang='lat' dir='ltr'>in</span> <span class='ocrx_word' id='word_1_326' title='bbox 1654 2922 1876 2977; x_wconf 80' lang='lat' dir='ltr'>Einsid—</span> 
     </span>
    </p>
   </div>
   <div class='ocr_carea' id='block_1_43' title="bbox 230 3004 1171 3077">
    <p class='ocr_par' dir='ltr' id='par_1_43' title="bbox 230 3004 1171 3077">
     <span class='ocr_line' id='line_1_43' title="bbox 230 3004 1171 3077; baseline -0.003 -15"><span class='ocrx_word' id='word_1_327' title='bbox 230 3006 367 3062; x_wconf 88' lang='lat' dir='ltr'>lensi</span> <span class='ocrx_word' id='word_1_328' title='bbox 400 3023 435 3062; x_wconf 89' lang='lat' dir='ltr'>a</span> <span class='ocrx_word' id='word_1_329' title='bbox 468 3004 664 3077; x_wconf 86' lang='lat' dir='ltr'>prima</span> <span class='ocrx_word' id='word_1_330' title='bbox 694 3020 872 3058; x_wconf 89' lang='lat' dir='ltr'>manu</span> <span class='ocrx_word' id='word_1_331' title='bbox 905 3004 1171 3059; x_wconf 89' lang='lat' dir='ltr'>habetur.</span> 
     </span>
    </p>
   </div>
   <div class='ocr_carea' id='block_1_44' title="bbox 284 3092 1871 3166">
    <p class='ocr_par' dir='ltr' id='par_1_44' title="bbox 284 3092 1871 3166">
     <span class='ocr_line' id='line_1_44' title="bbox 284 3092 1871 3166; baseline 0.001 -16"><span class='ocrx_word' id='word_1_332' title='bbox 284 3098 389 3150; x_wconf 88' lang='lat' dir='ltr'>An.</span> <span class='ocrx_word' id='word_1_333' title='bbox 426 3094 593 3159; x_wconf 87' lang='lat'><strong>1009,</strong></span> <span class='ocrx_word' id='word_1_334' title='bbox 624 3092 707 3147; x_wconf 89' lang='lat' dir='ltr'>Ad</span> <span class='ocrx_word' id='word_1_335' title='bbox 775 3092 1141 3163; x_wconf 78' lang='lat' dir='ltr'>Wolferadum</span> <span class='ocrx_word' id='word_1_336' title='bbox 1198 3096 1502 3149; x_wconf 79' lang='lat' dir='ltr'>Hermanni</span> <span class='ocrx_word' id='word_1_337' title='bbox 1556 3106 1764 3166; x_wconf 85' lang='lat' dir='ltr'>patrem</span> <span class='ocrx_word' id='word_1_338' title='bbox 1812 3098 1871 3152; x_wconf 91' lang='lat' dir='ltr'>in</span> 
     </span>
    </p>
   </div>
   <div class='ocr_carea' id='block_1_45' title="bbox 226 3182 1873 3256">
    <p class='ocr_par' dir='ltr' id='par_1_45' title="bbox 226 3182 1873 3256">
     <span class='ocr_line' id='line_1_45' title="bbox 226 3182 1873 3256; baseline 0.001 -17"><span class='ocrx_word' id='word_1_339' title='bbox 226 3183 483 3256; x_wconf 83' lang='lat' dir='ltr'>margine</span> <span class='ocrx_word' id='word_1_340' title='bbox 528 3198 664 3237; x_wconf 67' lang='lat' dir='ltr'>saec.</span> <span class='ocrx_word' id='word_1_341' title='bbox 714 3198 787 3236; x_wconf 91' lang='lat' dir='ltr'><strong>xv</strong></span> <span class='ocrx_word' id='word_1_342' title='bbox 835 3197 1007 3235; x_wconf 87' lang='lat' dir='ltr'>comes</span> <span class='ocrx_word' id='word_1_343' title='bbox 1058 3182 1122 3237; x_wconf 86' lang='lat' dir='ltr'>de</span> <span class='ocrx_word' id='word_1_344' title='bbox 1184 3184 1481 3251; x_wconf 79' lang='lat' dir='ltr'>Vcringcn;</span> <span class='ocrx_word' id='word_1_345' title='bbox 1515 3185 1611 3238; x_wconf 90' lang='lat' dir='ltr'>ubi</span> <span class='ocrx_word' id='word_1_346' title='bbox 1672 3203 1873 3241; x_wconf 87' lang='lat' dir='ltr'>rursus</span> 
     </span>
    </p>
   </div>
   <div class='ocr_carea' id='block_1_46' title="bbox 222 3270 1873 3344">
    <p class='ocr_par' dir='ltr' id='par_1_46' title="bbox 222 3270 1873 3344">
     <span class='ocr_line' id='line_1_46' title="bbox 222 3270 1873 3344; baseline 0.002 -17"><span class='ocrx_word' id='word_1_347' title='bbox 222 3271 405 3329; x_wconf 91' lang='lat' dir='ltr'>nescio</span> <span class='ocrx_word' id='word_1_348' title='bbox 432 3271 582 3344; x_wconf 88' lang='lat' dir='ltr'>quid</span> <span class='ocrx_word' id='word_1_349' title='bbox 612 3274 983 3326; x_wconf 90' lang='lat' dir='ltr'>commentus</span> <span class='ocrx_word' id='word_1_350' title='bbox 1015 3275 1104 3324; x_wconf 90' lang='lat' dir='ltr'>est</span> <span class='ocrx_word' id='word_1_351' title='bbox 1136 3270 1424 3337; x_wconf 87' lang='lat' dir='ltr'>Canisius,</span> <span class='ocrx_word' id='word_1_352' title='bbox 1458 3289 1560 3344; x_wconf 91' lang='lat' dir='ltr'>pro</span> <span class='ocrx_word' id='word_1_353' title='bbox 1607 3275 1873 3344; x_wconf 86' lang='lat' dir='ltr'>Piligrini</span> 
     </span>
    </p>
   </div>
   <div class='ocr_carea' id='block_1_47' title="bbox 1984 2028 3634 2101">
    <p class='ocr_par' dir='ltr' id='par_1_47' title="bbox 1984 2028 3634 2101">
     <span class='ocr_line' id='line_1_47' title="bbox 1984 2028 3634 2101; baseline 0.003 -18"><span class='ocrx_word' id='word_1_354' title='bbox 1984 2031 2088 2084; x_wconf 85' lang='grc'>964</span> <span class='ocrx_word' id='word_1_355' title='bbox 2119 2030 2188 2084; x_wconf 91' lang='lat' dir='ltr'>de</span> <span class='ocrx_word' id='word_1_356' title='bbox 2234 2028 2429 2083; x_wconf 90' lang='lat' dir='ltr'>divina</span> <span class='ocrx_word' id='word_1_357' title='bbox 2472 2029 2904 2085; x_wconf 82' lang='lat' dir='ltr'>consecratione</span> <span class='ocrx_word' id='word_1_358' title='bbox 2934 2030 3166 2101; x_wconf 66' lang='lat' dir='ltr'>capella:</span> <span class='ocrx_word' id='word_1_359' title='bbox 3197 2031 3260 2087; x_wconf 92' lang='lat' dir='ltr'>B.</span> <span class='ocrx_word' id='word_1_360' title='bbox 3293 2031 3360 2086; x_wconf 89' lang='lat' dir='ltr'>V.</span> <span class='ocrx_word' id='word_1_361' title='bbox 3394 2031 3548 2088; x_wconf 84' lang='lat' dir='ltr'>facta</span> <span class='ocrx_word' id='word_1_362' title='bbox 3576 2034 3634 2088; x_wconf 87' lang='lat' dir='ltr'>et</span> 
     </span>
    </p>
   </div>
   <div class='ocr_carea' id='block_1_48' title="bbox 1982 2115 3631 2192">
    <p class='ocr_par' dir='ltr' id='par_1_48' title="bbox 1982 2115 3631 2192">
     <span class='ocr_line' id='line_1_48' title="bbox 1982 2115 3631 2192; baseline 0.002 -19"><span class='ocrx_word' id='word_1_363' title='bbox 1982 2120 2325 2173; x_wconf 84' lang='lat' dir='ltr'>conﬁrmata</span> <span class='ocrx_word' id='word_1_364' title='bbox 2357 2115 2652 2188; x_wconf 87' lang='lat' dir='ltr'>leguntur,</span> <span class='ocrx_word' id='word_1_365' title='bbox 2686 2134 2801 2173; x_wconf 91' lang='lat' dir='ltr'>non</span> <span class='ocrx_word' id='word_1_366' title='bbox 2851 2117 2911 2172; x_wconf 90' lang='lat' dir='ltr'>in</span> <span class='ocrx_word' id='word_1_367' title='bbox 2964 2118 3247 2191; x_wconf 86' lang='lat' dir='ltr'>margine,</span> <span class='ocrx_word' id='word_1_368' title='bbox 3278 2120 3379 2175; x_wconf 90' lang='lat' dir='ltr'>sed</span> <span class='ocrx_word' id='word_1_369' title='bbox 3411 2121 3472 2175; x_wconf 89' lang='lat' dir='ltr'>in</span> <span class='ocrx_word' id='word_1_370' title='bbox 3503 2120 3631 2192; x_wconf 90' lang='lat' dir='ltr'>ipso</span> 
     </span>
    </p>
   </div>
   <div class='ocr_carea' id='block_1_49' title="bbox 1986 2205 3609 2280">
    <p class='ocr_par' dir='ltr' id='par_1_49' title="bbox 1986 2205 3609 2280">
     <span class='ocr_line' id='line_1_49' title="bbox 1986 2205 3609 2280; baseline 0.002 -19"><span class='ocrx_word' id='word_1_371' title='bbox 1986 2210 2276 2261; x_wconf 86' lang='lat' dir='ltr'>contextu.</span> <span class='ocrx_word' id='word_1_372' title='bbox 2313 2205 2440 2260; x_wconf 59' lang='lat' dir='ltr'>Haec</span> <span class='ocrx_word' id='word_1_373' title='bbox 2483 2206 2638 2260; x_wconf 88' lang='lat' dir='ltr'>enim</span> <span class='ocrx_word' id='word_1_374' title='bbox 2691 2207 2970 2276; x_wconf 82' lang='lat' dir='ltr'>majorem</span> <span class='ocrx_word' id='word_1_375' title='bbox 3015 2211 3242 2263; x_wconf 61' lang='lat' dir='ltr'>aetatem</span> <span class='ocrx_word' id='word_1_376' title='bbox 3290 2208 3609 2280; x_wconf 64' lang='lat' dir='ltr'>praferunt</span> 
     </span>
    </p>
   </div>
   <div class='ocr_carea' id='block_1_50' title="bbox 1983 2284 3637 2368">
    <p class='ocr_par' dir='ltr' id='par_1_50' title="bbox 1983 2284 3637 2368">
     <span class='ocr_line' id='line_1_50' title="bbox 1983 2284 3637 2368; baseline 0.002 -18"><span class='ocrx_word' id='word_1_377' title='bbox 1983 2312 2085 2350; x_wconf 87' lang='lat' dir='ltr'>nec</span> <span class='ocrx_word' id='word_1_378' title='bbox 2117 2295 2257 2348; x_wconf 88' lang='lat' dir='ltr'>adeo</span> <span class='ocrx_word' id='word_1_379' title='bbox 2288 2310 2321 2347; x_wconf 92' lang='lat' dir='ltr'>a</span> <span class='ocrx_word' id='word_1_380' title='bbox 2352 2293 2624 2365; x_wconf 70' lang='lat' dir='ltr'>primmva</span> <span class='ocrx_word' id='word_1_381' title='bbox 2655 2295 2872 2349; x_wconf 88' lang='lat' dir='ltr'>codicis</span> <span class='ocrx_word' id='word_1_382' title='bbox 2904 2312 3081 2350; x_wconf 89' lang='lat' dir='ltr'>manu</span> <span class='ocrx_word' id='word_1_383' title='bbox 3114 2295 3460 2368; x_wconf 88' lang='lat' dir='ltr'>discrepant.</span> <span class='ocrx_word' id='word_1_384' title='bbox 3484 2284 3637 2364; x_wconf 60' lang='lat' dir='ltr'>Cha;</span> 
     </span>
    </p>
   </div>
   <div class='ocr_carea' id='block_1_51' title="bbox 1983 2380 3636 2454">
    <p class='ocr_par' dir='ltr' id='par_1_51' title="bbox 1983 2380 3636 2454">
     <span class='ocr_line' id='line_1_51' title="bbox 1983 2380 3636 2454; baseline 0.002 -17"><span class='ocrx_word' id='word_1_385' title='bbox 1983 2387 2167 2437; x_wconf 85' lang='lat' dir='ltr'>racter</span> <span class='ocrx_word' id='word_1_386' title='bbox 2197 2382 2266 2436; x_wconf 89' lang='lat' dir='ltr'>ad</span> <span class='ocrx_word' id='word_1_387' title='bbox 2301 2380 2747 2437; x_wconf 83' lang='lat' dir='ltr'>similitudinem</span> <span class='ocrx_word' id='word_1_388' title='bbox 2795 2381 3002 2454; x_wconf 87' lang='lat' dir='ltr'>reliqui</span> <span class='ocrx_word' id='word_1_389' title='bbox 3050 2387 3243 2439; x_wconf 89' lang='lat' dir='ltr'>textus</span> <span class='ocrx_word' id='word_1_390' title='bbox 3291 2385 3636 2441; x_wconf 77' lang='lat' dir='ltr'>eﬂ‘ormatus</span> 
     </span>
    </p>
   </div>
   <div class='ocr_carea' id='block_1_52' title="bbox 1984 2469 3631 2546">
    <p class='ocr_par' dir='ltr' id='par_1_52' title="bbox 1984 2469 3631 2546">
     <span class='ocr_line' id='line_1_52' title="bbox 1984 2469 3631 2546; baseline 0.003 -21"><span class='ocrx_word' id='word_1_391' title='bbox 1984 2475 2091 2536; x_wconf 88' lang='lat' dir='ltr'>est,</span> <span class='ocrx_word' id='word_1_392' title='bbox 2119 2476 2181 2524; x_wconf 91' lang='lat' dir='ltr'>ut</span> <span class='ocrx_word' id='word_1_393' title='bbox 2212 2469 2310 2525; x_wconf 89' lang='lat' dir='ltr'>illo</span> <span class='ocrx_word' id='word_1_394' title='bbox 2342 2474 2537 2524; x_wconf 89' lang='lat' dir='ltr'>tamen</span> <span class='ocrx_word' id='word_1_395' title='bbox 2569 2469 3001 2541; x_wconf 89' lang='lat' dir='ltr'>aliquantulum</span> <span class='ocrx_word' id='word_1_396' title='bbox 3032 2474 3422 2544; x_wconf 90' lang='lat' dir='ltr'>compressior</span> <span class='ocrx_word' id='word_1_397' title='bbox 3453 2490 3631 2546; x_wconf 86' lang='lat' dir='ltr'>appa-</span> 
     </span>
    </p>
   </div>
   <div class='ocr_carea' id='block_1_53' title="bbox 1986 2558 3633 2634">
    <p class='ocr_par' dir='ltr' id='par_1_53' title="bbox 1986 2558 3633 2634">
     <span class='ocr_line' id='line_1_53' title="bbox 1986 2558 3633 2634; baseline 0.003 -21"><span class='ocrx_word' id='word_1_398' title='bbox 1986 2565 2127 2625; x_wconf 87' lang='lat' dir='ltr'>reat,</span> <span class='ocrx_word' id='word_1_399' title='bbox 2162 2575 2226 2612; x_wconf 88' lang='lat' dir='ltr'>ac</span> <span class='ocrx_word' id='word_1_400' title='bbox 2267 2558 2494 2612; x_wconf 89' lang='lat' dir='ltr'>nullum</span> <span class='ocrx_word' id='word_1_401' title='bbox 2538 2558 2779 2631; x_wconf 90' lang='lat' dir='ltr'>insuper</span> <span class='ocrx_word' id='word_1_402' title='bbox 2808 2560 3065 2632; x_wconf 89' lang='lat' dir='ltr'>spatium</span> <span class='ocrx_word' id='word_1_403' title='bbox 3116 2561 3269 2616; x_wconf 91' lang='lat' dir='ltr'>inter</span> <span class='ocrx_word' id='word_1_404' title='bbox 3314 2566 3633 2634; x_wconf 83' lang='lat' dir='ltr'>utrumque</span> 
     </span>
    </p>
   </div>
   <div class='ocr_carea' id='block_1_54' title="bbox 1985 2647 3631 2719">
    <p class='ocr_par' dir='ltr' id='par_1_54' title="bbox 1985 2647 3631 2719">
     <span class='ocr_line' id='line_1_54' title="bbox 1985 2647 3631 2719; baseline 0.004 -18"><span class='ocrx_word' id='word_1_405' title='bbox 1985 2663 2227 2713; x_wconf 90' lang='lat' dir='ltr'>annum,</span> <span class='ocrx_word' id='word_1_406' title='bbox 2262 2652 2433 2718; x_wconf 87' lang='lat' dir='ltr'>prout</span> <span class='ocrx_word' id='word_1_407' title='bbox 2454 2647 2599 2701; x_wconf 89' lang='lat' dir='ltr'>alias</span> <span class='ocrx_word' id='word_1_408' title='bbox 2630 2648 2975 2719; x_wconf 88' lang='lat' dir='ltr'>plerumque</span> <span class='ocrx_word' id='word_1_409' title='bbox 3001 2650 3358 2719; x_wconf 88' lang='lat' dir='ltr'>observatur,</span> <span class='ocrx_word' id='word_1_410' title='bbox 3380 2667 3631 2707; x_wconf 87' lang='lat' dir='ltr'>vacuum</span> 
     </span>
    </p>
   </div>
   <div class='ocr_carea' id='block_1_55' title="bbox 1985 2736 3632 2809">
    <p class='ocr_par' dir='ltr' id='par_1_55' title="bbox 1985 2736 3632 2809">
     <span class='ocr_line' id='line_1_55' title="bbox 1985 2736 3632 2809; baseline 0.004 -20"><span class='ocrx_word' id='word_1_411' title='bbox 1985 2736 2293 2805; x_wconf 89' lang='lat' dir='ltr'>relinquat.</span> <span class='ocrx_word' id='word_1_412' title='bbox 2326 2736 2731 2790; x_wconf 84' lang='lat' dir='ltr'>Atramentum</span> <span class='ocrx_word' id='word_1_413' title='bbox 2763 2752 2997 2809; x_wconf 91' lang='lat' dir='ltr'>quoque</span> <span class='ocrx_word' id='word_1_414' title='bbox 3029 2738 3294 2793; x_wconf 89' lang='lat' dir='ltr'>nonnihil</span> <span class='ocrx_word' id='word_1_415' title='bbox 3341 2739 3632 2796; x_wconf 89' lang='lat' dir='ltr'>recentius</span> 
     </span>
    </p>
   </div>
   <div class='ocr_carea' id='block_1_56' title="bbox 1985 2822 3630 2899">
    <p class='ocr_par' dir='ltr' id='par_1_56' title="bbox 1985 2822 3630 2899">
     <span class='ocr_line' id='line_1_56' title="bbox 1985 2822 3630 2899; baseline 0.004 -22"><span class='ocrx_word' id='word_1_416' title='bbox 1985 2824 2287 2894; x_wconf 83' lang='lat' dir='ltr'>magisque</span> <span class='ocrx_word' id='word_1_417' title='bbox 2320 2822 2551 2894; x_wconf 90' lang='lat' dir='ltr'>nigrum</span> <span class='ocrx_word' id='word_1_418' title='bbox 2595 2828 2702 2878; x_wconf 87' lang='lat' dir='ltr'>est.</span> <span class='ocrx_word' id='word_1_419' title='bbox 2736 2824 2852 2879; x_wconf 91' lang='lat' dir='ltr'>Nec</span> <span class='ocrx_word' id='word_1_420' title='bbox 2881 2842 3012 2881; x_wconf 90' lang='lat' dir='ltr'>vero</span> <span class='ocrx_word' id='word_1_421' title='bbox 3042 2826 3176 2882; x_wconf 91' lang='lat' dir='ltr'>inde</span> <span class='ocrx_word' id='word_1_422' title='bbox 3224 2827 3630 2899; x_wconf 82' lang='lat' dir='ltr'>interpolatio-</span> 
     </span>
    </p>
   </div>
   <div class='ocr_carea' id='block_1_57' title="bbox 1985 2910 3625 2986">
    <p class='ocr_par' dir='ltr' id='par_1_57' title="bbox 1985 2910 3625 2986">
     <span class='ocr_line' id='line_1_57' title="bbox 1985 2910 3625 2986; baseline 0.004 -21"><span class='ocrx_word' id='word_1_423' title='bbox 1985 2928 2113 2966; x_wconf 90' lang='lat' dir='ltr'>nem</span> <span class='ocrx_word' id='word_1_424' title='bbox 2148 2915 2303 2965; x_wconf 88' lang='lat' dir='ltr'>certo</span> <span class='ocrx_word' id='word_1_425' title='bbox 2333 2910 2592 2965; x_wconf 88' lang='lat' dir='ltr'>evincere</span> <span class='ocrx_word' id='word_1_426' title='bbox 2641 2912 2957 2981; x_wconf 88' lang='lat' dir='ltr'>audemus;</span> <span class='ocrx_word' id='word_1_427' title='bbox 2990 2931 3117 2986; x_wconf 68' lang='lat' dir='ltr'>quae</span> <span class='ocrx_word' id='word_1_428' title='bbox 3145 2915 3194 2970; x_wconf 89' lang='lat' dir='ltr'>si</span> <span class='ocrx_word' id='word_1_429' title='bbox 3226 2914 3401 2970; x_wconf 88' lang='lat' dir='ltr'>etiam</span> <span class='ocrx_word' id='word_1_430' title='bbox 3453 2916 3625 2985; x_wconf 85' lang='lat' dir='ltr'>foret,</span> 
     </span>
    </p>
   </div>
   <div class='ocr_carea' id='block_1_58' title="bbox 1983 2999 3627 3070">
    <p class='ocr_par' dir='ltr' id='par_1_58' title="bbox 1983 2999 3627 3070">
     <span class='ocr_line' id='line_1_58' title="bbox 1983 2999 3627 3070; baseline 0.003 -15"><span class='ocrx_word' id='word_1_431' title='bbox 1983 3000 2128 3056; x_wconf 87' lang='lat' dir='ltr'>satis</span> <span class='ocrx_word' id='word_1_432' title='bbox 2165 3000 2407 3070; x_wconf 87' lang='lat' dir='ltr'>antiqua</span> <span class='ocrx_word' id='word_1_433' title='bbox 2435 3004 2492 3054; x_wconf 89' lang='lat' dir='ltr'>et</span> <span class='ocrx_word' id='word_1_434' title='bbox 2522 2999 2707 3055; x_wconf 90' lang='lat' dir='ltr'>codici</span> <span class='ocrx_word' id='word_1_435' title='bbox 2736 3000 2830 3055; x_wconf 87' lang='lat' dir='ltr'>vix</span> <span class='ocrx_word' id='word_1_436' title='bbox 2879 3018 2992 3057; x_wconf 93' lang='lat' dir='ltr'>non</span> <span class='ocrx_word' id='word_1_437' title='bbox 3024 3019 3212 3058; x_wconf 73' lang='lat' dir='ltr'>coaeva</span> <span class='ocrx_word' id='word_1_438' title='bbox 3260 3007 3432 3060; x_wconf 89' lang='lat' dir='ltr'>esset.</span> <span class='ocrx_word' id='word_1_439' title='bbox 3465 3004 3627 3060; x_wconf 89' lang='lat' dir='ltr'>Idem</span> 
     </span>
    </p>
   </div>
   <div class='ocr_carea' id='block_1_59' title="bbox 1974 3089 3629 3164">
    <p class='ocr_par' dir='ltr' id='par_1_59' title="bbox 1974 3089 3629 3164">
     <span class='ocr_line' id='line_1_59' title="bbox 1974 3089 3629 3164; baseline 0.002 -22"><span class='ocrx_word' id='word_1_440' title='bbox 1974 3089 2267 3159; x_wconf 90' lang='lat' dir='ltr'>judicium</span> <span class='ocrx_word' id='word_1_441' title='bbox 2301 3090 2600 3143; x_wconf 88' lang='lat' dir='ltr'>t&#39;erendum</span> <span class='ocrx_word' id='word_1_442' title='bbox 2633 3105 2940 3145; x_wconf 88' lang='lat' dir='ltr'>censemus</span> <span class='ocrx_word' id='word_1_443' title='bbox 2961 3091 3031 3146; x_wconf 90' lang='lat' dir='ltr'>de</span> <span class='ocrx_word' id='word_1_444' title='bbox 3062 3091 3134 3147; x_wconf 90' lang='lat' dir='ltr'>iis</span> <span class='ocrx_word' id='word_1_445' title='bbox 3160 3109 3286 3164; x_wconf 70' lang='lat' dir='ltr'>quae</span> <span class='ocrx_word' id='word_1_446' title='bbox 3309 3093 3383 3147; x_wconf 91' lang='lat' dir='ltr'>ad</span> <span class='ocrx_word' id='word_1_447' title='bbox 3404 3110 3500 3148; x_wconf 87' lang='lat' dir='ltr'>an.</span> <span class='ocrx_word' id='word_1_448' title='bbox 3521 3091 3629 3147; x_wconf 86' lang='grc'>934</span> 
     </span>
    </p>
   </div>
   <div class='ocr_carea' id='block_1_60' title="bbox 1982 3177 3629 3251">
    <p class='ocr_par' dir='ltr' id='par_1_60' title="bbox 1982 3177 3629 3251">
     <span class='ocr_line' id='line_1_60' title="bbox 1982 3177 3629 3251; baseline 0.003 -20"><span class='ocrx_word' id='word_1_449' title='bbox 1982 3182 2038 3231; x_wconf 85' lang='lat' dir='ltr'>et</span> <span class='ocrx_word' id='word_1_450' title='bbox 2060 3179 2165 3231; x_wconf 86' lang='lat'>958</span> <span class='ocrx_word' id='word_1_451' title='bbox 2197 3180 2474 3231; x_wconf 88' lang='lat' dir='ltr'>notantur</span> <span class='ocrx_word' id='word_1_452' title='bbox 2502 3177 2572 3231; x_wconf 91' lang='lat' dir='ltr'>de</span> <span class='ocrx_word' id='word_1_453' title='bbox 2601 3178 2933 3234; x_wconf 82' lang='lat' dir='ltr'>Eberhardo</span> <span class='ocrx_word' id='word_1_454' title='bbox 2960 3198 2978 3233; x_wconf 93' lang='lat'><strong><em>:</em></strong></span> <span class='ocrx_word' id='word_1_455' title='bbox 3011 3197 3138 3251; x_wconf 63' lang='lat' dir='ltr'>qua</span> <span class='ocrx_word' id='word_1_456' title='bbox 3170 3182 3296 3237; x_wconf 89' lang='lat' dir='ltr'>ideo</span> <span class='ocrx_word' id='word_1_457' title='bbox 3328 3180 3453 3236; x_wconf 89' lang='lat' dir='ltr'>suis</span> <span class='ocrx_word' id='word_1_458' title='bbox 3483 3180 3629 3237; x_wconf 86' lang='lat' dir='ltr'>locis</span> 
     </span>
    </p>
   </div>
   <div class='ocr_carea' id='block_1_61' title="bbox 1982 3256 3629 3339">
    <p class='ocr_par' dir='ltr' id='par_1_61' title="bbox 1982 3256 3629 3339">
     <span class='ocr_line' id='line_1_61' title="bbox 1982 3256 3629 3339; baseline 0.004 -20"><span class='ocrx_word' id='word_1_459' title='bbox 1982 3265 2197 3320; x_wconf 90' lang='lat' dir='ltr'>intacta</span> <span class='ocrx_word' id='word_1_460' title='bbox 2224 3264 2645 3335; x_wconf 86' lang='lat' dir='ltr'>relinquimus;</span> <span class='ocrx_word' id='word_1_461' title='bbox 2679 3283 2793 3321; x_wconf 90' lang='lat' dir='ltr'>non</span> <span class='ocrx_word' id='word_1_462' title='bbox 2824 3267 2963 3322; x_wconf 86' lang='lat' dir='ltr'>item</span> <span class='ocrx_word' id='word_1_463' title='bbox 3013 3270 3083 3323; x_wconf 90' lang='lat' dir='ltr'>ad</span> <span class='ocrx_word' id='word_1_464' title='bbox 3133 3285 3229 3325; x_wconf 89' lang='lat' dir='ltr'>an.</span> <span class='ocrx_word' id='word_1_465' title='bbox 3259 3256 3383 3339; x_wconf 70' lang='grc'>949,</span> <span class='ocrx_word' id='word_1_466' title='bbox 3415 3271 3520 3324; x_wconf 89' lang='grc'>960</span> <span class='ocrx_word' id='word_1_467' title='bbox 3568 3273 3629 3326; x_wconf 85' lang='lat' dir='ltr'>et</span> 
     </span>
    </p>
   </div>
   <div class='ocr_carea' id='block_1_62' title="bbox 215 3339 3623 3433">
    <p class='ocr_par' dir='ltr' id='par_1_62' title="bbox 215 3339 3623 3433">
     <span class='ocr_line' id='line_1_62' title="bbox 215 3339 3623 3433; baseline -0.001 -19"><span class='ocrx_word' id='word_1_468' title='bbox 215 3365 258 3415; x_wconf 86' lang='lat' dir='ltr'>et</span> <span class='ocrx_word' id='word_1_469' title='bbox 286 3339 615 3418; x_wconf 66' lang='lat' dir='ltr'>Benhradae</span> <span class='ocrx_word' id='word_1_470' title='bbox 643 3360 823 3429; x_wconf 85' lang='lat' dir='ltr'>ﬁliam</span> <span class='ocrx_word' id='word_1_471' title='bbox 867 3360 1067 3430; x_wconf 87' lang='lat' dir='ltr'>legens</span> <span class='ocrx_word' id='word_1_472' title='bbox 1097 3361 1358 3427; x_wconf 86' lang='lat' dir='ltr'>Piligrim</span> <span class='ocrx_word' id='word_1_473' title='bbox 1387 3365 1436 3415; x_wconf 83' lang='lat' dir='ltr'>et</span> <span class='ocrx_word' id='word_1_474' title='bbox 1458 3339 1775 3418; x_wconf 49' lang='lat' dir='ltr'>—Bemharlli</span> <span class='ocrx_word' id='word_1_475' title='bbox 1803 3364 1866 3433; x_wconf 73' lang='lat' dir='ltr'>ﬁ-</span> <span class='ocrx_word' id='word_1_476' title='bbox 1900 3339 1941 3405; x_wconf 84' lang='lat' dir='ltr'><strong>C</strong></span> <span class='ocrx_word' id='word_1_477' title='bbox 1979 3356 2084 3409; x_wconf 84' lang='grc'>996</span> <span class='ocrx_word' id='word_1_478' title='bbox 2116 3354 2186 3407; x_wconf 91' lang='lat' dir='ltr'>de</span> <span class='ocrx_word' id='word_1_479' title='bbox 2218 3352 2489 3423; x_wconf 88' lang='lat' dir='ltr'>Gregorio</span> <span class='ocrx_word' id='word_1_480' title='bbox 2522 3354 2748 3418; x_wconf 87' lang='lat' dir='ltr'>abbate,</span> <span class='ocrx_word' id='word_1_481' title='bbox 2783 3371 2908 3425; x_wconf 77' lang='lat' dir='ltr'>quae</span> <span class='ocrx_word' id='word_1_482' title='bbox 2947 3357 3054 3410; x_wconf 90' lang='lat' dir='ltr'>etsi</span> <span class='ocrx_word' id='word_1_483' title='bbox 3095 3356 3320 3429; x_wconf 90' lang='lat' dir='ltr'>antiqui</span> <span class='ocrx_word' id='word_1_484' title='bbox 3351 3356 3623 3413; x_wconf 90' lang='lat' dir='ltr'>nonnihil</span> 
     </span>
    </p>
   </div>
   <div class='ocr_carea' id='block_1_63' title="bbox 219 3448 1869 3523">
    <p class='ocr_par' dir='ltr' id='par_1_63' title="bbox 219 3448 1869 3523">
     <span class='ocr_line' id='line_1_63' title="bbox 219 3448 1869 3523; baseline 0.002 -20"><span class='ocrx_word' id='word_1_485' title='bbox 219 3450 380 3513; x_wconf 75' lang='lat' dir='ltr'>liam,-</span> <span class='ocrx_word' id='word_1_486' title='bbox 413 3449 522 3523; x_wconf 91' lang='lat' dir='ltr'>qui</span> <span class='ocrx_word' id='word_1_487' title='bbox 558 3449 701 3503; x_wconf 89' lang='lat' dir='ltr'>item</span> <span class='ocrx_word' id='word_1_488' title='bbox 753 3464 907 3502; x_wconf 87' lang='lat' dir='ltr'>anno</span> <span class='ocrx_word' id='word_1_489' title='bbox 955 3454 1233 3519; x_wconf 86' lang='lat' dir='ltr'>sequente</span> <span class='ocrx_word' id='word_1_490' title='bbox 1261 3448 1384 3504; x_wconf 92' lang='lat' dir='ltr'>loco</span> <span class='ocrx_word' id='word_1_491' title='bbox 1422 3455 1688 3520; x_wconf 86' lang='lat' dir='ltr'>paternus</span> <span class='ocrx_word' id='word_1_492' title='bbox 1737 3469 1869 3507; x_wconf 84' lang='lat' dir='ltr'>avus</span> 
     </span>
    </p>
   </div>
   <div class='ocr_carea' id='block_1_64' title="bbox 212 3535 1869 3609">
    <p class='ocr_par' dir='ltr' id='par_1_64' title="bbox 212 3535 1869 3609">
     <span class='ocr_line' id='line_1_64' title="bbox 212 3535 1869 3609; baseline -0.001 -16"><span class='ocrx_word' id='word_1_493' title='bbox 212 3555 352 3595; x_wconf 85' lang='lat' dir='ltr'>meus</span> <span class='ocrx_word' id='word_1_494' title='bbox 372 3540 634 3596; x_wconf 85' lang='lat' dir='ltr'>Clemens</span> <span class='ocrx_word' id='word_1_495' title='bbox 656 3535 1025 3592; x_wconf 88' lang='lat' dir='ltr'>intolerando</span> <span class='ocrx_word' id='word_1_496' title='bbox 1047 3553 1240 3592; x_wconf 91' lang='lat' dir='ltr'>errore</span> <span class='ocrx_word' id='word_1_497' title='bbox 1263 3538 1427 3609; x_wconf 90' lang='lat' dir='ltr'>ponit</span> <span class='ocrx_word' id='word_1_498' title='bbox 1449 3547 1709 3609; x_wconf 87' lang='lat' dir='ltr'>paternus</span> <span class='ocrx_word' id='word_1_499' title='bbox 1737 3555 1869 3596; x_wconf 84' lang='lat' dir='ltr'>avus</span> 
     </span>
    </p>
   </div>
   <div class='ocr_carea' id='block_1_65' title="bbox 216 3627 835 3685">
    <p class='ocr_par' dir='ltr' id='par_1_65' title="bbox 216 3627 835 3685">
     <span class='ocr_line' id='line_1_65' title="bbox 216 3627 835 3685; baseline 0 -4"><span class='ocrx_word' id='word_1_500' title='bbox 216 3629 266 3682; x_wconf 82' lang='lat' dir='ltr'>in</span> <span class='ocrx_word' id='word_1_501' title='bbox 295 3628 554 3685; x_wconf 73' lang='lat' dir='ltr'>censibus</span> <span class='ocrx_word' id='word_1_502' title='bbox 581 3627 835 3682; x_wconf 83' lang='lat' dir='ltr'>clemens.</span> 
     </span>
    </p>
   </div>
   <div class='ocr_carea' id='block_1_66' title="bbox 276 3713 1859 3789">
    <p class='ocr_par' dir='ltr' id='par_1_66' title="bbox 276 3713 1859 3789">
     <span class='ocr_line' id='line_1_66' title="bbox 276 3713 1859 3789; baseline 0.001 -17"><span class='ocrx_word' id='word_1_503' title='bbox 276 3718 379 3774; x_wconf 78' lang='lat' dir='ltr'>An.</span> <span class='ocrx_word' id='word_1_504' title='bbox 414 3717 586 3782; x_wconf 88' lang='grc'>1031,</span> <span class='ocrx_word' id='word_1_505' title='bbox 618 3715 691 3771; x_wconf 89' lang='lat' dir='ltr'>ad</span> <span class='ocrx_word' id='word_1_506' title='bbox 724 3713 1046 3786; x_wconf 83' lang='lat' dir='ltr'>marginem</span> <span class='ocrx_word' id='word_1_507' title='bbox 1093 3731 1161 3769; x_wconf 86' lang='lat' dir='ltr'>ex</span> <span class='ocrx_word' id='word_1_508' title='bbox 1208 3730 1337 3769; x_wconf 68' lang='lat' dir='ltr'>saec.</span> <span class='ocrx_word' id='word_1_509' title='bbox 1371 3733 1493 3782; x_wconf 86' lang='lat' dir='ltr'>xm,</span> <span class='ocrx_word' id='word_1_510' title='bbox 1524 3718 1697 3787; x_wconf 85' lang='lat' dir='ltr'>primi</span> <span class='ocrx_word' id='word_1_511' title='bbox 1720 3718 1859 3789; x_wconf 83' lang='lat' dir='ltr'>lapi-</span> 
     </span>
    </p>
   </div>
   <div class='ocr_carea' id='block_1_67' title="bbox 217 3802 1864 3877">
    <p class='ocr_par' dir='ltr' id='par_1_67' title="bbox 217 3802 1864 3877">
     <span class='ocr_line' id='line_1_67' title="bbox 217 3802 1864 3877; baseline 0.002 -17"><span class='ocrx_word' id='word_1_512' title='bbox 217 3804 298 3861; x_wconf 80' lang='lat' dir='ltr'>rtcs</span> <span class='ocrx_word' id='word_1_513' title='bbox 339 3806 597 3863; x_wconf 69' lang='lat' dir='ltr'>ecclesiae</span> <span class='ocrx_word' id='word_1_514' title='bbox 646 3803 794 3859; x_wconf 75' lang='lat' dir='ltr'>cellae</span> <span class='ocrx_word' id='word_1_515' title='bbox 842 3802 897 3857; x_wconf 92' lang='lat' dir='ltr'>S.</span> <span class='ocrx_word' id='word_1_516' title='bbox 927 3803 1231 3871; x_wconf 78' lang='lat' dir='ltr'>Mcginradi</span> <span class='ocrx_word' id='word_1_517' title='bbox 1260 3820 1314 3857; x_wconf 82' lang='lat' dir='ltr'>v1</span> <span class='ocrx_word' id='word_1_518' title='bbox 1356 3803 1479 3859; x_wconf 89' lang='lat' dir='ltr'>Idus</span> <span class='ocrx_word' id='word_1_519' title='bbox 1525 3805 1657 3859; x_wconf 83' lang='lat' dir='ltr'>Maii</span> <span class='ocrx_word' id='word_1_520' title='bbox 1696 3810 1864 3877; x_wconf 81' lang='lat' dir='ltr'>positi</span> 
     </span>
    </p>
   </div>
   <div class='ocr_carea' id='block_1_68' title="bbox 212 3887 1861 3963">
    <p class='ocr_par' dir='ltr' id='par_1_68' title="bbox 212 3887 1861 3963">
     <span class='ocr_line' id='line_1_68' title="bbox 212 3887 1861 3963; baseline 0.002 -15"><span class='ocrx_word' id='word_1_521' title='bbox 212 3899 346 3951; x_wconf 77' lang='lat' dir='ltr'>sunt.</span> <span class='ocrx_word' id='word_1_522' title='bbox 379 3894 446 3951; x_wconf 91' lang='lat' dir='ltr'>In</span> <span class='ocrx_word' id='word_1_523' title='bbox 479 3891 715 3950; x_wconf 66' lang='lat' dir='ltr'>caeteris</span> <span class='ocrx_word' id='word_1_524' title='bbox 761 3887 1063 3947; x_wconf 76' lang='lat' dir='ltr'>codicibu&#39;s</span> <span class='ocrx_word' id='word_1_525' title='bbox 1102 3891 1377 3963; x_wconf 68' lang='lat' dir='ltr'>primaeva</span> <span class='ocrx_word' id='word_1_526' title='bbox 1421 3908 1598 3947; x_wconf 88' lang='lat' dir='ltr'>manu</span> <span class='ocrx_word' id='word_1_527' title='bbox 1630 3900 1861 3952; x_wconf 83' lang='lat' dir='ltr'>exarata</span> 
     </span>
    </p>
   </div>
   <div class='ocr_carea' id='block_1_69' title="bbox 214 3978 1139 4039">
    <p class='ocr_par' dir='ltr' id='par_1_69' title="bbox 214 3978 1139 4039">
     <span class='ocr_line' id='line_1_69' title="bbox 214 3978 1139 4039; baseline -0.004 -2"><span class='ocrx_word' id='word_1_528' title='bbox 214 3980 471 4039; x_wconf 81' lang='lat' dir='ltr'>Canisius</span> <span class='ocrx_word' id='word_1_529' title='bbox 504 3982 861 4038; x_wconf 86' lang='lat' dir='ltr'>detruncata</span> <span class='ocrx_word' id='word_1_530' title='bbox 890 3978 1139 4035; x_wconf 83' lang='lat' dir='ltr'>exhibet.</span> 
     </span>
    </p>
   </div>
   <div class='ocr_carea' id='block_1_70' title="bbox 268 4067 1860 4137">
    <p class='ocr_par' dir='ltr' id='par_1_70' title="bbox 268 4067 1860 4137">
     <span class='ocr_line' id='line_1_70' title="bbox 268 4067 1860 4137; baseline -0.001 -11"><span class='ocrx_word' id='word_1_531' title='bbox 268 4072 569 4137; x_wconf 87' lang='lat' dir='ltr'>An.1032,</span> <span class='ocrx_word' id='word_1_532' title='bbox 615 4084 801 4124; x_wconf 90' lang='lat' dir='ltr'>manu</span> <span class='ocrx_word' id='word_1_533' title='bbox 830 4083 962 4123; x_wconf 67' lang='lat' dir='ltr'>suae.</span> <span class='ocrx_word' id='word_1_534' title='bbox 986 4084 1080 4136; x_wconf 88' lang='lat' dir='ltr'>xv,</span> <span class='ocrx_word' id='word_1_535' title='bbox 1103 4067 1173 4123; x_wconf 88' lang='lat' dir='ltr'>ad</span> <span class='ocrx_word' id='word_1_536' title='bbox 1210 4068 1463 4123; x_wconf 86' lang='lat' dir='ltr'>Bertham</span> <span class='ocrx_word' id='word_1_537' title='bbox 1513 4073 1752 4124; x_wconf 89' lang='lat' dir='ltr'>notatur</span> <span class='ocrx_word' id='word_1_538' title='bbox 1795 4070 1860 4125; x_wconf 89' lang='lat' dir='ltr'>de</span> 
     </span>
    </p>
   </div>
   <div class='ocr_carea' id='block_1_71' title="bbox 212 4155 1858 4230">
    <p class='ocr_par' dir='ltr' id='par_1_71' title="bbox 212 4155 1858 4230">
     <span class='ocr_line' id='line_1_71' title="bbox 212 4155 1858 4230; baseline 0 -17"><span class='ocrx_word' id='word_1_539' title='bbox 212 4159 517 4230; x_wconf 80' lang='lat' dir='ltr'>Helfentain</span> <span class='ocrx_word' id='word_1_540' title='bbox 546 4166 708 4215; x_wconf 83' lang='lat' dir='ltr'>nata.</span> <span class='ocrx_word' id='word_1_541' title='bbox 742 4156 963 4215; x_wconf 88' lang='lat' dir='ltr'>Ibidem</span> <span class='ocrx_word' id='word_1_542' title='bbox 1008 4155 1068 4210; x_wconf 90' lang='lat' dir='ltr'>in</span> <span class='ocrx_word' id='word_1_543' title='bbox 1117 4157 1379 4228; x_wconf 88' lang='lat' dir='ltr'>margine</span> <span class='ocrx_word' id='word_1_544' title='bbox 1410 4174 1539 4213; x_wconf 85' lang='lat' dir='ltr'>saec.</span> <span class='ocrx_word' id='word_1_545' title='bbox 1572 4175 1667 4215; x_wconf 80' lang='lat' dir='ltr'>xw</span> <span class='ocrx_word' id='word_1_546' title='bbox 1696 4158 1858 4214; x_wconf 87' lang='lat' dir='ltr'>addi-</span> 
     </span>
    </p>
   </div>
   <div class='ocr_carea' id='block_1_72' title="bbox 211 4244 1857 4318">
    <p class='ocr_par' dir='ltr' id='par_1_72' title="bbox 211 4244 1857 4318">
     <span class='ocr_line' id='line_1_72' title="bbox 211 4244 1857 4318; baseline 0 -16"><span class='ocrx_word' id='word_1_547' title='bbox 211 4252 296 4304; x_wconf 86' lang='lat' dir='ltr'>tur</span> <span class='ocrx_word' id='word_1_548' title='bbox 325 4268 338 4306; x_wconf 90' lang='lat'>:</span> <span class='ocrx_word' id='word_1_549' title='bbox 379 4251 762 4306; x_wconf 83' lang='lat' dir='ltr'>Warmannus</span> <span class='ocrx_word' id='word_1_550' title='bbox 798 4247 1076 4317; x_wconf 81' lang='lat' dir='ltr'>episcOpus</span> <span class='ocrx_word' id='word_1_551' title='bbox 1115 4244 1564 4313; x_wconf 82' lang='lat' dir='ltr'>Constantiensis,</span> <span class='ocrx_word' id='word_1_552' title='bbox 1588 4247 1857 4318; x_wconf 85' lang='lat' dir='ltr'>quondam</span> 
     </span>
    </p>
   </div>
   <div class='ocr_carea' id='block_1_73' title="bbox 211 4333 1861 4409">
    <p class='ocr_par' dir='ltr' id='par_1_73' title="bbox 211 4333 1861 4409">
     <span class='ocr_line' id='line_1_73' title="bbox 211 4333 1861 4409; baseline -0.001 -17"><span class='ocrx_word' id='word_1_553' title='bbox 211 4338 496 4394; x_wconf 75' lang='lat' dir='ltr'>monachus</span> <span class='ocrx_word' id='word_1_554' title='bbox 559 4337 731 4409; x_wconf 83' lang='lat' dir='ltr'>hujus</span> <span class='ocrx_word' id='word_1_555' title='bbox 787 4334 914 4401; x_wconf 86' lang='lat' dir='ltr'>loci,</span> <span class='ocrx_word' id='word_1_556' title='bbox 958 4335 1266 4389; x_wconf 78' lang='lat' dir='ltr'>Eremitani</span> <span class='ocrx_word' id='word_1_557' title='bbox 1320 4333 1559 4403; x_wconf 91' lang='lat' dir='ltr'>scilicet,</span> <span class='ocrx_word' id='word_1_558' title='bbox 1593 4336 1861 4406; x_wconf 90' lang='lat' dir='ltr'>quamvis</span> 
     </span>
    </p>
   </div>
   <div class='ocr_carea' id='block_1_74' title="bbox 211 4422 1857 4494">
    <p class='ocr_par' dir='ltr' id='par_1_74' title="bbox 211 4422 1857 4494">
     <span class='ocr_line' id='line_1_74' title="bbox 211 4422 1857 4494; baseline 0.001 -15"><span class='ocrx_word' id='word_1_559' title='bbox 211 4423 609 4483; x_wconf 85' lang='lat' dir='ltr'>Einsidlenses</span> <span class='ocrx_word' id='word_1_560' title='bbox 640 4424 795 4479; x_wconf 87' lang='lat' dir='ltr'>inter</span> <span class='ocrx_word' id='word_1_561' title='bbox 822 4427 880 4479; x_wconf 90' lang='lat' dir='ltr'>et</span> <span class='ocrx_word' id='word_1_562' title='bbox 909 4422 1233 4494; x_wconf 78' lang='lat' dir='ltr'>Augienses</span> <span class='ocrx_word' id='word_1_563' title='bbox 1254 4422 1326 4477; x_wconf 89' lang='lat' dir='ltr'>de</span> <span class='ocrx_word' id='word_1_564' title='bbox 1345 4439 1411 4478; x_wconf 90' lang='lat' dir='ltr'>eo</span> <span class='ocrx_word' id='word_1_565' title='bbox 1438 4424 1629 4479; x_wconf 89' lang='lat' dir='ltr'>adhuc</span> <span class='ocrx_word' id='word_1_566' title='bbox 1659 4423 1731 4480; x_wconf 90' lang='lat' dir='ltr'>lis</span> <span class='ocrx_word' id='word_1_567' title='bbox 1761 4425 1857 4481; x_wconf 91' lang='lat' dir='ltr'>sit.</span> 
     </span>
    </p>
   </div>
   <div class='ocr_carea' id='block_1_75' title="bbox 213 4510 1859 4587">
    <p class='ocr_par' dir='ltr' id='par_1_75' title="bbox 213 4510 1859 4587">
     <span class='ocr_line' id='line_1_75' title="bbox 213 4510 1859 4587; baseline 0.001 -20"><span class='ocrx_word' id='word_1_568' title='bbox 213 4512 492 4571; x_wconf 85' lang='lat' dir='ltr'>Lacunam</span> <span class='ocrx_word' id='word_1_569' title='bbox 529 4529 667 4587; x_wconf 61' lang='lat' dir='ltr'>quae</span> <span class='ocrx_word' id='word_1_570' title='bbox 700 4511 810 4567; x_wconf 90' lang='lat' dir='ltr'>hoc</span> <span class='ocrx_word' id='word_1_571' title='bbox 857 4528 1009 4567; x_wconf 88' lang='lat' dir='ltr'>anno</span> <span class='ocrx_word' id='word_1_572' title='bbox 1041 4511 1099 4565; x_wconf 92' lang='lat' dir='ltr'>in</span> <span class='ocrx_word' id='word_1_573' title='bbox 1129 4510 1406 4583; x_wconf 90' lang='lat' dir='ltr'>Augiensi</span> <span class='ocrx_word' id='word_1_574' title='bbox 1447 4512 1859 4585; x_wconf 88' lang='lat' dir='ltr'>transumptis-</span> 
     </span>
    </p>
   </div>
   <div class='ocr_carea' id='block_1_76' title="bbox 210 4600 1858 4674">
    <p class='ocr_par' dir='ltr' id='par_1_76' title="bbox 210 4600 1858 4674">
     <span class='ocr_line' id='line_1_76' title="bbox 210 4600 1858 4674; baseline 0.001 -17"><span class='ocrx_word' id='word_1_575' title='bbox 210 4618 309 4674; x_wconf 87' lang='lat' dir='ltr'>que</span> <span class='ocrx_word' id='word_1_576' title='bbox 334 4605 474 4661; x_wconf 87' lang='lat' dir='ltr'>inde</span> <span class='ocrx_word' id='word_1_577' title='bbox 505 4600 818 4658; x_wconf 88' lang='lat' dir='ltr'>codicibus</span> <span class='ocrx_word' id='word_1_578' title='bbox 847 4600 1205 4665; x_wconf 88' lang='lat' dir='ltr'>observatur,</span> <span class='ocrx_word' id='word_1_579' title='bbox 1239 4616 1308 4655; x_wconf 86' lang='lat' dir='ltr'>ex</span> <span class='ocrx_word' id='word_1_580' title='bbox 1347 4600 1631 4656; x_wconf 90' lang='lat' dir='ltr'>Bernoldo</span> <span class='ocrx_word' id='word_1_581' title='bbox 1662 4602 1858 4659; x_wconf 91' lang='lat' dir='ltr'>Mona-</span> 
     </span>
    </p>
   </div>
   <div class='ocr_carea' id='block_1_77' title="bbox 211 4690 832 4765">
    <p class='ocr_par' dir='ltr' id='par_1_77' title="bbox 211 4690 832 4765">
     <span class='ocr_line' id='line_1_77' title="bbox 211 4690 832 4765; baseline -0.002 -21"><span class='ocrx_word' id='word_1_582' title='bbox 211 4692 353 4748; x_wconf 88' lang='lat' dir='ltr'>censi</span> <span class='ocrx_word' id='word_1_583' title='bbox 387 4690 832 4765; x_wconf 90' lang='lat' dir='ltr'>supplevimus.</span> 
     </span>
    </p>
   </div>
   <div class='ocr_carea' id='block_1_78' title="bbox 268 4776 1865 4850">
    <p class='ocr_par' dir='ltr' id='par_1_78' title="bbox 268 4776 1865 4850">
     <span class='ocr_line' id='line_1_78' title="bbox 268 4776 1865 4850; baseline -0.001 -13"><span class='ocrx_word' id='word_1_584' title='bbox 268 4782 370 4837; x_wconf 82' lang='lat' dir='ltr'>An.</span> <span class='ocrx_word' id='word_1_585' title='bbox 404 4781 581 4847; x_wconf 81' lang='grc'>1034,</span> <span class='ocrx_word' id='word_1_586' title='bbox 635 4779 709 4834; x_wconf 87' lang='lat' dir='ltr'>ab</span> <span class='ocrx_word' id='word_1_587' title='bbox 756 4776 1034 4849; x_wconf 88' lang='lat' dir='ltr'>Augiensi</span> <span class='ocrx_word' id='word_1_588' title='bbox 1096 4776 1326 4832; x_wconf 87' lang='lat' dir='ltr'>aberrat</span> <span class='ocrx_word' id='word_1_589' title='bbox 1373 4779 1753 4850; x_wconf 87' lang='lat' dir='ltr'>Augustanus</span> <span class='ocrx_word' id='word_1_590' title='bbox 1808 4784 1865 4836; x_wconf 91' lang='lat' dir='ltr'>et</span> 
     </span>
    </p>
   </div>
   <div class='ocr_carea' id='block_1_79' title="bbox 210 4864 1865 4942">
    <p class='ocr_par' dir='ltr' id='par_1_79' title="bbox 210 4864 1865 4942">
     <span class='ocr_line' id='line_1_79' title="bbox 210 4864 1865 4942; baseline 0.003 -23"><span class='ocrx_word' id='word_1_591' title='bbox 210 4864 485 4941; x_wconf 84' lang='lat' dir='ltr'>Canisius,</span> <span class='ocrx_word' id='word_1_592' title='bbox 512 4868 623 4942; x_wconf 88' lang='lat' dir='ltr'>qui</span> <span class='ocrx_word' id='word_1_593' title='bbox 656 4883 761 4939; x_wconf 91' lang='lat' dir='ltr'>pro</span> <span class='ocrx_word' id='word_1_594' title='bbox 801 4867 953 4921; x_wconf 84' lang='lat' dir='ltr'>Brun</span> <span class='ocrx_word' id='word_1_595' title='bbox 993 4865 1264 4937; x_wconf 77' lang='lat' dir='ltr'>palmetis</span> <span class='ocrx_word' id='word_1_596' title='bbox 1312 4866 1684 4938; x_wconf 79' lang='lat' dir='ltr'>imperatoris,</span> <span class='ocrx_word' id='word_1_597' title='bbox 1716 4868 1865 4938; x_wconf 88' lang='lat' dir='ltr'>ﬁlius</span> 
     </span>
    </p>
   </div>
   <div class='ocr_carea' id='block_1_80' title="bbox 209 4954 1864 5027">
    <p class='ocr_par' dir='ltr' id='par_1_80' title="bbox 209 4954 1864 5027">
     <span class='ocr_line' id='line_1_80' title="bbox 209 4954 1864 5027; baseline 0.001 -16"><span class='ocrx_word' id='word_1_598' title='bbox 209 4957 400 5014; x_wconf 77' lang='lat' dir='ltr'>scilicet</span> <span class='ocrx_word' id='word_1_599' title='bbox 428 4976 504 5015; x_wconf 77' lang='lat' dir='ltr'>ea:</span> <span class='ocrx_word' id='word_1_600' title='bbox 533 4955 828 5022; x_wconf 72' lang='lat' dir='ltr'>Mathilde,</span> <span class='ocrx_word' id='word_1_601' title='bbox 859 4954 1061 5025; x_wconf 87' lang='lat' dir='ltr'>legunt</span> <span class='ocrx_word' id='word_1_602' title='bbox 1096 4971 1109 5009; x_wconf 87' lang='lat'><strong>:</strong></span> <span class='ocrx_word' id='word_1_603' title='bbox 1142 4955 1296 5008; x_wconf 87' lang='lat' dir='ltr'>Brun</span> <span class='ocrx_word' id='word_1_604' title='bbox 1328 4956 1594 5025; x_wconf 77' lang='lat' dir='ltr'>patruelis</span> <span class='ocrx_word' id='word_1_605' title='bbox 1624 4958 1864 5027; x_wconf 86' lang='lat' dir='ltr'>impera-</span> 
     </span>
    </p>
   </div>
   <div class='ocr_carea' id='block_1_81' title="bbox 209 5045 1869 5118">
    <p class='ocr_par' dir='ltr' id='par_1_81' title="bbox 209 5045 1869 5118">
     <span class='ocr_line' id='line_1_81' title="bbox 209 5045 1869 5118; baseline 0.002 -21"><span class='ocrx_word' id='word_1_606' title='bbox 209 5047 322 5100; x_wconf 84' lang='lat' dir='ltr'>toris</span> <span class='ocrx_word' id='word_1_607' title='bbox 347 5049 508 5118; x_wconf 86' lang='lat' dir='ltr'>ﬁlius</span> <span class='ocrx_word' id='word_1_608' title='bbox 538 5047 830 5117; x_wconf 65' lang='lat' dir='ltr'>ﬁliaeque;</span> <span class='ocrx_word' id='word_1_609' title='bbox 860 5047 917 5097; x_wconf 93' lang='lat' dir='ltr'>et</span> <span class='ocrx_word' id='word_1_610' title='bbox 944 5058 1076 5097; x_wconf 83' lang='lat' dir='ltr'>mox</span> <span class='ocrx_word' id='word_1_611' title='bbox 1107 5046 1346 5113; x_wconf 88' lang='lat' dir='ltr'>postea:</span> <span class='ocrx_word' id='word_1_612' title='bbox 1368 5045 1747 5114; x_wconf 82' lang='lat' dir='ltr'>Episcopatum</span> <span class='ocrx_word' id='word_1_613' title='bbox 1779 5045 1869 5101; x_wconf 79' lang='lat' dir='ltr'>die</span> 
     </span>
    </p>
   </div>
   <div class='ocr_carea' id='block_1_82' title="bbox 210 5131 1864 5207">
    <p class='ocr_par' dir='ltr' id='par_1_82' title="bbox 210 5131 1864 5207">
     <span class='ocr_line' id='line_1_82' title="bbox 210 5131 1864 5207; baseline 0.001 -21"><span class='ocrx_word' id='word_1_614' title='bbox 210 5131 420 5194; x_wconf 77' lang='lat' dir='ltr'>Paschae</span> <span class='ocrx_word' id='word_1_615' title='bbox 449 5136 680 5207; x_wconf 77' lang='lat' dir='ltr'>accepit</span> <span class='ocrx_word' id='word_1_616' title='bbox 711 5132 856 5204; x_wconf 86' lang='lat' dir='ltr'>apud</span> <span class='ocrx_word' id='word_1_617' title='bbox 894 5140 1143 5186; x_wconf 86' lang='lat' dir='ltr'>sanctum</span> <span class='ocrx_word' id='word_1_618' title='bbox 1181 5132 1373 5185; x_wconf 84' lang='lat' dir='ltr'>eciam.</span> <span class='ocrx_word' id='word_1_619' title='bbox 1410 5132 1724 5199; x_wconf 82' lang='lat' dir='ltr'>Theobaldo,</span> <span class='ocrx_word' id='word_1_620' title='bbox 1758 5139 1864 5188; x_wconf 90' lang='lat' dir='ltr'>etc.</span> 
     </span>
    </p>
   </div>
   <div class='ocr_carea' id='block_1_83' title="bbox 210 5219 1870 5297">
    <p class='ocr_par' dir='ltr' id='par_1_83' title="bbox 210 5219 1870 5297">
     <span class='ocr_line' id='line_1_83' title="bbox 210 5219 1870 5297; baseline 0.001 -21"><span class='ocrx_word' id='word_1_621' title='bbox 210 5237 298 5291; x_wconf 87' lang='lat' dir='ltr'>pro</span> <span class='ocrx_word' id='word_1_622' title='bbox 330 5240 342 5280; x_wconf 91' lang='lat'>:</span> <span class='ocrx_word' id='word_1_623' title='bbox 375 5226 618 5297; x_wconf 83' lang='lat' dir='ltr'>accepit.</span> <span class='ocrx_word' id='word_1_624' title='bbox 658 5221 813 5294; x_wconf 87' lang='lat' dir='ltr'>Apud</span> <span class='ocrx_word' id='word_1_625' title='bbox 862 5226 1111 5276; x_wconf 82' lang='lat' dir='ltr'>sanctum</span> <span class='ocrx_word' id='word_1_626' title='bbox 1144 5219 1360 5273; x_wconf 85' lang='lat' dir='ltr'>Gallum</span> <span class='ocrx_word' id='word_1_627' title='bbox 1398 5222 1566 5275; x_wconf 87' lang='lat' dir='ltr'>etiam</span> <span class='ocrx_word' id='word_1_628' title='bbox 1620 5220 1870 5277; x_wconf 83' lang='lat' dir='ltr'>Theobal-</span> 
     </span>
    </p>
   </div>
   <div class='ocr_carea' id='block_1_84' title="bbox 210 5308 420 5377">
    <p class='ocr_par' dir='ltr' id='par_1_84' title="bbox 210 5308 420 5377">
     <span class='ocr_line' id='line_1_84' title="bbox 210 5308 420 5377; baseline 0.029 -12"><span class='ocrx_word' id='word_1_629' title='bbox 210 5308 281 5377; x_wconf 81' lang='lat' dir='ltr'>de,</span> <span class='ocrx_word' id='word_1_630' title='bbox 310 5317 420 5371; x_wconf 90' lang='lat' dir='ltr'>etc.</span> 
     </span>
    </p>
   </div>
   <div class='ocr_carea' id='block_1_85' title="bbox 268 5396 1871 5468">
    <p class='ocr_par' dir='ltr' id='par_1_85' title="bbox 268 5396 1871 5468">
     <span class='ocr_line' id='line_1_85' title="bbox 268 5396 1871 5468; baseline -0.001 -13"><span class='ocrx_word' id='word_1_631' title='bbox 268 5403 371 5458; x_wconf 80' lang='lat' dir='ltr'>An.</span> <span class='ocrx_word' id='word_1_632' title='bbox 407 5403 579 5468; x_wconf 82' lang='lat'><strong>1039,</strong></span> <span class='ocrx_word' id='word_1_633' title='bbox 628 5416 814 5456; x_wconf 87' lang='lat' dir='ltr'>manu</span> <span class='ocrx_word' id='word_1_634' title='bbox 863 5413 993 5455; x_wconf 56' lang='lat' dir='ltr'>saec.</span> <span class='ocrx_word' id='word_1_635' title='bbox 1044 5413 1148 5452; x_wconf 86' lang='lat' dir='ltr'>xm</span> <span class='ocrx_word' id='word_1_636' title='bbox 1193 5396 1514 5467; x_wconf 87' lang='lat' dir='ltr'>ascriptum</span> <span class='ocrx_word' id='word_1_637' title='bbox 1566 5415 1580 5452; x_wconf 90' lang='lat'><strong>:</strong></span> <span class='ocrx_word' id='word_1_638' title='bbox 1627 5399 1871 5455; x_wconf 83' lang='lat' dir='ltr'>Ecclesia</span> 
     </span>
    </p>
   </div>
   <div class='ocr_carea' id='block_1_86' title="bbox 212 5484 1870 5563">
    <p class='ocr_par' dir='ltr' id='par_1_86' title="bbox 212 5484 1870 5563">
     <span class='ocr_line' id='line_1_86' title="bbox 212 5484 1870 5563; baseline -0.002 -18"><span class='ocrx_word' id='word_1_639' title='bbox 212 5489 343 5547; x_wconf 62' lang='lat' dir='ltr'>cells</span> <span class='ocrx_word' id='word_1_640' title='bbox 370 5492 428 5549; x_wconf 90' lang='lat' dir='ltr'>S.</span> <span class='ocrx_word' id='word_1_641' title='bbox 462 5488 789 5563; x_wconf 73' lang='lat' dir='ltr'>Meginradi</span> <span class='ocrx_word' id='word_1_642' title='bbox 814 5505 875 5543; x_wconf 92' lang='grc' dir='ltr'>ιιι</span> <span class='ocrx_word' id='word_1_643' title='bbox 906 5486 1031 5543; x_wconf 86' lang='lat' dir='ltr'>Idus</span> <span class='ocrx_word' id='word_1_644' title='bbox 1062 5486 1303 5542; x_wconf 87' lang='lat' dir='ltr'>Octobris</span> <span class='ocrx_word' id='word_1_645' title='bbox 1331 5484 1635 5553; x_wconf 81' lang='lat' dir='ltr'>dedicatur,</span> <span class='ocrx_word' id='word_1_646' title='bbox 1658 5495 1711 5541; x_wconf 82' lang='lat' dir='ltr'>et</span> <span class='ocrx_word' id='word_1_647' title='bbox 1739 5488 1870 5543; x_wconf 87' lang='lat' dir='ltr'>reli-</span> 
     </span>
    </p>
   </div>
   <div class='ocr_carea' id='block_1_87' title="bbox 211 5573 1870 5653">
    <p class='ocr_par' dir='ltr' id='par_1_87' title="bbox 211 5573 1870 5653">
     <span class='ocr_line' id='line_1_87' title="bbox 211 5573 1870 5653; baseline -0.006 -13"><span class='ocrx_word' id='word_1_648' title='bbox 211 5581 340 5648; x_wconf 57' lang='lat' dir='ltr'>mea:</span> <span class='ocrx_word' id='word_1_649' title='bbox 364 5581 627 5653; x_wconf 84' lang='lat' dir='ltr'>corporis</span> <span class='ocrx_word' id='word_1_650' title='bbox 658 5577 718 5634; x_wconf 88' lang='lat' dir='ltr'>S.</span> <span class='ocrx_word' id='word_1_651' title='bbox 744 5574 1048 5645; x_wconf 75' lang='lat' dir='ltr'>Meginradi</span> <span class='ocrx_word' id='word_1_652' title='bbox 1078 5574 1146 5629; x_wconf 88' lang='lat' dir='ltr'>ab</span> <span class='ocrx_word' id='word_1_653' title='bbox 1198 5575 1562 5643; x_wconf 83' lang='lat' dir='ltr'>Augiensibus</span> <span class='ocrx_word' id='word_1_654' title='bbox 1609 5573 1870 5630; x_wconf 86' lang='lat' dir='ltr'>hactenus</span> 
     </span>
    </p>
   </div>
   <div class='ocr_carea' id='block_1_88' title="bbox 213 5660 1871 5736">
    <p class='ocr_par' dir='ltr' id='par_1_88' title="bbox 213 5660 1871 5736">
     <span class='ocr_line' id='line_1_88' title="bbox 213 5660 1871 5736; baseline -0.008 -8"><span class='ocrx_word' id='word_1_655' title='bbox 213 5676 422 5729; x_wconf 61' lang='lat' dir='ltr'>retentae</span> <span class='ocrx_word' id='word_1_656' title='bbox 441 5668 692 5728; x_wconf 73' lang='lat' dir='ltr'>redditae</span> <span class='ocrx_word' id='word_1_657' title='bbox 712 5668 859 5721; x_wconf 85' lang='lat' dir='ltr'>sunt.</span> <span class='ocrx_word' id='word_1_658' title='bbox 879 5665 964 5722; x_wconf 88' lang='lat' dir='ltr'>Ita</span> <span class='ocrx_word' id='word_1_659' title='bbox 982 5662 1159 5719; x_wconf 87' lang='lat' dir='ltr'>etiam</span> <span class='ocrx_word' id='word_1_660' title='bbox 1184 5660 1241 5716; x_wconf 90' lang='lat' dir='ltr'>in</span> <span class='ocrx_word' id='word_1_661' title='bbox 1272 5660 1623 5718; x_wconf 88' lang='lat' dir='ltr'>Einsidlensi</span> <span class='ocrx_word' id='word_1_662' title='bbox 1645 5662 1871 5736; x_wconf 67' lang='lat' dir='ltr'>prima;-</span> 
     </span>
    </p>
   </div>
   <div class='ocr_carea' id='block_1_89' title="bbox 212 5750 1871 5830">
    <p class='ocr_par' dir='ltr' id='par_1_89' title="bbox 212 5750 1871 5830">
     <span class='ocr_line' id='line_1_89' title="bbox 212 5750 1871 5830; baseline 0 -17"><span class='ocrx_word' id='word_1_663' title='bbox 212 5771 271 5813; x_wconf 83' lang='lat' dir='ltr'>va</span> <span class='ocrx_word' id='word_1_664' title='bbox 298 5775 510 5830; x_wconf 87' lang='lat' dir='ltr'>manu;</span> <span class='ocrx_word' id='word_1_665' title='bbox 547 5759 614 5817; x_wconf 90' lang='lat' dir='ltr'>in</span> <span class='ocrx_word' id='word_1_666' title='bbox 647 5754 933 5829; x_wconf 75' lang='lat' dir='ltr'>Augiensi</span> <span class='ocrx_word' id='word_1_667' title='bbox 964 5758 1156 5812; x_wconf 86' lang='lat' dir='ltr'>tamen</span> <span class='ocrx_word' id='word_1_668' title='bbox 1179 5768 1284 5808; x_wconf 87' lang='lat' dir='ltr'>vox</span> <span class='ocrx_word' id='word_1_669' title='bbox 1315 5751 1381 5807; x_wconf 82' lang='lat' dir='ltr'>ab</span> <span class='ocrx_word' id='word_1_670' title='bbox 1407 5750 1672 5809; x_wconf 87' lang='lat' dir='ltr'>studiose</span> <span class='ocrx_word' id='word_1_671' title='bbox 1703 5768 1871 5813; x_wconf 80' lang='lat' dir='ltr'>erasa</span> 
     </span>
    </p>
   </div>
   <div class='ocr_carea' id='block_1_90' title="bbox 1979 3440 3617 3517">
    <p class='ocr_par' dir='ltr' id='par_1_90' title="bbox 1979 3440 3617 3517">
     <span class='ocr_line' id='line_1_90' title="bbox 1979 3440 3617 3517; baseline 0.003 -21"><span class='ocrx_word' id='word_1_672' title='bbox 1979 3441 2347 3507; x_wconf 84' lang='lat' dir='ltr'>characteris,</span> <span class='ocrx_word' id='word_1_673' title='bbox 2382 3440 2881 3512; x_wconf 85' lang='lat' dir='ltr'>interpolationem</span> <span class='ocrx_word' id='word_1_674' title='bbox 2926 3448 3121 3499; x_wconf 90' lang='lat' dir='ltr'>tamen</span> <span class='ocrx_word' id='word_1_675' title='bbox 3168 3445 3426 3516; x_wconf 89' lang='lat' dir='ltr'>sapiunt,</span> <span class='ocrx_word' id='word_1_676' title='bbox 3461 3447 3617 3517; x_wconf 91' lang='lat' dir='ltr'>quod</span> 
     </span>
    </p>
   </div>
   <div class='ocr_carea' id='block_1_91' title="bbox 1974 3528 3615 3605">
    <p class='ocr_par' dir='ltr' id='par_1_91' title="bbox 1974 3528 3615 3605">
     <span class='ocr_line' id='line_1_91' title="bbox 1974 3528 3615 3605; baseline 0.003 -20"><span class='ocrx_word' id='word_1_677' title='bbox 1974 3531 2053 3585; x_wconf 88' lang='lat' dir='ltr'>ibi</span> <span class='ocrx_word' id='word_1_678' title='bbox 2078 3546 2285 3585; x_wconf 90' lang='lat' dir='ltr'>nomen</span> <span class='ocrx_word' id='word_1_679' title='bbox 2311 3528 2441 3595; x_wconf 92' lang='lat' dir='ltr'>loci,</span> <span class='ocrx_word' id='word_1_680' title='bbox 2462 3546 2561 3584; x_wconf 91' lang='lat' dir='ltr'>seu</span> <span class='ocrx_word' id='word_1_681' title='bbox 2585 3529 2727 3584; x_wconf 91' lang='lat' dir='ltr'>cella</span> <span class='ocrx_word' id='word_1_682' title='bbox 2749 3530 3069 3602; x_wconf 88' lang='lat' dir='ltr'>Meginradi</span> <span class='ocrx_word' id='word_1_683' title='bbox 3093 3548 3434 3605; x_wconf 90' lang='lat' dir='ltr'>expressum</span> <span class='ocrx_word' id='word_1_684' title='bbox 3458 3535 3615 3590; x_wconf 89' lang='lat' dir='ltr'>haud</span> 
     </span>
    </p>
   </div>
   <div class='ocr_carea' id='block_1_92' title="bbox 1973 3616 3608 3690">
    <p class='ocr_par' dir='ltr' id='par_1_92' title="bbox 1973 3616 3608 3690">
     <span class='ocr_line' id='line_1_92' title="bbox 1973 3616 3608 3690; baseline 0.002 -16"><span class='ocrx_word' id='word_1_685' title='bbox 1973 3620 2068 3687; x_wconf 89' lang='lat' dir='ltr'>sit,</span> <span class='ocrx_word' id='word_1_686' title='bbox 2103 3636 2227 3690; x_wconf 71' lang='lat' dir='ltr'>qua:</span> <span class='ocrx_word' id='word_1_687' title='bbox 2257 3618 2455 3672; x_wconf 88' lang='lat' dir='ltr'>omnia</span> <span class='ocrx_word' id='word_1_688' title='bbox 2485 3616 2751 3689; x_wconf 88' lang='lat' dir='ltr'>scriptori</span> <span class='ocrx_word' id='word_1_689' title='bbox 2794 3619 3148 3677; x_wconf 89' lang='lat' dir='ltr'>Einsidlensi</span> <span class='ocrx_word' id='word_1_690' title='bbox 3185 3621 3497 3679; x_wconf 89' lang='lat' dir='ltr'>tribuenda</span> <span class='ocrx_word' id='word_1_691' title='bbox 3522 3623 3608 3677; x_wconf 91' lang='lat' dir='ltr'>vi-</span> 
     </span>
    </p>
   </div>
   <div class='ocr_carea' id='block_1_93' title="bbox 1972 3705 3614 3784">
    <p class='ocr_par' dir='ltr' id='par_1_93' title="bbox 1972 3705 3614 3784">
     <span class='ocr_line' id='line_1_93' title="bbox 1972 3705 3614 3784; baseline 0.002 -20"><span class='ocrx_word' id='word_1_692' title='bbox 1972 3711 2202 3775; x_wconf 91' lang='lat' dir='ltr'>dentur,</span> <span class='ocrx_word' id='word_1_693' title='bbox 2233 3708 2312 3762; x_wconf 90' lang='lat' dir='ltr'>uti</span> <span class='ocrx_word' id='word_1_694' title='bbox 2336 3705 2433 3760; x_wconf 86' lang='lat' dir='ltr'>illa</span> <span class='ocrx_word' id='word_1_695' title='bbox 2457 3707 2670 3776; x_wconf 87' lang='lat' dir='ltr'>quibus</span> <span class='ocrx_word' id='word_1_696' title='bbox 2693 3706 2837 3763; x_wconf 92' lang='lat' dir='ltr'>illud</span> <span class='ocrx_word' id='word_1_697' title='bbox 2860 3709 3117 3780; x_wconf 89' lang='lat' dir='ltr'>additur,</span> <span class='ocrx_word' id='word_1_698' title='bbox 3137 3710 3327 3766; x_wconf 90' lang='lat' dir='ltr'>adhuc</span> <span class='ocrx_word' id='word_1_699' title='bbox 3344 3711 3406 3766; x_wconf 90' lang='lat' dir='ltr'>in</span> <span class='ocrx_word' id='word_1_700' title='bbox 3425 3711 3614 3784; x_wconf 89' lang='lat' dir='ltr'>Augia</span> 
     </span>
    </p>
   </div>
   <div class='ocr_carea' id='block_1_94' title="bbox 1970 3796 3611 3868">
    <p class='ocr_par' dir='ltr' id='par_1_94' title="bbox 1970 3796 3611 3868">
     <span class='ocr_line' id='line_1_94' title="bbox 1970 3796 3611 3868; baseline 0.001 -14"><span class='ocrx_word' id='word_1_701' title='bbox 1970 3797 2226 3868; x_wconf 88' lang='lat' dir='ltr'>ascripta</span> <span class='ocrx_word' id='word_1_702' title='bbox 2272 3811 2601 3863; x_wconf 88' lang='lat' dir='ltr'>censemus,</span> <span class='ocrx_word' id='word_1_703' title='bbox 2633 3796 2746 3852; x_wconf 90' lang='lat' dir='ltr'>nisi</span> <span class='ocrx_word' id='word_1_704' title='bbox 2796 3799 3083 3855; x_wconf 89' lang='lat' dir='ltr'>recentior</span> <span class='ocrx_word' id='word_1_705' title='bbox 3110 3799 3408 3856; x_wconf 87' lang='lat' dir='ltr'>character</span> <span class='ocrx_word' id='word_1_706' title='bbox 3452 3799 3611 3856; x_wconf 86' lang='lat' dir='ltr'>aliud</span> 
     </span>
    </p>
   </div>
   <div class='ocr_carea' id='block_1_95' title="bbox 1970 3886 2197 3959">
    <p class='ocr_par' dir='ltr' id='par_1_95' title="bbox 1970 3886 2197 3959">
     <span class='ocr_line' id='line_1_95' title="bbox 1970 3886 2197 3959; baseline -0.013 -17"><span class='ocrx_word' id='word_1_707' title='bbox 1970 3886 2197 3959; x_wconf 85' lang='lat' dir='ltr'>prodat.</span> 
     </span>
    </p>
   </div>
   <div class='ocr_carea' id='block_1_96' title="bbox 2040 3973 3613 4047">
    <p class='ocr_par' dir='ltr' id='par_1_96' title="bbox 2040 3973 3613 4047">
     <span class='ocr_line' id='line_1_96' title="bbox 2040 3973 3613 4047; baseline 0.003 -18"><span class='ocrx_word' id='word_1_708' title='bbox 2040 3973 2153 4029; x_wconf 88' lang='lat' dir='ltr'>XX.</span> <span class='ocrx_word' id='word_1_709' title='bbox 2190 3973 2425 4028; x_wconf 86' lang='lat' dir='ltr'>Initium</span> <span class='ocrx_word' id='word_1_710' title='bbox 2469 3975 2629 4030; x_wconf 89' lang='lat' dir='ltr'>ducit</span> <span class='ocrx_word' id='word_1_711' title='bbox 2675 3975 2987 4047; x_wconf 88' lang='lat' dir='ltr'>Augiensis</span> <span class='ocrx_word' id='word_1_712' title='bbox 3034 3978 3213 4033; x_wconf 82' lang='lat' dir='ltr'>codex</span> <span class='ocrx_word' id='word_1_713' title='bbox 3242 3994 3275 4033; x_wconf 86' lang='lat' dir='ltr'>a</span> <span class='ocrx_word' id='word_1_714' title='bbox 3302 3975 3613 4033; x_wconf 86' lang='lat' dir='ltr'>Nativitate</span> 
     </span>
    </p>
   </div>
   <div class='ocr_carea' id='block_1_97' title="bbox 1969 4061 3614 4145">
    <p class='ocr_par' dir='ltr' id='par_1_97' title="bbox 1969 4061 3614 4145">
     <span class='ocr_line' id='line_1_97' title="bbox 1969 4061 3614 4145; baseline 0.003 -28"><span class='ocrx_word' id='word_1_715' title='bbox 1969 4062 2197 4118; x_wconf 91' lang='lat' dir='ltr'>Domini</span> <span class='ocrx_word' id='word_1_716' title='bbox 2228 4061 2450 4134; x_wconf 88' lang='lat' dir='ltr'>absque</span> <span class='ocrx_word' id='word_1_717' title='bbox 2481 4062 2750 4119; x_wconf 90' lang='lat' dir='ltr'>ulteriore</span> <span class='ocrx_word' id='word_1_718' title='bbox 2780 4063 2967 4133; x_wconf 91' lang='lat' dir='ltr'>titulo,</span> <span class='ocrx_word' id='word_1_719' title='bbox 2992 4064 3105 4121; x_wconf 89' lang='lat' dir='ltr'>nisi</span> <span class='ocrx_word' id='word_1_720' title='bbox 3135 4066 3235 4145; x_wconf 82' lang='lat' dir='ltr'>qui</span> <span class='ocrx_word' id='word_1_721' title='bbox 3256 4083 3290 4121; x_wconf 90' lang='lat' dir='ltr'>a</span> <span class='ocrx_word' id='word_1_722' title='bbox 3312 4082 3489 4121; x_wconf 89' lang='lat' dir='ltr'>manu</span> <span class='ocrx_word' id='word_1_723' title='bbox 3512 4082 3614 4122; x_wconf 75' lang='lat' dir='ltr'>sa:-</span> 
     </span>
    </p>
   </div>
   <div class='ocr_carea' id='block_1_98' title="bbox 1967 4151 3613 4223">
    <p class='ocr_par' dir='ltr' id='par_1_98' title="bbox 1967 4151 3613 4223">
     <span class='ocr_line' id='line_1_98' title="bbox 1967 4151 3613 4223; baseline 0.001 -14"><span class='ocrx_word' id='word_1_724' title='bbox 1967 4152 2082 4209; x_wconf 92' lang='lat' dir='ltr'>culi</span> <span class='ocrx_word' id='word_1_725' title='bbox 2114 4170 2207 4207; x_wconf 80' lang='lat' dir='ltr'><strong>XIV</strong></span> <span class='ocrx_word' id='word_1_726' title='bbox 2238 4152 2471 4207; x_wconf 88' lang='lat' dir='ltr'>additus</span> <span class='ocrx_word' id='word_1_727' title='bbox 2500 4156 2612 4217; x_wconf 89' lang='lat' dir='ltr'>est,</span> <span class='ocrx_word' id='word_1_728' title='bbox 2633 4156 2806 4223; x_wconf 90' lang='lat' dir='ltr'>prout</span> <span class='ocrx_word' id='word_1_729' title='bbox 2838 4151 3006 4207; x_wconf 90' lang='lat' dir='ltr'>illum</span> <span class='ocrx_word' id='word_1_730' title='bbox 3037 4153 3097 4208; x_wconf 91' lang='lat' dir='ltr'>in</span> <span class='ocrx_word' id='word_1_731' title='bbox 3130 4158 3330 4210; x_wconf 89' lang='lat' dir='ltr'>nostra</span> <span class='ocrx_word' id='word_1_732' title='bbox 3358 4153 3613 4210; x_wconf 88' lang='lat' dir='ltr'>editione</span> 
     </span>
    </p>
   </div>
   <div class='ocr_carea' id='block_1_99' title="bbox 1969 4238 3615 4315">
    <p class='ocr_par' dir='ltr' id='par_1_99' title="bbox 1969 4238 3615 4315">
     <span class='ocr_line' id='line_1_99' title="bbox 1969 4238 3615 4315; baseline 0.001 -18"><span class='ocrx_word' id='word_1_733' title='bbox 1969 4241 2314 4297; x_wconf 87' lang='lat' dir='ltr'>notavimus.</span> <span class='ocrx_word' id='word_1_734' title='bbox 2347 4238 2627 4311; x_wconf 86' lang='lat' dir='ltr'>Pertingit</span> <span class='ocrx_word' id='word_1_735' title='bbox 2655 4243 2850 4295; x_wconf 91' lang='lat' dir='ltr'>autem</span> <span class='ocrx_word' id='word_1_736' title='bbox 2883 4241 3222 4298; x_wconf 89' lang='lat' dir='ltr'>continuata</span> <span class='ocrx_word' id='word_1_737' title='bbox 3252 4242 3398 4299; x_wconf 84' lang='lat' dir='ltr'>serie</span> <span class='ocrx_word' id='word_1_738' title='bbox 3426 4257 3615 4315; x_wconf 87' lang='lat' dir='ltr'>usque</span> 
     </span>
    </p>
   </div>
   <div class='ocr_carea' id='block_1_100' title="bbox 1969 4327 3615 4401">
    <p class='ocr_par' dir='ltr' id='par_1_100' title="bbox 1969 4327 3615 4401">
     <span class='ocr_line' id='line_1_100' title="bbox 1969 4327 3615 4401; baseline 0.001 -17"><span class='ocrx_word' id='word_1_739' title='bbox 1969 4330 2040 4384; x_wconf 87' lang='lat' dir='ltr'>ad</span> <span class='ocrx_word' id='word_1_740' title='bbox 2071 4347 2165 4384; x_wconf 87' lang='lat' dir='ltr'>an.</span> <span class='ocrx_word' id='word_1_741' title='bbox 2202 4330 2359 4397; x_wconf 83' lang='lat'><strong>1051,</strong></span> <span class='ocrx_word' id='word_1_742' title='bbox 2387 4344 2499 4398; x_wconf 90' lang='lat' dir='ltr'>quo</span> <span class='ocrx_word' id='word_1_743' title='bbox 2531 4327 2777 4396; x_wconf 90' lang='lat' dir='ltr'>desinit;</span> <span class='ocrx_word' id='word_1_744' title='bbox 2812 4346 2927 4384; x_wconf 93' lang='lat' dir='ltr'>non</span> <span class='ocrx_word' id='word_1_745' title='bbox 2950 4331 3104 4401; x_wconf 89' lang='lat' dir='ltr'>quod</span> <span class='ocrx_word' id='word_1_746' title='bbox 3134 4332 3504 4387; x_wconf 89' lang='lat' dir='ltr'>Hermannus</span> <span class='ocrx_word' id='word_1_747' title='bbox 3532 4331 3615 4387; x_wconf 90' lang='lat' dir='ltr'>ibi</span> 
     </span>
    </p>
   </div>
   <div class='ocr_carea' id='block_1_101' title="bbox 1969 4416 3615 4493">
    <p class='ocr_par' dir='ltr' id='par_1_101' title="bbox 1969 4416 3615 4493">
     <span class='ocr_line' id='line_1_101' title="bbox 1969 4416 3615 4493; baseline 0.001 -20"><span class='ocrx_word' id='word_1_748' title='bbox 1969 4418 2143 4473; x_wconf 84' lang='lat' dir='ltr'>tinem</span> <span class='ocrx_word' id='word_1_749' title='bbox 2174 4416 2464 4472; x_wconf 89' lang='lat' dir='ltr'>scribendi</span> <span class='ocrx_word' id='word_1_750' title='bbox 2513 4416 2727 4484; x_wconf 82' lang='lat' dir='ltr'>fecerit,</span> <span class='ocrx_word' id='word_1_751' title='bbox 2762 4418 2862 4473; x_wconf 88' lang='lat' dir='ltr'>sed</span> <span class='ocrx_word' id='word_1_752' title='bbox 2903 4420 3042 4490; x_wconf 89' lang='lat' dir='ltr'>quia</span> <span class='ocrx_word' id='word_1_753' title='bbox 3070 4424 3211 4476; x_wconf 90' lang='lat' dir='ltr'>tunc</span> <span class='ocrx_word' id='word_1_754' title='bbox 3256 4421 3382 4493; x_wconf 88' lang='lat' dir='ltr'>ipse</span> <span class='ocrx_word' id='word_1_755' title='bbox 3413 4422 3615 4492; x_wconf 89' lang='lat' dir='ltr'>codex,</span> 
     </span>
    </p>
   </div>
   <div class='ocr_carea' id='block_1_102' title="bbox 1969 4503 3616 4581">
    <p class='ocr_par' dir='ltr' id='par_1_102' title="bbox 1969 4503 3616 4581">
     <span class='ocr_line' id='line_1_102' title="bbox 1969 4503 3616 4581; baseline 0.001 -19"><span class='ocrx_word' id='word_1_756' title='bbox 1969 4505 2233 4562; x_wconf 88' lang='lat' dir='ltr'>rescissis</span> <span class='ocrx_word' id='word_1_757' title='bbox 2265 4503 2485 4577; x_wconf 89' lang='lat' dir='ltr'>aliquot</span> <span class='ocrx_word' id='word_1_758' title='bbox 2514 4504 2670 4559; x_wconf 89' lang='lat' dir='ltr'>foliis</span> <span class='ocrx_word' id='word_1_759' title='bbox 2694 4506 2908 4575; x_wconf 90' lang='lat' dir='ltr'>quibus</span> <span class='ocrx_word' id='word_1_760' title='bbox 2939 4508 3076 4563; x_wconf 89' lang='lat' dir='ltr'>anni</span> <span class='ocrx_word' id='word_1_761' title='bbox 3107 4507 3461 4581; x_wconf 76' lang='lat' dir='ltr'>posteriores</span> <span class='ocrx_word' id='word_1_762' title='bbox 3481 4525 3616 4564; x_wconf 91' lang='lat' dir='ltr'>con-</span> 
     </span>
    </p>
   </div>
   <div class='ocr_carea' id='block_1_103' title="bbox 1968 4595 3614 4667">
    <p class='ocr_par' dir='ltr' id='par_1_103' title="bbox 1968 4595 3614 4667">
     <span class='ocr_line' id='line_1_103' title="bbox 1968 4595 3614 4667; baseline 0.001 -16"><span class='ocrx_word' id='word_1_763' title='bbox 1968 4596 2324 4657; x_wconf 86' lang='lat' dir='ltr'>tinebantur,</span> <span class='ocrx_word' id='word_1_764' title='bbox 2356 4610 2600 4648; x_wconf 87' lang='lat' dir='ltr'>mancus</span> <span class='ocrx_word' id='word_1_765' title='bbox 2631 4599 2719 4649; x_wconf 88' lang='lat' dir='ltr'>est</span> <span class='ocrx_word' id='word_1_766' title='bbox 2753 4612 2765 4649; x_wconf 92' lang='lat'>:</span> <span class='ocrx_word' id='word_1_767' title='bbox 2799 4595 2899 4667; x_wconf 89' lang='lat' dir='ltr'>qui</span> <span class='ocrx_word' id='word_1_768' title='bbox 2946 4596 3101 4652; x_wconf 90' lang='lat' dir='ltr'>idem</span> <span class='ocrx_word' id='word_1_769' title='bbox 3132 4598 3392 4654; x_wconf 77' lang='lat' dir='ltr'>defectus</span> <span class='ocrx_word' id='word_1_770' title='bbox 3422 4599 3482 4653; x_wconf 93' lang='lat' dir='ltr'>in</span> <span class='ocrx_word' id='word_1_771' title='bbox 3514 4598 3614 4653; x_wconf 86' lang='lat' dir='ltr'>de-</span> 
     </span>
    </p>
   </div>
   <div class='ocr_carea' id='block_1_104' title="bbox 1895 4682 3616 4767">
    <p class='ocr_par' dir='ltr' id='par_1_104' title="bbox 1895 4682 3616 4767">
     <span class='ocr_line' id='line_1_104' title="bbox 1895 4682 3616 4767; baseline 0.001 -27"><span class='ocrx_word' id='word_1_772' title='bbox 1895 4705 1941 4767; x_wconf 74' lang='grc' dir='ltr'>ι)</span> <span class='ocrx_word' id='word_1_773' title='bbox 1970 4683 2204 4754; x_wconf 89' lang='lat' dir='ltr'>scriptis</span> <span class='ocrx_word' id='word_1_774' title='bbox 2227 4698 2459 4754; x_wconf 90' lang='lat' dir='ltr'>quoque</span> <span class='ocrx_word' id='word_1_775' title='bbox 2480 4682 2687 4737; x_wconf 88' lang='lat' dir='ltr'>exinde</span> <span class='ocrx_word' id='word_1_776' title='bbox 2708 4682 3060 4740; x_wconf 87' lang='lat' dir='ltr'>Einsidlensi</span> <span class='ocrx_word' id='word_1_777' title='bbox 3083 4690 3140 4741; x_wconf 89' lang='lat' dir='ltr'>et</span> <span class='ocrx_word' id='word_1_778' title='bbox 3157 4688 3498 4759; x_wconf 87' lang='lat' dir='ltr'>Augustano</span> <span class='ocrx_word' id='word_1_779' title='bbox 3519 4702 3616 4742; x_wconf 90' lang='lat' dir='ltr'>co-</span> 
     </span>
    </p>
   </div>
   <div class='ocr_carea' id='block_1_105' title="bbox 1973 4771 3617 4849">
    <p class='ocr_par' dir='ltr' id='par_1_105' title="bbox 1973 4771 3617 4849">
     <span class='ocr_line' id='line_1_105' title="bbox 1973 4771 3617 4849; baseline 0.002 -23"><span class='ocrx_word' id='word_1_780' title='bbox 1973 4772 2201 4827; x_wconf 90' lang='lat' dir='ltr'>dicibus</span> <span class='ocrx_word' id='word_1_781' title='bbox 2218 4771 2493 4839; x_wconf 87' lang='lat' dir='ltr'>habetur;</span> <span class='ocrx_word' id='word_1_782' title='bbox 2517 4772 2667 4826; x_wconf 90' lang='lat' dir='ltr'>unde</span> <span class='ocrx_word' id='word_1_783' title='bbox 2685 4771 2989 4828; x_wconf 90' lang='lat' dir='ltr'>sinistrum</span> <span class='ocrx_word' id='word_1_784' title='bbox 3006 4774 3115 4830; x_wconf 92' lang='lat' dir='ltr'>hoc</span> <span class='ocrx_word' id='word_1_785' title='bbox 3134 4775 3317 4831; x_wconf 82' lang='lat' dir='ltr'>fatum</span> <span class='ocrx_word' id='word_1_786' title='bbox 3336 4773 3617 4849; x_wconf 84' lang='lat' dir='ltr'>Augiensi</span> 
     </span>
    </p>
   </div>
   <div class='ocr_carea' id='block_1_106' title="bbox 1973 4858 3618 4936">
    <p class='ocr_par' dir='ltr' id='par_1_106' title="bbox 1973 4858 3618 4936">
     <span class='ocr_line' id='line_1_106' title="bbox 1973 4858 3618 4936; baseline 0.002 -20"><span class='ocrx_word' id='word_1_787' title='bbox 1973 4860 2154 4916; x_wconf 89' lang='lat' dir='ltr'>codici</span> <span class='ocrx_word' id='word_1_788' title='bbox 2190 4859 2396 4915; x_wconf 87' lang='lat' dir='ltr'>saltem</span> <span class='ocrx_word' id='word_1_789' title='bbox 2420 4860 2546 4930; x_wconf 88' lang='lat' dir='ltr'>jam</span> <span class='ocrx_word' id='word_1_790' title='bbox 2580 4858 2789 4915; x_wconf 81' lang='lat' dir='ltr'>saeculo</span> <span class='ocrx_word' id='word_1_791' title='bbox 2818 4879 2915 4917; x_wconf 87' lang='lat' dir='ltr'><strong>x1v</strong></span> <span class='ocrx_word' id='word_1_792' title='bbox 2935 4862 3214 4935; x_wconf 85' lang='lat' dir='ltr'>obtigisse</span> <span class='ocrx_word' id='word_1_793' title='bbox 3244 4880 3479 4921; x_wconf 90' lang='lat' dir='ltr'>necesse</span> <span class='ocrx_word' id='word_1_794' title='bbox 3507 4867 3618 4936; x_wconf 88' lang='lat' dir='ltr'>est,</span> 
     </span>
    </p>
   </div>
   <div class='ocr_carea' id='block_1_107' title="bbox 1975 4948 3617 5023">
    <p class='ocr_par' dir='ltr' id='par_1_107' title="bbox 1975 4948 3617 5023">
     <span class='ocr_line' id='line_1_107' title="bbox 1975 4948 3617 5023; baseline 0.002 -19"><span class='ocrx_word' id='word_1_795' title='bbox 1975 4967 2089 5021; x_wconf 94' lang='lat' dir='ltr'>quo</span> <span class='ocrx_word' id='word_1_796' title='bbox 2118 4948 2201 5003; x_wconf 92' lang='lat' dir='ltr'>illi</span> <span class='ocrx_word' id='word_1_797' title='bbox 2233 4963 2301 5003; x_wconf 87' lang='lat' dir='ltr'><strong>ex</strong></span> <span class='ocrx_word' id='word_1_798' title='bbox 2330 4965 2396 5002; x_wconf 90' lang='lat' dir='ltr'>eo</span> <span class='ocrx_word' id='word_1_799' title='bbox 2430 4948 2587 5003; x_wconf 86' lang='lat' dir='ltr'>fuere</span> <span class='ocrx_word' id='word_1_800' title='bbox 2616 4951 2992 5023; x_wconf 89' lang='lat' dir='ltr'>transumpti.</span> <span class='ocrx_word' id='word_1_801' title='bbox 3027 4952 3353 5008; x_wconf 90' lang='lat' dir='ltr'>Dolendum</span> <span class='ocrx_word' id='word_1_802' title='bbox 3384 4953 3442 5009; x_wconf 88' lang='lat' dir='ltr'>id</span> <span class='ocrx_word' id='word_1_803' title='bbox 3473 4956 3617 5022; x_wconf 88' lang='lat' dir='ltr'>erat,</span> 
     </span>
    </p>
   </div>
   <div class='ocr_carea' id='block_1_108' title="bbox 1975 5036 3617 5114">
    <p class='ocr_par' dir='ltr' id='par_1_108' title="bbox 1975 5036 3617 5114">
     <span class='ocr_line' id='line_1_108' title="bbox 1975 5036 3617 5114; baseline 0.002 -20"><span class='ocrx_word' id='word_1_804' title='bbox 1975 5038 2086 5094; x_wconf 91' lang='lat' dir='ltr'>nisi</span> <span class='ocrx_word' id='word_1_805' title='bbox 2118 5055 2185 5093; x_wconf 85' lang='lat' dir='ltr'>ex</span> <span class='ocrx_word' id='word_1_806' title='bbox 2214 5036 2467 5091; x_wconf 85' lang='lat' dir='ltr'>Murensi</span> <span class='ocrx_word' id='word_1_807' title='bbox 2500 5042 2557 5091; x_wconf 88' lang='lat' dir='ltr'>et</span> <span class='ocrx_word' id='word_1_808' title='bbox 2585 5038 3035 5111; x_wconf 82' lang='lat' dir='ltr'>Eugelbergensi</span> <span class='ocrx_word' id='word_1_809' title='bbox 3067 5058 3232 5111; x_wconf 91' lang='lat' dir='ltr'>mss.,</span> <span class='ocrx_word' id='word_1_810' title='bbox 3265 5042 3366 5114; x_wconf 90' lang='lat' dir='ltr'>qui</span> <span class='ocrx_word' id='word_1_811' title='bbox 3389 5043 3517 5114; x_wconf 88' lang='lat' dir='ltr'>jam</span> <span class='ocrx_word' id='word_1_812' title='bbox 3547 5041 3617 5097; x_wconf 82' lang='lat' dir='ltr'>ab</span> 
     </span>
    </p>
   </div>
   <div class='ocr_carea' id='block_1_109' title="bbox 1976 5125 3620 5203">
    <p class='ocr_par' dir='ltr' id='par_1_109' title="bbox 1976 5125 3620 5203">
     <span class='ocr_line' id='line_1_109' title="bbox 1976 5125 3620 5203; baseline 0.004 -22"><span class='ocrx_word' id='word_1_813' title='bbox 1976 5127 2146 5182; x_wconf 87' lang='lat' dir='ltr'>annis</span> <span class='ocrx_word' id='word_1_814' title='bbox 2176 5125 2468 5197; x_wconf 89' lang='lat' dir='ltr'>prioribus</span> <span class='ocrx_word' id='word_1_815' title='bbox 2510 5142 2644 5180; x_wconf 91' lang='lat' dir='ltr'>cum</span> <span class='ocrx_word' id='word_1_816' title='bbox 2692 5128 2973 5198; x_wconf 89' lang='lat' dir='ltr'>Augiensi</span> <span class='ocrx_word' id='word_1_817' title='bbox 3001 5132 3450 5199; x_wconf 89' lang='lat' dir='ltr'>concordarunt,</span> <span class='ocrx_word' id='word_1_818' title='bbox 3482 5147 3620 5203; x_wconf 87' lang='lat' dir='ltr'>sup-</span> 
     </span>
    </p>
   </div>
   <div class='ocr_carea' id='block_1_110' title="bbox 1977 5213 3619 5292">
    <p class='ocr_par' dir='ltr' id='par_1_110' title="bbox 1977 5213 3619 5292">
     <span class='ocr_line' id='line_1_110' title="bbox 1977 5213 3619 5292; baseline 0.003 -23"><span class='ocrx_word' id='word_1_819' title='bbox 1977 5215 2117 5287; x_wconf 90' lang='lat' dir='ltr'>pleri</span> <span class='ocrx_word' id='word_1_820' title='bbox 2153 5215 2437 5285; x_wconf 88' lang='lat' dir='ltr'>potuisset</span> <span class='ocrx_word' id='word_1_821' title='bbox 2459 5213 2577 5268; x_wconf 78' lang='lat' dir='ltr'>haec</span> <span class='ocrx_word' id='word_1_822' title='bbox 2600 5215 2777 5269; x_wconf 89' lang='lat' dir='ltr'>trium</span> <span class='ocrx_word' id='word_1_823' title='bbox 2798 5233 3084 5275; x_wconf 88' lang='lat' dir='ltr'>annorum</span> <span class='ocrx_word' id='word_1_824' title='bbox 3108 5219 3320 5276; x_wconf 87' lang='lat' dir='ltr'>lacuna</span> <span class='ocrx_word' id='word_1_825' title='bbox 3339 5236 3527 5292; x_wconf 90' lang='lat' dir='ltr'>usque</span> <span class='ocrx_word' id='word_1_826' title='bbox 3548 5218 3619 5275; x_wconf 87' lang='lat' dir='ltr'>ad</span> 
     </span>
    </p>
   </div>
   <div class='ocr_carea' id='block_1_111' title="bbox 1978 5305 3623 5376">
    <p class='ocr_par' dir='ltr' id='par_1_111' title="bbox 1978 5305 3623 5376">
     <span class='ocr_line' id='line_1_111' title="bbox 1978 5305 3623 5376; baseline 0.001 -16"><span class='ocrx_word' id='word_1_827' title='bbox 1978 5322 2071 5360; x_wconf 89' lang='lat' dir='ltr'>an.</span> <span class='ocrx_word' id='word_1_828' title='bbox 2098 5305 2253 5369; x_wconf 73' lang='grc'>1054,</span> <span class='ocrx_word' id='word_1_829' title='bbox 2269 5319 2576 5373; x_wconf 89' lang='lat' dir='ltr'>quousque</span> <span class='ocrx_word' id='word_1_830' title='bbox 2599 5320 2807 5375; x_wconf 89' lang='lat' dir='ltr'>nempe</span> <span class='ocrx_word' id='word_1_831' title='bbox 2830 5307 3176 5376; x_wconf 88' lang='lat' dir='ltr'>perductum</span> <span class='ocrx_word' id='word_1_832' title='bbox 3198 5313 3288 5364; x_wconf 91' lang='lat' dir='ltr'>est</span> <span class='ocrx_word' id='word_1_833' title='bbox 3307 5305 3623 5364; x_wconf 88' lang='lat' dir='ltr'>Hermanni</span> 
     </span>
    </p>
   </div>
   <div class='ocr_carea' id='block_1_112' title="bbox 1978 5390 3622 5469">
    <p class='ocr_par' dir='ltr' id='par_1_112' title="bbox 1978 5390 3622 5469">
     <span class='ocr_line' id='line_1_112' title="bbox 1978 5390 3622 5469; baseline 0.001 -20"><span class='ocrx_word' id='word_1_834' title='bbox 1978 5392 2312 5458; x_wconf 88' lang='lat' dir='ltr'>chronicon,</span> <span class='ocrx_word' id='word_1_835' title='bbox 2345 5391 2431 5446; x_wconf 90' lang='lat' dir='ltr'>uti</span> <span class='ocrx_word' id='word_1_836' title='bbox 2462 5390 2829 5461; x_wconf 86' lang='lat' dir='ltr'>Bertholdus,</span> <span class='ocrx_word' id='word_1_837' title='bbox 2862 5395 2991 5465; x_wconf 88' lang='lat' dir='ltr'>ejus</span> <span class='ocrx_word' id='word_1_838' title='bbox 3020 5396 3373 5469; x_wconf 90' lang='lat' dir='ltr'>discipulus,</span> <span class='ocrx_word' id='word_1_839' title='bbox 3403 5398 3462 5452; x_wconf 92' lang='lat' dir='ltr'>in</span> <span class='ocrx_word' id='word_1_840' title='bbox 3491 5396 3622 5451; x_wconf 86' lang='lat' dir='ltr'>Vita</span> 
     </span>
    </p>
   </div>
   <div class='ocr_carea' id='block_1_113' title="bbox 1978 5480 3623 5554">
    <p class='ocr_par' dir='ltr' id='par_1_113' title="bbox 1978 5480 3623 5554">
     <span class='ocr_line' id='line_1_113' title="bbox 1978 5480 3623 5554; baseline 0 -16"><span class='ocrx_word' id='word_1_841' title='bbox 1978 5481 2249 5554; x_wconf 90' lang='lat' dir='ltr'>superius</span> <span class='ocrx_word' id='word_1_842' title='bbox 2277 5480 2413 5535; x_wconf 83' lang='lat' dir='ltr'>data</span> <span class='ocrx_word' id='word_1_843' title='bbox 2441 5485 2707 5552; x_wconf 84' lang='lat' dir='ltr'>testatur,</span> <span class='ocrx_word' id='word_1_844' title='bbox 2731 5498 2986 5552; x_wconf 90' lang='lat' dir='ltr'>quocum</span> <span class='ocrx_word' id='word_1_845' title='bbox 3018 5487 3191 5542; x_wconf 85' lang='lat' dir='ltr'>etiam</span> <span class='ocrx_word' id='word_1_846' title='bbox 3223 5486 3448 5543; x_wconf 89' lang='lat' dir='ltr'>faciunt</span> <span class='ocrx_word' id='word_1_847' title='bbox 3473 5484 3623 5540; x_wconf 89' lang='lat' dir='ltr'>codi-</span> 
     </span>
    </p>
   </div>
   <div class='ocr_carea' id='block_1_114' title="bbox 1979 5566 3298 5628">
    <p class='ocr_par' dir='ltr' id='par_1_114' title="bbox 1979 5566 3298 5628">
     <span class='ocr_line' id='line_1_114' title="bbox 1979 5566 3298 5628; baseline 0 -1"><span class='ocrx_word' id='word_1_848' title='bbox 1979 5588 2075 5627; x_wconf 90' lang='lat' dir='ltr'>ces</span> <span class='ocrx_word' id='word_1_849' title='bbox 2108 5566 2375 5625; x_wconf 90' lang='lat' dir='ltr'>Bernoldi</span> <span class='ocrx_word' id='word_1_850' title='bbox 2407 5574 2465 5623; x_wconf 89' lang='lat' dir='ltr'>et</span> <span class='ocrx_word' id='word_1_851' title='bbox 2495 5568 2788 5627; x_wconf 89' lang='lat' dir='ltr'>Murensis</span> <span class='ocrx_word' id='word_1_852' title='bbox 2817 5573 2888 5626; x_wconf 90' lang='lat' dir='ltr'>ad</span> <span class='ocrx_word' id='word_1_853' title='bbox 2916 5589 3139 5628; x_wconf 86' lang='lat' dir='ltr'>annum</span> <span class='ocrx_word' id='word_1_854' title='bbox 3169 5574 3298 5627; x_wconf 88' lang='lat'>378.</span> 
     </span>
    </p>
   </div>
   <div class='ocr_carea' id='block_1_115' title="bbox 2049 5655 3616 5733">
    <p class='ocr_par' dir='ltr' id='par_1_115' title="bbox 2049 5655 3616 5733">
     <span class='ocr_line' id='line_1_115' title="bbox 2049 5655 3616 5733; baseline 0.001 -19"><span class='ocrx_word' id='word_1_855' title='bbox 2049 5657 2169 5714; x_wconf 88' lang='lat' dir='ltr'>Etsi</span> <span class='ocrx_word' id='word_1_856' title='bbox 2199 5672 2329 5711; x_wconf 89' lang='lat' dir='ltr'>vero</span> <span class='ocrx_word' id='word_1_857' title='bbox 2361 5655 2651 5711; x_wconf 89' lang='lat' dir='ltr'>Murensis</span> <span class='ocrx_word' id='word_1_858' title='bbox 2673 5658 2972 5715; x_wconf 85' lang='lat' dir='ltr'>deﬁciente</span> <span class='ocrx_word' id='word_1_859' title='bbox 2994 5660 3267 5733; x_wconf 88' lang='lat' dir='ltr'>Augiensi</span> <span class='ocrx_word' id='word_1_860' title='bbox 3300 5674 3403 5730; x_wconf 89' lang='lat' dir='ltr'>per</span> <span class='ocrx_word' id='word_1_861' title='bbox 3430 5673 3616 5715; x_wconf 82' lang='lat' dir='ltr'>annos</span> 
     </span>
    </p>
   </div>
   <div class='ocr_carea' id='block_1_116' title="bbox 1980 5745 3617 5819">
    <p class='ocr_par' dir='ltr' id='par_1_116' title="bbox 1980 5745 3617 5819">
     <span class='ocr_line' id='line_1_116' title="bbox 1980 5745 3617 5819; baseline -0.004 -11"><span class='ocrx_word' id='word_1_862' title='bbox 1980 5750 2138 5819; x_wconf 73' lang='lat'><strong>1052,</strong></span> <span class='ocrx_word' id='word_1_863' title='bbox 2173 5746 2308 5804; x_wconf 84' lang='lat'><strong>1053</strong></span> <span class='ocrx_word' id='word_1_864' title='bbox 2337 5747 2394 5800; x_wconf 88' lang='lat' dir='ltr'>et</span> <span class='ocrx_word' id='word_1_865' title='bbox 2427 5745 2564 5802; x_wconf 81' lang='grc'>1054</span> <span class='ocrx_word' id='word_1_866' title='bbox 2593 5745 2877 5818; x_wconf 87' lang='lat' dir='ltr'>decurrat,</span> <span class='ocrx_word' id='word_1_867' title='bbox 2905 5747 3033 5805; x_wconf 88' lang='lat' dir='ltr'>istis</span> <span class='ocrx_word' id='word_1_868' title='bbox 3067 5752 3255 5803; x_wconf 87' lang='lat' dir='ltr'>tamen</span> <span class='ocrx_word' id='word_1_869' title='bbox 3286 5746 3479 5801; x_wconf 88' lang='lat' dir='ltr'>tribus</span> <span class='ocrx_word' id='word_1_870' title='bbox 3510 5762 3617 5802; x_wconf 86' lang='lat' dir='ltr'>an-</span> 
     </span>
    </p>
   </div>
  </div>
