  <div class='ocr_page' id='page_1' title='image "/cluster/home/n/w/nwhite01/storage/ocr_20150623/142-143/uc1.31175018423130/763.png"; bbox 0 0 3940 6364; ppageno 0'>
   <div class='ocr_carea' id='block_1_1' title="bbox 334 416 3735 485">
    <p class='ocr_par' dir='ltr' id='par_1_1' title="bbox 334 416 3735 485">
     <span class='ocr_line' id='line_1_1' title="bbox 334 416 3735 485; baseline -0.002 0"><span class='ocrx_word' id='word_1_1' title='bbox 334 427 411 485; x_wconf 71' lang='lat' dir='ltr'>L7</span> <span class='ocrx_word' id='word_1_2' title='bbox 1109 421 1597 484; x_wconf 69' lang='lat' dir='ltr'><strong>HERMANNUS</strong></span> <span class='ocrx_word' id='word_1_3' title='bbox 1640 417 2156 482; x_wconf 72' lang='lat' dir='ltr'>CONTBACTUS</span> <span class='ocrx_word' id='word_1_4' title='bbox 2201 418 2550 481; x_wconf 76' lang='lat' dir='ltr'>MONACH.</span> <span class='ocrx_word' id='word_1_5' title='bbox 2594 416 2961 483; x_wconf 81' lang='lat' dir='ltr'>AUGIENS.</span> <span class='ocrx_word' id='word_1_6' title='bbox 3659 416 3735 478; x_wconf 64' lang='grc'>48</span> 
     </span>
    </p>
   </div>
   <div class='ocr_carea' id='block_1_2' title="bbox 338 547 3735 626">
    <p class='ocr_par' dir='ltr' id='par_1_2' title="bbox 338 547 3735 626">
     <span class='ocr_line' id='line_1_2' title="bbox 338 547 3735 626; baseline -0.002 -14"><span class='ocrx_word' id='word_1_7' title='bbox 338 556 436 612; x_wconf 86' lang='lat' dir='ltr'>nis</span> <span class='ocrx_word' id='word_1_8' title='bbox 459 557 534 613; x_wconf 85' lang='lat' dir='ltr'>ab</span> <span class='ocrx_word' id='word_1_9' title='bbox 561 556 717 613; x_wconf 85' lang='lat' dir='ltr'>edito</span> <span class='ocrx_word' id='word_1_10' title='bbox 746 553 983 621; x_wconf 84' lang='lat' dir='ltr'>Urstisii</span> <span class='ocrx_word' id='word_1_11' title='bbox 1021 554 1287 610; x_wconf 81' lang='lat' dir='ltr'>nonnihil</span> <span class='ocrx_word' id='word_1_12' title='bbox 1315 554 1623 626; x_wconf 78' lang='lat' dir='ltr'>discrepat.</span> <span class='ocrx_word' id='word_1_13' title='bbox 1659 552 1979 624; x_wconf 87' lang='lat' dir='ltr'>Utrumque</span> <span class='ocrx_word' id='word_1_14' title='bbox 2005 551 2062 619; x_wconf 77' lang='grc' dir='ltr'>Α</span> <span class='ocrx_word' id='word_1_15' title='bbox 2160 551 2352 607; x_wconf 80' lang='lat' dir='ltr'>XXIII.</span> <span class='ocrx_word' id='word_1_16' title='bbox 2386 552 2445 607; x_wconf 88' lang='lat' dir='ltr'><strong>Id</strong></span> <span class='ocrx_word' id='word_1_17' title='bbox 2477 568 2609 608; x_wconf 79' lang='lat' dir='ltr'>vero</span> <span class='ocrx_word' id='word_1_18' title='bbox 2664 552 2917 625; x_wconf 76' lang='lat' dir='ltr'>speciale</span> <span class='ocrx_word' id='word_1_19' title='bbox 2967 550 3149 607; x_wconf 80' lang='lat' dir='ltr'>habet</span> <span class='ocrx_word' id='word_1_20' title='bbox 3170 549 3352 607; x_wconf 86' lang='lat' dir='ltr'>codex</span> <span class='ocrx_word' id='word_1_21' title='bbox 3401 547 3735 623; x_wconf 74' lang='lat' dir='ltr'>Augiensiov</span> 
     </span>
    </p>
   </div>
   <div class='ocr_carea' id='block_1_3' title="bbox 338 639 1983 717">
    <p class='ocr_par' dir='ltr' id='par_1_3' title="bbox 338 639 1983 717">
     <span class='ocr_line' id='line_1_3' title="bbox 338 639 1983 717; baseline -0.004 -17"><span class='ocrx_word' id='word_1_22' title='bbox 338 645 522 717; x_wconf 79' lang='lat' dir='ltr'>igitur</span> <span class='ocrx_word' id='word_1_23' title='bbox 546 643 839 700; x_wconf 87' lang='lat' dir='ltr'>edendum</span> <span class='ocrx_word' id='word_1_24' title='bbox 882 642 1243 709; x_wconf 89' lang='lat' dir='ltr'>censuimus,</span> <span class='ocrx_word' id='word_1_25' title='bbox 1270 641 1435 696; x_wconf 86' lang='lat' dir='ltr'>dubii</span> <span class='ocrx_word' id='word_1_26' title='bbox 1465 647 1595 697; x_wconf 90' lang='lat' dir='ltr'>utra</span> <span class='ocrx_word' id='word_1_27' title='bbox 1621 640 1878 712; x_wconf 88' lang='lat' dir='ltr'>genuina</span> <span class='ocrx_word' id='word_1_28' title='bbox 1906 639 1983 695; x_wconf 90' lang='lat' dir='ltr'>sit</span> 
     </span>
    </p>
   </div>
   <div class='ocr_carea' id='block_1_4' title="bbox 341 729 1981 800">
    <p class='ocr_par' dir='ltr' id='par_1_4' title="bbox 341 729 1981 800">
     <span class='ocr_line' id='line_1_4' title="bbox 341 729 1981 800; baseline -0.004 -12"><span class='ocrx_word' id='word_1_29' title='bbox 341 731 663 788; x_wconf 81' lang='lat' dir='ltr'>Hermanni</span> <span class='ocrx_word' id='word_1_30' title='bbox 687 731 889 798; x_wconf 90' lang='lat' dir='ltr'>lectio;</span> <span class='ocrx_word' id='word_1_31' title='bbox 917 730 1170 786; x_wconf 83' lang='lat' dir='ltr'>maxime</span> <span class='ocrx_word' id='word_1_32' title='bbox 1198 746 1332 785; x_wconf 89' lang='lat' dir='ltr'>eum</span> <span class='ocrx_word' id='word_1_33' title='bbox 1361 734 1487 800; x_wconf 89' lang='lat' dir='ltr'>post</span> <span class='ocrx_word' id='word_1_34' title='bbox 1516 746 1611 784; x_wconf 90' lang='lat' dir='ltr'>an.</span> <span class='ocrx_word' id='word_1_35' title='bbox 1639 730 1776 783; x_wconf 86' lang='lat'>1052</span> <span class='ocrx_word' id='word_1_36' title='bbox 1805 729 1981 783; x_wconf 81' lang='lat' dir='ltr'>finem</span> 
     </span>
    </p>
   </div>
   <div class='ocr_carea' id='block_1_5' title="bbox 340 817 1982 892">
    <p class='ocr_par' dir='ltr' id='par_1_5' title="bbox 340 817 1982 892">
     <span class='ocr_line' id='line_1_5' title="bbox 340 817 1982 892; baseline -0.004 -15"><span class='ocrx_word' id='word_1_37' title='bbox 340 820 558 892; x_wconf 73' lang='lat' dir='ltr'>habent</span> <span class='ocrx_word' id='word_1_38' title='bbox 607 821 725 889; x_wconf 77' lang='lat' dir='ltr'>san</span> <span class='ocrx_word' id='word_1_39' title='bbox 780 818 1138 891; x_wconf 89' lang='lat' dir='ltr'>Georgianus</span> <span class='ocrx_word' id='word_1_40' title='bbox 1195 817 1425 874; x_wconf 88' lang='lat' dir='ltr'>Urstisii</span> <span class='ocrx_word' id='word_1_41' title='bbox 1482 819 1680 885; x_wconf 84' lang='lat' dir='ltr'>codex,</span> <span class='ocrx_word' id='word_1_42' title='bbox 1730 832 1982 889; x_wconf 89' lang='lat' dir='ltr'>quocum</span> 
     </span>
    </p>
   </div>
   <div class='ocr_carea' id='block_1_6' title="bbox 342 904 1983 977">
    <p class='ocr_par' dir='ltr' id='par_1_6' title="bbox 342 904 1983 977">
     <span class='ocr_line' id='line_1_6' title="bbox 342 904 1983 977; baseline -0.003 -12"><span class='ocrx_word' id='word_1_43' title='bbox 342 909 523 965; x_wconf 74' lang='lat' dir='ltr'>etiam</span> <span class='ocrx_word' id='word_1_44' title='bbox 557 912 698 977; x_wconf 81' lang='lat' dir='ltr'>tunc</span> <span class='ocrx_word' id='word_1_45' title='bbox 742 907 1025 964; x_wconf 87' lang='lat' dir='ltr'>Bernoldo</span> <span class='ocrx_word' id='word_1_46' title='bbox 1055 906 1232 962; x_wconf 83' lang='lat' dir='ltr'>ﬁnem</span> <span class='ocrx_word' id='word_1_47' title='bbox 1276 905 1659 977; x_wconf 87' lang='lat' dir='ltr'>imponimus,</span> <span class='ocrx_word' id='word_1_48' title='bbox 1692 904 1863 960; x_wconf 89' lang='lat' dir='ltr'>illum</span> <span class='ocrx_word' id='word_1_49' title='bbox 1910 904 1983 960; x_wconf 88' lang='lat' dir='ltr'>ab</span> 
     </span>
    </p>
   </div>
   <div class='ocr_carea' id='block_1_7' title="bbox 343 994 1425 1066">
    <p class='ocr_par' dir='ltr' id='par_1_7' title="bbox 343 994 1425 1066">
     <span class='ocr_line' id='line_1_7' title="bbox 343 994 1425 1066; baseline -0.005 -13"><span class='ocrx_word' id='word_1_50' title='bbox 343 1008 498 1053; x_wconf 82' lang='lat' dir='ltr'>anno</span> <span class='ocrx_word' id='word_1_51' title='bbox 525 996 667 1052; x_wconf 75' lang='lat'>1058</span> <span class='ocrx_word' id='word_1_52' title='bbox 692 996 752 1051; x_wconf 95' lang='lat' dir='ltr'>in</span> <span class='ocrx_word' id='word_1_53' title='bbox 782 999 923 1051; x_wconf 92' lang='lat' dir='ltr'>tom.</span> <span class='ocrx_word' id='word_1_54' title='bbox 959 995 1007 1049; x_wconf 88' lang='lat' dir='ltr'>ll</span> <span class='ocrx_word' id='word_1_55' title='bbox 1038 994 1425 1066; x_wconf 75' lang='lat' dir='ltr'>prosecuturi.</span> 
     </span>
    </p>
   </div>
   <div class='ocr_carea' id='block_1_8' title="bbox 416 1108 1987 1183">
    <p class='ocr_par' dir='ltr' id='par_1_8' title="bbox 416 1108 1987 1183">
     <span class='ocr_line' id='line_1_8' title="bbox 416 1108 1987 1183; baseline -0.003 -15"><span class='ocrx_word' id='word_1_56' title='bbox 416 1111 558 1183; x_wconf 80' lang='lat' dir='ltr'>XXI.</span> <span class='ocrx_word' id='word_1_57' title='bbox 586 1111 783 1181; x_wconf 84' lang='lat' dir='ltr'>Neque</span> <span class='ocrx_word' id='word_1_58' title='bbox 824 1127 955 1166; x_wconf 89' lang='lat' dir='ltr'>vero</span> <span class='ocrx_word' id='word_1_59' title='bbox 985 1110 1192 1165; x_wconf 80' lang='lat' dir='ltr'>exinde</span> <span class='ocrx_word' id='word_1_60' title='bbox 1241 1109 1508 1164; x_wconf 84' lang='lat' dir='ltr'>ﬁrmatur</span> <span class='ocrx_word' id='word_1_61' title='bbox 1540 1108 1880 1181; x_wconf 90' lang='lat' dir='ltr'>Gundlingii</span> <span class='ocrx_word' id='word_1_62' title='bbox 1931 1112 1987 1164; x_wconf 91' lang='lat' dir='ltr'>et</span> 
     </span>
    </p>
   </div>
   <div class='ocr_carea' id='block_1_9' title="bbox 348 1198 1983 1274">
    <p class='ocr_par' dir='ltr' id='par_1_9' title="bbox 348 1198 1983 1274">
     <span class='ocr_line' id='line_1_9' title="bbox 348 1198 1983 1274; baseline -0.002 -18"><span class='ocrx_word' id='word_1_63' title='bbox 348 1201 533 1272; x_wconf 87' lang='lat' dir='ltr'>Vossii</span> <span class='ocrx_word' id='word_1_64' title='bbox 564 1203 659 1274; x_wconf 79' lang='lat' dir='ltr'>(De</span> <span class='ocrx_word' id='word_1_65' title='bbox 687 1200 814 1256; x_wconf 74' lang='lat' dir='ltr'>hist.</span> <span class='ocrx_word' id='word_1_66' title='bbox 839 1199 936 1254; x_wconf 83' lang='lat' dir='ltr'>lat.</span> <span class='ocrx_word' id='word_1_67' title='bbox 959 1199 999 1255; x_wconf 93' lang='lat' dir='ltr'>l.</span> <span class='ocrx_word' id='word_1_68' title='bbox 1022 1215 1087 1269; x_wconf 80' lang='lat' dir='ltr'>II,</span> <span class='ocrx_word' id='word_1_69' title='bbox 1109 1216 1159 1254; x_wconf 94' lang='lat' dir='ltr'>c.</span> <span class='ocrx_word' id='word_1_70' title='bbox 1183 1199 1275 1267; x_wconf 69' lang='lat' dir='ltr'>2H,</span> <span class='ocrx_word' id='word_1_71' title='bbox 1298 1200 1328 1271; x_wconf 59' lang='grc' dir='ltr'>ἕ</span> <span class='ocrx_word' id='word_1_72' title='bbox 1352 1199 1434 1270; x_wconf 81' lang='grc'>19)</span> <span class='ocrx_word' id='word_1_73' title='bbox 1458 1198 1813 1269; x_wconf 82' lang='lat' dir='ltr'>conjectura.</span> <span class='ocrx_word' id='word_1_74' title='bbox 1844 1198 1983 1253; x_wconf 89' lang='lat' dir='ltr'>Her-</span> 
     </span>
    </p>
   </div>
   <div class='ocr_carea' id='block_1_10' title="bbox 345 1287 1987 1361">
    <p class='ocr_par' dir='ltr' id='par_1_10' title="bbox 345 1287 1987 1361">
     <span class='ocr_line' id='line_1_10' title="bbox 345 1287 1987 1361; baseline -0.004 -14"><span class='ocrx_word' id='word_1_75' title='bbox 345 1306 627 1361; x_wconf 89' lang='lat' dir='ltr'>mannum</span> <span class='ocrx_word' id='word_1_76' title='bbox 650 1305 825 1346; x_wconf 87' lang='lat' dir='ltr'>suum</span> <span class='ocrx_word' id='word_1_77' title='bbox 848 1287 1176 1344; x_wconf 88' lang='lat' dir='ltr'>Chronieon</span> <span class='ocrx_word' id='word_1_78' title='bbox 1194 1288 1475 1343; x_wconf 80' lang='lat' dir='ltr'>duntaxat</span> <span class='ocrx_word' id='word_1_79' title='bbox 1493 1287 1563 1342; x_wconf 91' lang='lat' dir='ltr'>ad</span> <span class='ocrx_word' id='word_1_80' title='bbox 1588 1304 1681 1342; x_wconf 90' lang='lat' dir='ltr'>an.</span> <span class='ocrx_word' id='word_1_81' title='bbox 1706 1288 1841 1341; x_wconf 88' lang='grc'>1053</span> <span class='ocrx_word' id='word_1_82' title='bbox 1864 1303 1987 1359; x_wconf 85' lang='lat' dir='ltr'>per-</span> 
     </span>
    </p>
   </div>
   <div class='ocr_carea' id='block_1_11' title="bbox 344 1375 1986 1450">
    <p class='ocr_par' dir='ltr' id='par_1_11' title="bbox 344 1375 1986 1450">
     <span class='ocr_line' id='line_1_11' title="bbox 344 1375 1986 1450; baseline -0.004 -15"><span class='ocrx_word' id='word_1_83' title='bbox 344 1378 605 1445; x_wconf 84' lang='lat' dir='ltr'>duxisse,</span> <span class='ocrx_word' id='word_1_84' title='bbox 626 1392 695 1434; x_wconf 90' lang='lat' dir='ltr'>eo</span> <span class='ocrx_word' id='word_1_85' title='bbox 726 1378 882 1450; x_wconf 91' lang='lat' dir='ltr'>quod</span> <span class='ocrx_word' id='word_1_86' title='bbox 904 1375 1252 1433; x_wconf 87' lang='lat' dir='ltr'>Bertholdus</span> <span class='ocrx_word' id='word_1_87' title='bbox 1277 1376 1735 1431; x_wconf 85' lang='lat' dir='ltr'>Constantiensis</span> <span class='ocrx_word' id='word_1_88' title='bbox 1756 1376 1881 1446; x_wconf 88' lang='lat' dir='ltr'>jam</span> <span class='ocrx_word' id='word_1_89' title='bbox 1913 1375 1986 1430; x_wconf 91' lang='lat' dir='ltr'>ab</span> 
     </span>
    </p>
   </div>
   <div class='ocr_carea' id='block_1_12' title="bbox 345 1463 1991 1524">
    <p class='ocr_par' dir='ltr' id='par_1_12' title="bbox 345 1463 1991 1524">
     <span class='ocr_line' id='line_1_12' title="bbox 345 1463 1991 1524; baseline -0.004 0"><span class='ocrx_word' id='word_1_90' title='bbox 345 1466 446 1524; x_wconf 89' lang='lat' dir='ltr'>illo</span> <span class='ocrx_word' id='word_1_91' title='bbox 466 1484 621 1523; x_wconf 90' lang='lat' dir='ltr'>anno</span> <span class='ocrx_word' id='word_1_92' title='bbox 642 1466 1141 1523; x_wconf 88' lang='lat' dir='ltr'>continuationem</span> <span class='ocrx_word' id='word_1_93' title='bbox 1166 1481 1333 1520; x_wconf 91' lang='lat' dir='ltr'>suam</span> <span class='ocrx_word' id='word_1_94' title='bbox 1360 1465 1529 1519; x_wconf 82' lang='lat' dir='ltr'>fuerit</span> <span class='ocrx_word' id='word_1_95' title='bbox 1549 1481 1806 1519; x_wconf 84' lang='lat' dir='ltr'>exorsus.</span> <span class='ocrx_word' id='word_1_96' title='bbox 1832 1463 1991 1518; x_wconf 85' lang='lat' dir='ltr'>Facit</span> 
     </span>
    </p>
   </div>
   <div class='ocr_carea' id='block_1_13' title="bbox 347 1552 1986 1629">
    <p class='ocr_par' dir='ltr' id='par_1_13' title="bbox 347 1552 1986 1629">
     <span class='ocr_line' id='line_1_13' title="bbox 347 1552 1986 1629; baseline -0.004 -17"><span class='ocrx_word' id='word_1_97' title='bbox 347 1556 405 1625; x_wconf 85' lang='lat' dir='ltr'>id</span> <span class='ocrx_word' id='word_1_98' title='bbox 439 1556 680 1629; x_wconf 88' lang='lat' dir='ltr'>quidem</span> <span class='ocrx_word' id='word_1_99' title='bbox 712 1554 995 1610; x_wconf 84' lang='lat' dir='ltr'>Urstisius</span> <span class='ocrx_word' id='word_1_100' title='bbox 1034 1554 1093 1609; x_wconf 90' lang='lat' dir='ltr'>in</span> <span class='ocrx_word' id='word_1_101' title='bbox 1139 1570 1247 1609; x_wconf 88' lang='lat' dir='ltr'>sua</span> <span class='ocrx_word' id='word_1_102' title='bbox 1288 1554 1566 1621; x_wconf 89' lang='lat' dir='ltr'>editione;</span> <span class='ocrx_word' id='word_1_103' title='bbox 1612 1556 1673 1607; x_wconf 90' lang='lat' dir='ltr'>at</span> <span class='ocrx_word' id='word_1_104' title='bbox 1716 1552 1772 1606; x_wconf 92' lang='lat' dir='ltr'>in</span> <span class='ocrx_word' id='word_1_105' title='bbox 1823 1556 1986 1606; x_wconf 86' lang='lat' dir='ltr'>auto-</span> 
     </span>
    </p>
   </div>
   <div class='ocr_carea' id='block_1_14' title="bbox 348 1640 1990 1719">
    <p class='ocr_par' dir='ltr' id='par_1_14' title="bbox 348 1640 1990 1719">
     <span class='ocr_line' id='line_1_14' title="bbox 348 1640 1990 1719; baseline -0.004 -18"><span class='ocrx_word' id='word_1_106' title='bbox 348 1645 571 1719; x_wconf 82' lang='lat' dir='ltr'>grapha</span> <span class='ocrx_word' id='word_1_107' title='bbox 602 1643 926 1711; x_wconf 85' lang='lat' dir='ltr'>Bernoldus</span> <span class='ocrx_word' id='word_1_108' title='bbox 955 1645 1073 1699; x_wconf 89' lang='lat' dir='ltr'>tam</span> <span class='ocrx_word' id='word_1_109' title='bbox 1098 1643 1304 1716; x_wconf 82' lang='lat' dir='ltr'>priora</span> <span class='ocrx_word' id='word_1_110' title='bbox 1334 1658 1507 1713; x_wconf 85' lang='lat' dir='ltr'>quam</span> <span class='ocrx_word' id='word_1_111' title='bbox 1542 1641 1862 1712; x_wconf 88' lang='lat' dir='ltr'>posteriora</span> <span class='ocrx_word' id='word_1_112' title='bbox 1892 1640 1990 1695; x_wconf 91' lang='lat' dir='ltr'>illo</span> 
     </span>
    </p>
   </div>
   <div class='ocr_carea' id='block_1_15' title="bbox 322 1726 1993 1805">
    <p class='ocr_par' dir='ltr' id='par_1_15' title="bbox 322 1726 1993 1805">
     <span class='ocr_line' id='line_1_15' title="bbox 322 1726 1993 1805; baseline -0.004 -15"><span class='ocrx_word' id='word_1_113' title='bbox 322 1742 505 1805; x_wconf 78' lang='lat' dir='ltr'>&#39;anno</span> <span class='ocrx_word' id='word_1_114' title='bbox 538 1734 696 1802; x_wconf 86' lang='lat'>1053,</span> <span class='ocrx_word' id='word_1_115' title='bbox 722 1749 838 1789; x_wconf 90' lang='lat' dir='ltr'>una</span> <span class='ocrx_word' id='word_1_116' title='bbox 868 1732 1014 1788; x_wconf 87' lang='lat' dir='ltr'>serie</span> <span class='ocrx_word' id='word_1_117' title='bbox 1043 1747 1278 1787; x_wconf 86' lang='lat' dir='ltr'>narrare</span> <span class='ocrx_word' id='word_1_118' title='bbox 1299 1731 1505 1803; x_wconf 84' lang='lat' dir='ltr'>pergit,</span> <span class='ocrx_word' id='word_1_119' title='bbox 1529 1729 1691 1785; x_wconf 91' lang='lat' dir='ltr'>nulla</span> <span class='ocrx_word' id='word_1_120' title='bbox 1722 1730 1872 1785; x_wconf 85' lang='lat' dir='ltr'>facta</span> <span class='ocrx_word' id='word_1_121' title='bbox 1892 1726 1993 1784; x_wconf 88' lang='lat' dir='ltr'>ali-</span> 
     </span>
    </p>
   </div>
   <div class='ocr_carea' id='block_1_16' title="bbox 352 1820 1991 1896">
    <p class='ocr_par' dir='ltr' id='par_1_16' title="bbox 352 1820 1991 1896">
     <span class='ocr_line' id='line_1_16' title="bbox 352 1820 1991 1896; baseline -0.004 -17"><span class='ocrx_word' id='word_1_122' title='bbox 352 1822 525 1896; x_wconf 82' lang='lat' dir='ltr'>cujus</span> <span class='ocrx_word' id='word_1_123' title='bbox 572 1822 1025 1893; x_wconf 76' lang='lat' dir='ltr'>continuationis</span> <span class='ocrx_word' id='word_1_124' title='bbox 1075 1820 1389 1887; x_wconf 89' lang='lat' dir='ltr'>mentione,</span> <span class='ocrx_word' id='word_1_125' title='bbox 1421 1835 1549 1890; x_wconf 76' lang='lat' dir='ltr'>quze</span> <span class='ocrx_word' id='word_1_126' title='bbox 1607 1820 1749 1874; x_wconf 91' lang='lat' dir='ltr'>adeo</span> <span class='ocrx_word' id='word_1_127' title='bbox 1796 1835 1830 1873; x_wconf 88' lang='lat' dir='ltr'>a</span> <span class='ocrx_word' id='word_1_128' title='bbox 1876 1833 1991 1890; x_wconf 90' lang='lat' dir='ltr'>quo</span> 
     </span>
    </p>
   </div>
   <div class='ocr_carea' id='block_1_17' title="bbox 350 1907 2069 1982">
    <p class='ocr_par' dir='ltr' id='par_1_17' title="bbox 350 1907 2069 1982">
     <span class='ocr_line' id='line_1_17' title="bbox 350 1907 2069 1982; baseline -0.003 -14"><span class='ocrx_word' id='word_1_129' title='bbox 350 1926 503 1968; x_wconf 89' lang='lat' dir='ltr'>anno</span> <span class='ocrx_word' id='word_1_130' title='bbox 535 1910 869 1982; x_wconf 82' lang='lat' dir='ltr'>incipienda</span> <span class='ocrx_word' id='word_1_131' title='bbox 914 1909 1011 1977; x_wconf 90' lang='lat' dir='ltr'>sit,</span> <span class='ocrx_word' id='word_1_132' title='bbox 1042 1908 1418 1965; x_wconf 88' lang='lat' dir='ltr'>determinari</span> <span class='ocrx_word' id='word_1_133' title='bbox 1468 1908 1603 1963; x_wconf 89' lang='lat' dir='ltr'>hinc</span> <span class='ocrx_word' id='word_1_134' title='bbox 1651 1907 1886 1979; x_wconf 87' lang='lat' dir='ltr'>nequit;</span> <span class='ocrx_word' id='word_1_135' title='bbox 1920 1907 1990 1962; x_wconf 90' lang='lat' dir='ltr'>de</span> <span class='ocrx_word' id='word_1_136' title='bbox 2021 1916 2069 1981; x_wconf 83' lang='grc' dir='ltr'><strong>Β</strong></span> 
     </span>
    </p>
   </div>
   <div class='ocr_carea' id='block_1_18' title="bbox 350 1996 1991 2072">
    <p class='ocr_par' dir='ltr' id='par_1_18' title="bbox 350 1996 1991 2072">
     <span class='ocr_line' id='line_1_18' title="bbox 350 1996 1991 2072; baseline -0.002 -17"><span class='ocrx_word' id='word_1_137' title='bbox 350 2014 466 2072; x_wconf 88' lang='lat' dir='ltr'>quo</span> <span class='ocrx_word' id='word_1_138' title='bbox 495 2015 603 2071; x_wconf 82' lang='lat' dir='ltr'>suo</span> <span class='ocrx_word' id='word_1_139' title='bbox 632 1996 757 2055; x_wconf 91' lang='lat' dir='ltr'>loco</span> <span class='ocrx_word' id='word_1_140' title='bbox 788 1997 977 2071; x_wconf 87' lang='lat' dir='ltr'>plura.</span> <span class='ocrx_word' id='word_1_141' title='bbox 1010 1996 1327 2053; x_wconf 87' lang='lat' dir='ltr'>Hermanni</span> <span class='ocrx_word' id='word_1_142' title='bbox 1358 2011 1489 2052; x_wconf 87' lang='lat' dir='ltr'>vero</span> <span class='ocrx_word' id='word_1_143' title='bbox 1514 1997 1705 2052; x_wconf 90' lang='lat' dir='ltr'>adhuc</span> <span class='ocrx_word' id='word_1_144' title='bbox 1734 2012 1863 2052; x_wconf 88' lang='lat' dir='ltr'>esse</span> <span class='ocrx_word' id='word_1_145' title='bbox 1888 2012 1991 2051; x_wconf 90' lang='lat' dir='ltr'>an-</span> 
     </span>
    </p>
   </div>
   <div class='ocr_carea' id='block_1_19' title="bbox 351 2085 1995 2163">
    <p class='ocr_par' dir='ltr' id='par_1_19' title="bbox 351 2085 1995 2163">
     <span class='ocr_line' id='line_1_19' title="bbox 351 2085 1995 2163; baseline -0.004 -19"><span class='ocrx_word' id='word_1_146' title='bbox 351 2104 493 2144; x_wconf 90' lang='lat' dir='ltr'>num</span> <span class='ocrx_word' id='word_1_147' title='bbox 526 2087 686 2156; x_wconf 88' lang='lat'>1053,</span> <span class='ocrx_word' id='word_1_148' title='bbox 709 2087 836 2160; x_wconf 92' lang='lat' dir='ltr'>ipse</span> <span class='ocrx_word' id='word_1_149' title='bbox 859 2086 1053 2163; x_wconf 88' lang='lat' dir='ltr'>prodit</span> <span class='ocrx_word' id='word_1_150' title='bbox 1080 2085 1344 2141; x_wconf 90' lang='lat' dir='ltr'>scribens</span> <span class='ocrx_word' id='word_1_151' title='bbox 1369 2103 1381 2141; x_wconf 91' lang='lat'><strong>:</strong></span> <span class='ocrx_word' id='word_1_152' title='bbox 1413 2086 1788 2141; x_wconf 71' lang='lat' dir='ltr'>Werinharius</span> <span class='ocrx_word' id='word_1_153' title='bbox 1817 2089 1995 2156; x_wconf 73' lang='lat' dir='ltr'>frater</span> 
     </span>
    </p>
   </div>
   <div class='ocr_carea' id='block_1_20' title="bbox 348 2173 1488 2248">
    <p class='ocr_par' dir='ltr' id='par_1_20' title="bbox 348 2173 1488 2248">
     <span class='ocr_line' id='line_1_20' title="bbox 348 2173 1488 2248; baseline -0.003 -16"><span class='ocrx_word' id='word_1_154' title='bbox 348 2193 522 2245; x_wconf 77' lang='lat' dir='ltr'>meus,</span> <span class='ocrx_word' id='word_1_155' title='bbox 556 2177 711 2248; x_wconf 85' lang='lat' dir='ltr'>quod</span> <span class='ocrx_word' id='word_1_156' title='bbox 745 2174 950 2231; x_wconf 84' lang='lat' dir='ltr'>saltem</span> <span class='ocrx_word' id='word_1_157' title='bbox 981 2173 1265 2229; x_wconf 89' lang='lat' dir='ltr'>Urstisins</span> <span class='ocrx_word' id='word_1_158' title='bbox 1295 2174 1488 2229; x_wconf 84' lang='lat' dir='ltr'>habet.</span> 
     </span>
    </p>
   </div>
   <div class='ocr_carea' id='block_1_21' title="bbox 421 2288 1991 2361">
    <p class='ocr_par' dir='ltr' id='par_1_21' title="bbox 421 2288 1991 2361">
     <span class='ocr_line' id='line_1_21' title="bbox 421 2288 1991 2361; baseline -0.005 -10"><span class='ocrx_word' id='word_1_159' title='bbox 421 2292 736 2361; x_wconf 38' lang='lat' dir='ltr'>Enlormius</span> <span class='ocrx_word' id='word_1_160' title='bbox 754 2295 949 2361; x_wconf 84' lang='lat' dir='ltr'>autem</span> <span class='ocrx_word' id='word_1_161' title='bbox 971 2288 1991 2361; x_wconf 75' lang='lat' dir='ltr'>aberravit&#39;l‘ritbemius,qui(Annal.</span> 
     </span>
    </p>
   </div>
   <div class='ocr_carea' id='block_1_22' title="bbox 352 2379 1996 2455">
    <p class='ocr_par' dir='ltr' id='par_1_22' title="bbox 352 2379 1996 2455">
     <span class='ocr_line' id='line_1_22' title="bbox 352 2379 1996 2455; baseline -0.004 -16"><span class='ocrx_word' id='word_1_162' title='bbox 352 2383 607 2455; x_wconf 73' lang='lat' dir='ltr'>Hirsaug.</span> <span class='ocrx_word' id='word_1_163' title='bbox 632 2382 845 2454; x_wconf 24' lang='lat' dir='ltr'>tom.1)‘</span> <span class='ocrx_word' id='word_1_164' title='bbox 869 2380 1095 2449; x_wconf 83' lang='lat' dir='ltr'>obitum</span> <span class='ocrx_word' id='word_1_165' title='bbox 1137 2380 1451 2436; x_wconf 88' lang='lat' dir='ltr'>Hermanni</span> <span class='ocrx_word' id='word_1_166' title='bbox 1475 2381 1600 2451; x_wconf 89' lang='lat' dir='ltr'>jam</span> <span class='ocrx_word' id='word_1_167' title='bbox 1633 2380 1705 2434; x_wconf 88' lang='lat' dir='ltr'>ad</span> <span class='ocrx_word' id='word_1_168' title='bbox 1737 2396 1832 2433; x_wconf 91' lang='lat' dir='ltr'>an.</span> <span class='ocrx_word' id='word_1_169' title='bbox 1861 2379 1996 2433; x_wconf 70' lang='grc'>1013</span> 
     </span>
    </p>
   </div>
   <div class='ocr_carea' id='block_1_23' title="bbox 353 2468 1993 2549">
    <p class='ocr_par' dir='ltr' id='par_1_23' title="bbox 353 2468 1993 2549">
     <span class='ocr_line' id='line_1_23' title="bbox 353 2468 1993 2549; baseline -0.005 -20"><span class='ocrx_word' id='word_1_170' title='bbox 353 2471 682 2549; x_wconf 76' lang='lat' dir='ltr'>consignat.</span> <span class='ocrx_word' id='word_1_171' title='bbox 701 2468 1005 2525; x_wconf 89' lang='lat' dir='ltr'>Falluntur</span> <span class='ocrx_word' id='word_1_172' title='bbox 1025 2472 1083 2525; x_wconf 91' lang='lat' dir='ltr'>et</span> <span class='ocrx_word' id='word_1_173' title='bbox 1102 2468 1188 2527; x_wconf 85' lang='lat' dir='ltr'>illi</span> <span class='ocrx_word' id='word_1_174' title='bbox 1208 2468 1305 2541; x_wconf 90' lang='lat' dir='ltr'>qui</span> <span class='ocrx_word' id='word_1_175' title='bbox 1331 2468 1441 2523; x_wconf 89' lang='lat' dir='ltr'>sibi</span> <span class='ocrx_word' id='word_1_176' title='bbox 1468 2468 1842 2540; x_wconf 90' lang='lat' dir='ltr'>persuadent,</span> <span class='ocrx_word' id='word_1_177' title='bbox 1867 2483 1993 2538; x_wconf 67' lang='lat' dir='ltr'>quae</span> 
     </span>
    </p>
   </div>
   <div class='ocr_carea' id='block_1_24' title="bbox 354 2554 1995 2639">
    <p class='ocr_par' dir='ltr' id='par_1_24' title="bbox 354 2554 1995 2639">
     <span class='ocr_line' id='line_1_24' title="bbox 354 2554 1995 2639; baseline -0.004 -20"><span class='ocrx_word' id='word_1_178' title='bbox 354 2559 424 2639; x_wconf 66' lang='lat' dir='ltr'>in,</span> <span class='ocrx_word' id='word_1_179' title='bbox 446 2558 565 2633; x_wconf 56' lang='lat' dir='ltr'>illo,</span> <span class='ocrx_word' id='word_1_180' title='bbox 587 2558 872 2627; x_wconf 79' lang='lat' dir='ltr'>Chronico</span> <span class='ocrx_word' id='word_1_181' title='bbox 901 2558 975 2625; x_wconf 85' lang='lat' dir='ltr'>ab</span> <span class='ocrx_word' id='word_1_182' title='bbox 1021 2574 1174 2614; x_wconf 90' lang='lat' dir='ltr'>anno</span> <span class='ocrx_word' id='word_1_183' title='bbox 1216 2558 1351 2611; x_wconf 48' lang='lat'>10.10</span> <span class='ocrx_word' id='word_1_184' title='bbox 1382 2560 1726 2629; x_wconf 91' lang='lat' dir='ltr'>sequuntur,</span> <span class='ocrx_word' id='word_1_185' title='bbox 1759 2556 1833 2623; x_wconf 86' lang='lat' dir='ltr'>ab</span> <span class='ocrx_word' id='word_1_186' title='bbox 1882 2554 1995 2612; x_wconf 89' lang='lat' dir='ltr'>alio</span> 
     </span>
    </p>
   </div>
   <div class='ocr_carea' id='block_1_25' title="bbox 356 2645 1996 2723">
    <p class='ocr_par' dir='ltr' id='par_1_25' title="bbox 356 2645 1996 2723">
     <span class='ocr_line' id='line_1_25' title="bbox 356 2645 1996 2723; baseline -0.004 -17"><span class='ocrx_word' id='word_1_187' title='bbox 356 2648 637 2723; x_wconf 79' lang='lat' dir='ltr'>scriptore</span> <span class='ocrx_word' id='word_1_188' title='bbox 666 2647 848 2707; x_wconf 86' lang='lat' dir='ltr'>fuisse</span> <span class='ocrx_word' id='word_1_189' title='bbox 867 2646 1086 2715; x_wconf 87' lang='lat' dir='ltr'>addita,</span> <span class='ocrx_word' id='word_1_190' title='bbox 1109 2649 1306 2718; x_wconf 83' lang='lat' dir='ltr'>utpote</span> <span class='ocrx_word' id='word_1_191' title='bbox 1328 2645 1517 2702; x_wconf 87' lang='lat' dir='ltr'>fusius</span> <span class='ocrx_word' id='word_1_192' title='bbox 1537 2650 1796 2713; x_wconf 84' lang='lat' dir='ltr'>exarata;</span> <span class='ocrx_word' id='word_1_193' title='bbox 1825 2646 1996 2719; x_wconf 87' lang='lat' dir='ltr'>quasi</span> 
     </span>
    </p>
   </div>
   <div class='ocr_carea' id='block_1_26' title="bbox 328 2728 1995 2815">
    <p class='ocr_par' dir='ltr' id='par_1_26' title="bbox 328 2728 1995 2815">
     <span class='ocr_line' id='line_1_26' title="bbox 328 2728 1995 2815; baseline -0.001 -22"><span class='ocrx_word' id='word_1_194' title='bbox 328 2728 497 2807; x_wconf 17' lang='lat' dir='ltr'>vero;</span> <span class='ocrx_word' id='word_1_195' title='bbox 516 2741 684 2815; x_wconf 84' lang='lat' dir='ltr'>gesta</span> <span class='ocrx_word' id='word_1_196' title='bbox 710 2735 959 2808; x_wconf 86' lang='lat' dir='ltr'>temperi</span> <span class='ocrx_word' id='word_1_197' title='bbox 980 2751 1095 2808; x_wconf 89' lang='lat' dir='ltr'>quo</span> <span class='ocrx_word' id='word_1_198' title='bbox 1116 2734 1407 2790; x_wconf 85' lang='lat' dir='ltr'>scribebat</span> <span class='ocrx_word' id='word_1_199' title='bbox 1434 2734 1715 2791; x_wconf 88' lang='lat' dir='ltr'>viciniora</span> <span class='ocrx_word' id='word_1_200' title='bbox 1740 2752 1844 2792; x_wconf 89' lang='lat' dir='ltr'>ceu</span> <span class='ocrx_word' id='word_1_201' title='bbox 1875 2750 1995 2791; x_wconf 91' lang='lat' dir='ltr'>me-</span> 
     </span>
    </p>
   </div>
   <div class='ocr_carea' id='block_1_27' title="bbox 352 2823 1997 2900">
    <p class='ocr_par' dir='ltr' id='par_1_27' title="bbox 352 2823 1997 2900">
     <span class='ocr_line' id='line_1_27' title="bbox 352 2823 1997 2900; baseline -0.003 -17"><span class='ocrx_word' id='word_1_202' title='bbox 352 2825 470 2899; x_wconf 83' lang='lat' dir='ltr'>lius</span> <span class='ocrx_word' id='word_1_203' title='bbox 494 2825 608 2883; x_wconf 89' lang='lat' dir='ltr'>sibi</span> <span class='ocrx_word' id='word_1_204' title='bbox 641 2825 874 2900; x_wconf 84' lang='lat' dir='ltr'>cognita</span> <span class='ocrx_word' id='word_1_205' title='bbox 902 2823 1209 2897; x_wconf 79' lang='lat' dir='ltr'>prolixiora</span> <span class='ocrx_word' id='word_1_206' title='bbox 1240 2840 1470 2896; x_wconf 91' lang='lat' dir='ltr'>quoque</span> <span class='ocrx_word' id='word_1_207' title='bbox 1513 2823 1738 2879; x_wconf 83' lang='lat' dir='ltr'>calamo</span> <span class='ocrx_word' id='word_1_208' title='bbox 1769 2824 1997 2881; x_wconf 89' lang='lat' dir='ltr'>descri-</span> 
     </span>
    </p>
   </div>
   <div class='ocr_carea' id='block_1_28' title="bbox 352 2912 1996 2987">
    <p class='ocr_par' dir='ltr' id='par_1_28' title="bbox 352 2912 1996 2987">
     <span class='ocr_line' id='line_1_28' title="bbox 352 2912 1996 2987; baseline -0.002 -14"><span class='ocrx_word' id='word_1_209' title='bbox 352 2915 488 2979; x_wconf 82' lang='lat' dir='ltr'>bere</span> <span class='ocrx_word' id='word_1_210' title='bbox 507 2914 673 2983; x_wconf 80' lang='lat' dir='ltr'>haud</span> <span class='ocrx_word' id='word_1_211' title='bbox 686 2914 961 2987; x_wconf 84' lang='lat' dir='ltr'>potuerit.</span> <span class='ocrx_word' id='word_1_212' title='bbox 986 2914 1107 2971; x_wconf 88' lang='lat' dir='ltr'>Imo</span> <span class='ocrx_word' id='word_1_213' title='bbox 1125 2912 1286 2971; x_wconf 89' lang='lat' dir='ltr'>illius</span> <span class='ocrx_word' id='word_1_214' title='bbox 1305 2913 1584 2985; x_wconf 89' lang='lat' dir='ltr'>temporis</span> <span class='ocrx_word' id='word_1_215' title='bbox 1609 2917 1774 2986; x_wconf 88' lang='lat' dir='ltr'>gesta</span> <span class='ocrx_word' id='word_1_216' title='bbox 1801 2914 1996 2987; x_wconf 90' lang='lat' dir='ltr'>ipsum</span> 
     </span>
    </p>
   </div>
   <div class='ocr_carea' id='block_1_29' title="bbox 357 3001 1997 3085">
    <p class='ocr_par' dir='ltr' id='par_1_29' title="bbox 357 3001 1997 3085">
     <span class='ocr_line' id='line_1_29' title="bbox 357 3001 1997 3085; baseline -0.003 -23"><span class='ocrx_word' id='word_1_217' title='bbox 357 3003 547 3085; x_wconf 82' lang='lat' dir='ltr'>magis</span> <span class='ocrx_word' id='word_1_218' title='bbox 563 3004 905 3077; x_wconf 86' lang='lat' dir='ltr'>scriptorem</span> <span class='ocrx_word' id='word_1_219' title='bbox 923 3002 1198 3075; x_wconf 89' lang='lat' dir='ltr'>produnt,</span> <span class='ocrx_word' id='word_1_220' title='bbox 1214 3018 1327 3075; x_wconf 91' lang='lat' dir='ltr'>quo</span> <span class='ocrx_word' id='word_1_221' title='bbox 1350 3001 1603 3074; x_wconf 85' lang='lat' dir='ltr'>primum</span> <span class='ocrx_word' id='word_1_222' title='bbox 1626 3002 1872 3059; x_wconf 90' lang='lat' dir='ltr'>clericus</span> <span class='ocrx_word' id='word_1_223' title='bbox 1893 3019 1997 3059; x_wconf 90' lang='lat' dir='ltr'>seu</span> 
     </span>
    </p>
   </div>
   <div class='ocr_carea' id='block_1_30' title="bbox 356 3091 1997 3165">
    <p class='ocr_par' dir='ltr' id='par_1_30' title="bbox 356 3091 1997 3165">
     <span class='ocr_line' id='line_1_30' title="bbox 356 3091 1997 3165; baseline -0.004 -12"><span class='ocrx_word' id='word_1_224' title='bbox 356 3092 681 3159; x_wconf 71' lang='lat' dir='ltr'>monachus</span> <span class='ocrx_word' id='word_1_225' title='bbox 711 3092 769 3149; x_wconf 94' lang='lat' dir='ltr'>in</span> <span class='ocrx_word' id='word_1_226' title='bbox 799 3091 989 3165; x_wconf 86' lang='lat' dir='ltr'>Augia</span> <span class='ocrx_word' id='word_1_227' title='bbox 1012 3092 1200 3149; x_wconf 84' lang='lat' dir='ltr'>factus</span> <span class='ocrx_word' id='word_1_228' title='bbox 1225 3096 1315 3147; x_wconf 88' lang='lat' dir='ltr'>est</span> <span class='ocrx_word' id='word_1_229' title='bbox 1341 3093 1497 3147; x_wconf 87' lang='lat' dir='ltr'>circa</span> <span class='ocrx_word' id='word_1_230' title='bbox 1523 3107 1742 3147; x_wconf 90' lang='lat' dir='ltr'>annum</span> <span class='ocrx_word' id='word_1_231' title='bbox 1774 3092 1997 3149; x_wconf 87' lang='lat' dir='ltr'>tricesi-</span> 
     </span>
    </p>
   </div>
   <div class='ocr_carea' id='block_1_31' title="bbox 358 3179 1997 3253">
    <p class='ocr_par' dir='ltr' id='par_1_31' title="bbox 358 3179 1997 3253">
     <span class='ocr_line' id='line_1_31' title="bbox 358 3179 1997 3253; baseline -0.002 -13"><span class='ocrx_word' id='word_1_232' title='bbox 358 3199 522 3247; x_wconf 83' lang='lat' dir='ltr'>mum</span> <span class='ocrx_word' id='word_1_233' title='bbox 546 3180 754 3253; x_wconf 66' lang='lat' dir='ltr'>astatis,</span> <span class='ocrx_word' id='word_1_234' title='bbox 770 3184 836 3236; x_wconf 90' lang='lat' dir='ltr'>ut</span> <span class='ocrx_word' id='word_1_235' title='bbox 864 3179 1030 3249; x_wconf 85' lang='lat' dir='ltr'>testis</span> <span class='ocrx_word' id='word_1_236' title='bbox 1051 3184 1140 3236; x_wconf 90' lang='lat' dir='ltr'>est</span> <span class='ocrx_word' id='word_1_237' title='bbox 1159 3179 1301 3235; x_wconf 68' lang='lat' dir='ltr'>Vita:</span> <span class='ocrx_word' id='word_1_238' title='bbox 1329 3179 1606 3252; x_wconf 85' lang='lat' dir='ltr'>scriptor;</span> <span class='ocrx_word' id='word_1_239' title='bbox 1644 3181 1796 3236; x_wconf 89' lang='lat' dir='ltr'>unde</span> <span class='ocrx_word' id='word_1_240' title='bbox 1817 3185 1876 3237; x_wconf 90' lang='lat' dir='ltr'>et</span> <span class='ocrx_word' id='word_1_241' title='bbox 1893 3182 1997 3237; x_wconf 87' lang='lat' dir='ltr'>ad-</span> 
     </span>
    </p>
   </div>
   <div class='ocr_carea' id='block_1_32' title="bbox 2090 636 3737 713">
    <p class='ocr_par' dir='ltr' id='par_1_32' title="bbox 2090 636 3737 713">
     <span class='ocr_line' id='line_1_32' title="bbox 2090 636 3737 713; baseline -0.001 -19"><span class='ocrx_word' id='word_1_242' title='bbox 2090 642 2244 711; x_wconf 90' lang='lat' dir='ltr'>quod</span> <span class='ocrx_word' id='word_1_243' title='bbox 2277 640 2428 695; x_wconf 84' lang='lat' dir='ltr'>faeta</span> <span class='ocrx_word' id='word_1_244' title='bbox 2458 659 2583 713; x_wconf 67' lang='lat' dir='ltr'>qua:</span> <span class='ocrx_word' id='word_1_245' title='bbox 2616 645 2814 696; x_wconf 88' lang='lat' dir='ltr'>narrat</span> <span class='ocrx_word' id='word_1_246' title='bbox 2841 658 2956 697; x_wconf 91' lang='lat' dir='ltr'>non</span> <span class='ocrx_word' id='word_1_247' title='bbox 2995 640 3169 711; x_wconf 85' lang='lat' dir='ltr'>juxta</span> <span class='ocrx_word' id='word_1_248' title='bbox 3215 655 3403 695; x_wconf 88' lang='lat' dir='ltr'>annos</span> <span class='ocrx_word' id='word_1_249' title='bbox 3434 636 3737 711; x_wconf 79' lang='lat' dir='ltr'>regiminis</span> 
     </span>
    </p>
   </div>
   <div class='ocr_carea' id='block_1_33' title="bbox 2089 724 3740 802">
    <p class='ocr_par' dir='ltr' id='par_1_33' title="bbox 2089 724 3740 802">
     <span class='ocr_line' id='line_1_33' title="bbox 2089 724 3740 802; baseline -0.001 -19"><span class='ocrx_word' id='word_1_250' title='bbox 2089 729 2509 800; x_wconf 88' lang='lat' dir='ltr'>imperatorum</span> <span class='ocrx_word' id='word_1_251' title='bbox 2536 733 2638 784; x_wconf 87' lang='lat' dir='ltr'>aut</span> <span class='ocrx_word' id='word_1_252' title='bbox 2663 746 2867 802; x_wconf 89' lang='lat' dir='ltr'>regum</span> <span class='ocrx_word' id='word_1_253' title='bbox 2899 732 3199 801; x_wconf 78' lang='lat' dir='ltr'>supputat,</span> <span class='ocrx_word' id='word_1_254' title='bbox 3224 728 3308 783; x_wconf 90' lang='lat' dir='ltr'>uti</span> <span class='ocrx_word' id='word_1_255' title='bbox 3333 726 3560 783; x_wconf 75' lang='lat' dir='ltr'>czetsris</span> <span class='ocrx_word' id='word_1_256' title='bbox 3589 724 3740 783; x_wconf 84' lang='lat' dir='ltr'>codi-</span> 
     </span>
    </p>
   </div>
   <div class='ocr_carea' id='block_1_34' title="bbox 2091 815 3739 890">
    <p class='ocr_par' dir='ltr' id='par_1_34' title="bbox 2091 815 3739 890">
     <span class='ocr_line' id='line_1_34' title="bbox 2091 815 3739 890; baseline -0.001 -18"><span class='ocrx_word' id='word_1_257' title='bbox 2091 818 2258 873; x_wconf 90' lang='lat' dir='ltr'>cibus</span> <span class='ocrx_word' id='word_1_258' title='bbox 2290 822 2347 872; x_wconf 90' lang='lat' dir='ltr'>et</span> <span class='ocrx_word' id='word_1_259' title='bbox 2377 817 2710 873; x_wconf 87' lang='lat' dir='ltr'>Monacensi</span> <span class='ocrx_word' id='word_1_260' title='bbox 2740 834 2975 890; x_wconf 90' lang='lat' dir='ltr'>quoque</span> <span class='ocrx_word' id='word_1_261' title='bbox 3004 816 3293 872; x_wconf 81' lang='lat' dir='ltr'>familiare</span> <span class='ocrx_word' id='word_1_262' title='bbox 3322 820 3433 872; x_wconf 77' lang='lat' dir='ltr'>est.</span> <span class='ocrx_word' id='word_1_263' title='bbox 3458 816 3590 881; x_wconf 87' lang='lat' dir='ltr'>Quo</span> <span class='ocrx_word' id='word_1_264' title='bbox 3616 815 3739 888; x_wconf 83' lang='lat' dir='ltr'>ipso</span> 
     </span>
    </p>
   </div>
   <div class='ocr_carea' id='block_1_35' title="bbox 2090 902 3738 978">
    <p class='ocr_par' dir='ltr' id='par_1_35' title="bbox 2090 902 3738 978">
     <span class='ocr_line' id='line_1_35' title="bbox 2090 902 3738 978; baseline 0.001 -19"><span class='ocrx_word' id='word_1_265' title='bbox 2090 904 2149 959; x_wconf 91' lang='lat' dir='ltr'>id</span> <span class='ocrx_word' id='word_1_266' title='bbox 2181 905 2347 961; x_wconf 81' lang='lat' dir='ltr'>facile</span> <span class='ocrx_word' id='word_1_267' title='bbox 2375 905 2619 978; x_wconf 81' lang='lat' dir='ltr'>contigit</span> <span class='ocrx_word' id='word_1_268' title='bbox 2649 910 2734 974; x_wconf 90' lang='lat' dir='ltr'>ut,</span> <span class='ocrx_word' id='word_1_269' title='bbox 2770 906 2912 961; x_wconf 90' lang='lat' dir='ltr'>dum</span> <span class='ocrx_word' id='word_1_270' title='bbox 2941 921 3098 960; x_wconf 86' lang='lat' dir='ltr'>unus</span> <span class='ocrx_word' id='word_1_271' title='bbox 3128 904 3387 976; x_wconf 76' lang='lat' dir='ltr'>primum</span> <span class='ocrx_word' id='word_1_272' title='bbox 3428 902 3738 976; x_wconf 80' lang='lat' dir='ltr'>cujusdam</span> 
     </span>
    </p>
   </div>
   <div class='ocr_carea' id='block_1_36' title="bbox 2090 989 3740 1065">
    <p class='ocr_par' dir='ltr' id='par_1_36' title="bbox 2090 989 3740 1065">
     <span class='ocr_line' id='line_1_36' title="bbox 2090 989 3740 1065; baseline -0.001 -17"><span class='ocrx_word' id='word_1_273' title='bbox 2090 994 2244 1063; x_wconf 86' lang='lat' dir='ltr'>regis</span> <span class='ocrx_word' id='word_1_274' title='bbox 2259 1010 2482 1051; x_wconf 88' lang='lat' dir='ltr'>annum</span> <span class='ocrx_word' id='word_1_275' title='bbox 2497 994 2570 1050; x_wconf 82' lang='lat' dir='ltr'>ab</span> <span class='ocrx_word' id='word_1_276' title='bbox 2587 994 2750 1051; x_wconf 89' lang='lat' dir='ltr'>obitu</span> <span class='ocrx_word' id='word_1_277' title='bbox 2766 992 3231 1065; x_wconf 72' lang='lat' dir='ltr'>pmdecessoris,</span> <span class='ocrx_word' id='word_1_278' title='bbox 3247 989 3394 1048; x_wconf 78' lang='lat' dir='ltr'>alter</span> <span class='ocrx_word' id='word_1_279' title='bbox 3408 992 3651 1048; x_wconf 84' lang='lat' dir='ltr'>demum</span> <span class='ocrx_word' id='word_1_280' title='bbox 3669 989 3740 1048; x_wconf 81' lang='lat' dir='ltr'>ab</span> 
     </span>
    </p>
   </div>
   <div class='ocr_carea' id='block_1_37' title="bbox 2092 1079 3740 1154">
    <p class='ocr_par' dir='ltr' id='par_1_37' title="bbox 2092 1079 3740 1154">
     <span class='ocr_line' id='line_1_37' title="bbox 2092 1079 3740 1154; baseline 0 -18"><span class='ocrx_word' id='word_1_281' title='bbox 2092 1099 2245 1137; x_wconf 91' lang='lat' dir='ltr'>anno</span> <span class='ocrx_word' id='word_1_282' title='bbox 2276 1087 2554 1153; x_wconf 88' lang='lat' dir='ltr'>sequente</span> <span class='ocrx_word' id='word_1_283' title='bbox 2582 1082 2930 1148; x_wconf 84' lang='lat' dir='ltr'>numeravit,</span> <span class='ocrx_word' id='word_1_284' title='bbox 2963 1082 3023 1137; x_wconf 87' lang='lat' dir='ltr'>in</span> <span class='ocrx_word' id='word_1_285' title='bbox 3056 1082 3205 1153; x_wconf 89' lang='lat' dir='ltr'>ipsis</span> <span class='ocrx_word' id='word_1_286' title='bbox 3233 1079 3538 1154; x_wconf 67' lang='lat' dir='ltr'>regimini:</span> <span class='ocrx_word' id='word_1_287' title='bbox 3568 1080 3740 1136; x_wconf 75' lang='lat' dir='ltr'>annis</span> 
     </span>
    </p>
   </div>
   <div class='ocr_carea' id='block_1_38' title="bbox 2092 1168 3740 1242">
    <p class='ocr_par' dir='ltr' id='par_1_38' title="bbox 2092 1168 3740 1242">
     <span class='ocr_line' id='line_1_38' title="bbox 2092 1168 3740 1242; baseline -0.001 -16"><span class='ocrx_word' id='word_1_288' title='bbox 2092 1171 2205 1226; x_wconf 92' lang='lat' dir='ltr'>sibi</span> <span class='ocrx_word' id='word_1_289' title='bbox 2228 1171 2383 1226; x_wconf 84' lang='lat' dir='ltr'>haud</span> <span class='ocrx_word' id='word_1_290' title='bbox 2405 1172 2757 1240; x_wconf 79' lang='lat' dir='ltr'>constarent,</span> <span class='ocrx_word' id='word_1_291' title='bbox 2779 1172 3040 1241; x_wconf 87' lang='lat' dir='ltr'>adeoque</span> <span class='ocrx_word' id='word_1_292' title='bbox 3060 1175 3119 1225; x_wconf 89' lang='lat' dir='ltr'>et</span> <span class='ocrx_word' id='word_1_293' title='bbox 3140 1170 3203 1224; x_wconf 90' lang='lat' dir='ltr'>in</span> <span class='ocrx_word' id='word_1_294' title='bbox 3222 1168 3598 1242; x_wconf 83' lang='lat' dir='ltr'>assignandis</span> <span class='ocrx_word' id='word_1_295' title='bbox 3616 1169 3740 1225; x_wconf 86' lang='lat' dir='ltr'>cui-</span> 
     </span>
    </p>
   </div>
   <div class='ocr_carea' id='block_1_39' title="bbox 2092 1257 3741 1332">
    <p class='ocr_par' dir='ltr' id='par_1_39' title="bbox 2092 1257 3741 1332">
     <span class='ocr_line' id='line_1_39' title="bbox 2092 1257 3741 1332; baseline 0 -18"><span class='ocrx_word' id='word_1_296' title='bbox 2092 1259 2232 1315; x_wconf 89' lang='lat' dir='ltr'>libet</span> <span class='ocrx_word' id='word_1_297' title='bbox 2252 1276 2404 1314; x_wconf 89' lang='lat' dir='ltr'>anno</span> <span class='ocrx_word' id='word_1_298' title='bbox 2425 1259 2606 1332; x_wconf 86' lang='lat' dir='ltr'>gestis</span> <span class='ocrx_word' id='word_1_299' title='bbox 2626 1263 2683 1315; x_wconf 91' lang='lat' dir='ltr'>et</span> <span class='ocrx_word' id='word_1_300' title='bbox 2701 1264 3033 1330; x_wconf 87' lang='lat' dir='ltr'>temporum</span> <span class='ocrx_word' id='word_1_301' title='bbox 3053 1263 3332 1331; x_wconf 91' lang='lat' dir='ltr'>computo</span> <span class='ocrx_word' id='word_1_302' title='bbox 3350 1275 3387 1312; x_wconf 84' lang='lat' dir='ltr'>a</span> <span class='ocrx_word' id='word_1_303' title='bbox 3405 1274 3473 1314; x_wconf 88' lang='lat' dir='ltr'>se</span> <span class='ocrx_word' id='word_1_304' title='bbox 3490 1257 3741 1314; x_wconf 80' lang='lat' dir='ltr'>invicem</span> 
     </span>
    </p>
   </div>
   <div class='ocr_carea' id='block_1_40' title="bbox 2094 1347 3743 1419">
    <p class='ocr_par' dir='ltr' id='par_1_40' title="bbox 2094 1347 3743 1419">
     <span class='ocr_line' id='line_1_40' title="bbox 2094 1347 3743 1419; baseline -0.001 -15"><span class='ocrx_word' id='word_1_305' title='bbox 2094 1348 2506 1419; x_wconf 85' lang='lat' dir='ltr'>discreparent.</span> <span class='ocrx_word' id='word_1_306' title='bbox 2539 1348 2909 1403; x_wconf 84' lang='lat' dir='ltr'>Hermannus</span> <span class='ocrx_word' id='word_1_307' title='bbox 2938 1353 3133 1403; x_wconf 84' lang='lat' dir='ltr'>autem</span> <span class='ocrx_word' id='word_1_308' title='bbox 3174 1363 3271 1403; x_wconf 85' lang='lat' dir='ltr'>res</span> <span class='ocrx_word' id='word_1_309' title='bbox 3299 1363 3437 1405; x_wconf 84' lang='lat' dir='ltr'>cum</span> <span class='ocrx_word' id='word_1_310' title='bbox 3471 1347 3743 1403; x_wconf 74' lang='lat' dir='ltr'>incarna-</span> 
     </span>
    </p>
   </div>
   <div class='ocr_carea' id='block_1_41' title="bbox 2094 1435 3742 1507">
    <p class='ocr_par' dir='ltr' id='par_1_41' title="bbox 2094 1435 3742 1507">
     <span class='ocr_line' id='line_1_41' title="bbox 2094 1435 3742 1507; baseline 0 -15"><span class='ocrx_word' id='word_1_311' title='bbox 2094 1437 2272 1492; x_wconf 89' lang='lat' dir='ltr'>tionis</span> <span class='ocrx_word' id='word_1_312' title='bbox 2304 1436 2616 1492; x_wconf 81' lang='lat' dir='ltr'>Dominieae</span> <span class='ocrx_word' id='word_1_313' title='bbox 2660 1435 2833 1491; x_wconf 88' lang='lat' dir='ltr'>annis</span> <span class='ocrx_word' id='word_1_314' title='bbox 2862 1435 3134 1507; x_wconf 87' lang='lat' dir='ltr'>copulare</span> <span class='ocrx_word' id='word_1_315' title='bbox 3160 1450 3477 1507; x_wconf 72' lang='lat' dir='ltr'>aggressus</span> <span class='ocrx_word' id='word_1_316' title='bbox 3500 1440 3612 1491; x_wconf 88' lang='lat' dir='ltr'>est.</span> <span class='ocrx_word' id='word_1_317' title='bbox 3651 1436 3742 1492; x_wconf 75' lang='lat' dir='ltr'>Ve-</span> 
     </span>
    </p>
   </div>
   <div class='ocr_carea' id='block_1_42' title="bbox 2094 1523 3741 1596">
    <p class='ocr_par' dir='ltr' id='par_1_42' title="bbox 2094 1523 3741 1596">
     <span class='ocr_line' id='line_1_42' title="bbox 2094 1523 3741 1596; baseline -0.001 -16"><span class='ocrx_word' id='word_1_318' title='bbox 2094 1543 2241 1588; x_wconf 87' lang='lat' dir='ltr'>rum.</span> <span class='ocrx_word' id='word_1_319' title='bbox 2276 1529 2338 1579; x_wconf 87' lang='lat' dir='ltr'>ut</span> <span class='ocrx_word' id='word_1_320' title='bbox 2367 1531 2529 1580; x_wconf 87' lang='lat' dir='ltr'>notat</span> <span class='ocrx_word' id='word_1_321' title='bbox 2560 1527 2842 1596; x_wconf 88' lang='lat' dir='ltr'>Bouquet,</span> <span class='ocrx_word' id='word_1_322' title='bbox 2865 1530 3008 1579; x_wconf 88' lang='lat' dir='ltr'>tom.</span> <span class='ocrx_word' id='word_1_323' title='bbox 3032 1524 3106 1579; x_wconf 84' lang='grc' dir='ltr'>ΙΙΙ</span> <span class='ocrx_word' id='word_1_324' title='bbox 3134 1524 3349 1596; x_wconf 85' lang='lat' dir='ltr'>Script.</span> <span class='ocrx_word' id='word_1_325' title='bbox 3376 1540 3486 1579; x_wconf 85' lang='lat' dir='ltr'>rer.</span> <span class='ocrx_word' id='word_1_326' title='bbox 3511 1523 3741 1592; x_wconf 55' lang='lat' dir='ltr'>Mne,</span> 
     </span>
    </p>
   </div>
   <div class='ocr_carea' id='block_1_43' title="bbox 2097 1611 3746 1685">
    <p class='ocr_par' dir='ltr' id='par_1_43' title="bbox 2097 1611 3746 1685">
     <span class='ocr_line' id='line_1_43' title="bbox 2097 1611 3746 1685; baseline -0.001 -15"><span class='ocrx_word' id='word_1_327' title='bbox 2097 1631 2153 1685; x_wconf 90' lang='lat' dir='ltr'>p.</span> <span class='ocrx_word' id='word_1_328' title='bbox 2170 1617 2293 1678; x_wconf 75' lang='lat' dir='ltr'>3m,</span> <span class='ocrx_word' id='word_1_329' title='bbox 2328 1616 2544 1683; x_wconf 70' lang='lat' dir='ltr'>infelici</span> <span class='ocrx_word' id='word_1_330' title='bbox 2570 1623 2791 1681; x_wconf 76' lang='lat' dir='ltr'>conatu,</span> <span class='ocrx_word' id='word_1_331' title='bbox 2812 1614 3010 1668; x_wconf 78' lang='lat' dir='ltr'>saltem</span> <span class='ocrx_word' id='word_1_332' title='bbox 3036 1617 3303 1685; x_wconf 77' lang='lat' dir='ltr'>quantum</span> <span class='ocrx_word' id='word_1_333' title='bbox 3336 1615 3535 1668; x_wconf 76' lang='lat' dir='ltr'>attinet</span> <span class='ocrx_word' id='word_1_334' title='bbox 3560 1611 3637 1668; x_wconf 71' lang='lat' dir='ltr'>ad</span> <span class='ocrx_word' id='word_1_335' title='bbox 3658 1629 3746 1669; x_wconf 69' lang='lat' dir='ltr'>res</span> 
     </span>
    </p>
   </div>
   <div class='ocr_carea' id='block_1_44' title="bbox 2098 1703 3746 1773">
    <p class='ocr_par' dir='ltr' id='par_1_44' title="bbox 2098 1703 3746 1773">
     <span class='ocr_line' id='line_1_44' title="bbox 2098 1703 3746 1773; baseline 0.001 -17"><span class='ocrx_word' id='word_1_336' title='bbox 2098 1720 2215 1773; x_wconf 69' lang='lat' dir='ltr'>qua:</span> <span class='ocrx_word' id='word_1_337' title='bbox 2244 1703 2342 1757; x_wconf 81' lang='lat' dir='ltr'>sub</span> <span class='ocrx_word' id='word_1_338' title='bbox 2373 1704 2551 1768; x_wconf 73' lang='lat' dir='ltr'>prima</span> <span class='ocrx_word' id='word_1_339' title='bbox 2582 1718 2770 1772; x_wconf 82' lang='lat' dir='ltr'>regum</span> <span class='ocrx_word' id='word_1_340' title='bbox 2815 1704 3147 1757; x_wconf 71' lang='lat' dir='ltr'>Francorum</span> <span class='ocrx_word' id='word_1_341' title='bbox 3190 1704 3363 1773; x_wconf 76' lang='lat' dir='ltr'>stirpe</span> <span class='ocrx_word' id='word_1_342' title='bbox 3386 1706 3550 1772; x_wconf 68' lang='lat' dir='ltr'>gestas</span> <span class='ocrx_word' id='word_1_343' title='bbox 3575 1704 3746 1764; x_wconf 61' lang='lat' dir='ltr'>sunt;</span> 
     </span>
    </p>
   </div>
   <div class='ocr_carea' id='block_1_45' title="bbox 2099 1789 3749 1862">
    <p class='ocr_par' dir='ltr' id='par_1_45' title="bbox 2099 1789 3749 1862">
     <span class='ocr_line' id='line_1_45' title="bbox 2099 1789 3749 1862; baseline 0 -16"><span class='ocrx_word' id='word_1_344' title='bbox 2099 1794 2215 1847; x_wconf 86' lang='lat' dir='ltr'>imo</span> <span class='ocrx_word' id='word_1_345' title='bbox 2245 1808 2395 1862; x_wconf 68' lang='lat' dir='ltr'>saepe</span> <span class='ocrx_word' id='word_1_346' title='bbox 2425 1790 2562 1846; x_wconf 88' lang='lat' dir='ltr'>alibi</span> <span class='ocrx_word' id='word_1_347' title='bbox 2595 1806 2847 1862; x_wconf 89' lang='lat' dir='ltr'>quoque,</span> <span class='ocrx_word' id='word_1_348' title='bbox 2871 1790 3150 1846; x_wconf 84' lang='lat' dir='ltr'>inductus</span> <span class='ocrx_word' id='word_1_349' title='bbox 3178 1790 3382 1862; x_wconf 87' lang='lat' dir='ltr'>utique</span> <span class='ocrx_word' id='word_1_350' title='bbox 3402 1791 3477 1847; x_wconf 87' lang='lat' dir='ltr'>ab</span> <span class='ocrx_word' id='word_1_351' title='bbox 3496 1789 3749 1847; x_wconf 81' lang='lat' dir='ltr'>auctori-</span> 
     </span>
    </p>
   </div>
   <div class='ocr_carea' id='block_1_46' title="bbox 2102 1879 3748 1951">
    <p class='ocr_par' dir='ltr' id='par_1_46' title="bbox 2102 1879 3748 1951">
     <span class='ocr_line' id='line_1_46' title="bbox 2102 1879 3748 1951; baseline 0 -16"><span class='ocrx_word' id='word_1_352' title='bbox 2102 1881 2213 1936; x_wconf 87' lang='lat' dir='ltr'>bus</span> <span class='ocrx_word' id='word_1_353' title='bbox 2234 1880 2661 1951; x_wconf 81' lang='lat' dir='ltr'>antiquioribus</span> <span class='ocrx_word' id='word_1_354' title='bbox 2683 1896 2832 1950; x_wconf 92' lang='lat' dir='ltr'>quos</span> <span class='ocrx_word' id='word_1_355' title='bbox 2851 1884 3088 1935; x_wconf 89' lang='lat' dir='ltr'>secutus</span> <span class='ocrx_word' id='word_1_356' title='bbox 3108 1883 3217 1935; x_wconf 87' lang='lat' dir='ltr'>est.</span> <span class='ocrx_word' id='word_1_357' title='bbox 3240 1879 3402 1945; x_wconf 85' lang='lat' dir='ltr'>Quod</span> <span class='ocrx_word' id='word_1_358' title='bbox 3424 1879 3748 1935; x_wconf 58' lang='lat' dir='ltr'>antemadp</span> 
     </span>
    </p>
   </div>
   <div class='ocr_carea' id='block_1_47' title="bbox 2102 1967 3752 2040">
    <p class='ocr_par' dir='ltr' id='par_1_47' title="bbox 2102 1967 3752 2040">
     <span class='ocr_line' id='line_1_47' title="bbox 2102 1967 3752 2040; baseline 0.001 -17"><span class='ocrx_word' id='word_1_359' title='bbox 2102 1967 2188 2023; x_wconf 92' lang='lat' dir='ltr'>dit</span> <span class='ocrx_word' id='word_1_360' title='bbox 2208 1968 2360 2023; x_wconf 89' lang='lat' dir='ltr'>idem</span> <span class='ocrx_word' id='word_1_361' title='bbox 2388 1970 2682 2039; x_wconf 86' lang='lat' dir='ltr'>Bouquet:</span> <span class='ocrx_word' id='word_1_362' title='bbox 2715 1970 2866 2024; x_wconf 81' lang='lat' dir='ltr'>Veros</span> <span class='ocrx_word' id='word_1_363' title='bbox 2895 1983 3088 2036; x_wconf 81' lang='lat' dir='ltr'>annos,</span> <span class='ocrx_word' id='word_1_364' title='bbox 3118 1968 3297 2040; x_wconf 84' lang='lat' dir='ltr'>quoad</span> <span class='ocrx_word' id='word_1_365' title='bbox 3337 1968 3458 2037; x_wconf 74' lang='lat' dir='ltr'>eius</span> <span class='ocrx_word' id='word_1_366' title='bbox 3504 1969 3632 2040; x_wconf 73' lang='lat' dir='ltr'>fieri</span> <span class='ocrx_word' id='word_1_367' title='bbox 3654 1984 3752 2040; x_wconf 80' lang='lat' dir='ltr'>pc-</span> 
     </span>
    </p>
   </div>
   <div class='ocr_carea' id='block_1_48' title="bbox 2100 2056 3749 2129">
    <p class='ocr_par' dir='ltr' id='par_1_48' title="bbox 2100 2056 3749 2129">
     <span class='ocr_line' id='line_1_48' title="bbox 2100 2056 3749 2129; baseline 0.001 -18"><span class='ocrx_word' id='word_1_368' title='bbox 2100 2059 2284 2119; x_wconf 75' lang='lat' dir='ltr'>tuerit,</span> <span class='ocrx_word' id='word_1_369' title='bbox 2324 2056 2723 2124; x_wconf 73' lang='lat' dir='ltr'>adnotabimus,</span> <span class='ocrx_word' id='word_1_370' title='bbox 2746 2057 2901 2111; x_wconf 81' lang='lat' dir='ltr'>nullo</span> <span class='ocrx_word' id='word_1_371' title='bbox 2923 2057 3105 2112; x_wconf 75' lang='lat' dir='ltr'>habito</span> <span class='ocrx_word' id='word_1_372' title='bbox 3122 2064 3366 2129; x_wconf 75' lang='lat' dir='ltr'>respectu</span> <span class='ocrx_word' id='word_1_373' title='bbox 3384 2056 3459 2113; x_wconf 79' lang='lat' dir='ltr'>ad</span> <span class='ocrx_word' id='word_1_374' title='bbox 3476 2072 3653 2114; x_wconf 74' lang='lat' dir='ltr'>annos</span> <span class='ocrx_word' id='word_1_375' title='bbox 3680 2058 3749 2113; x_wconf 88' lang='lat' dir='ltr'>ab</span> 
     </span>
    </p>
   </div>
   <div class='ocr_carea' id='block_1_49' title="bbox 2102 2146 3748 2217">
    <p class='ocr_par' dir='ltr' id='par_1_49' title="bbox 2102 2146 3748 2217">
     <span class='ocr_line' id='line_1_49' title="bbox 2102 2146 3748 2217; baseline -0.004 -16"><span class='ocrx_word' id='word_1_376' title='bbox 2102 2148 2411 2201; x_wconf 77' lang='lat' dir='ltr'>llermanno</span> <span class='ocrx_word' id='word_1_377' title='bbox 2439 2149 2671 2213; x_wconf 76' lang='lat' dir='ltr'>notatos,</span> <span class='ocrx_word' id='word_1_378' title='bbox 2704 2161 2831 2215; x_wconf 76' lang='lat' dir='ltr'>quos</span> <span class='ocrx_word' id='word_1_379' title='bbox 2871 2150 3059 2211; x_wconf 65' lang='lat' dir='ltr'>tamen</span> <span class='ocrx_word' id='word_1_380' title='bbox 3078 2148 3271 2216; x_wconf 81' lang='lat' dir='ltr'>cuique</span> <span class='ocrx_word' id='word_1_381' title='bbox 3316 2146 3553 2201; x_wconf 60' lang='lat' dir='ltr'>articulo</span> <span class='ocrx_word' id='word_1_382' title='bbox 3596 2160 3748 2217; x_wconf 54' lang='lat' dir='ltr'>pra.</span> 
     </span>
    </p>
   </div>
   <div class='ocr_carea' id='block_1_50' title="bbox 2101 2234 3750 2306">
    <p class='ocr_par' dir='ltr' id='par_1_50' title="bbox 2101 2234 3750 2306">
     <span class='ocr_line' id='line_1_50' title="bbox 2101 2234 3750 2306; baseline 0.001 -18"><span class='ocrx_word' id='word_1_383' title='bbox 2101 2238 2401 2302; x_wconf 75' lang='lat' dir='ltr'>mittemus,</span> <span class='ocrx_word' id='word_1_384' title='bbox 2435 2241 2702 2289; x_wconf 87' lang='lat' dir='ltr'>nostrum</span> <span class='ocrx_word' id='word_1_385' title='bbox 2730 2250 2962 2306; x_wconf 88' lang='lat' dir='ltr'>quoque</span> <span class='ocrx_word' id='word_1_386' title='bbox 2989 2251 3060 2289; x_wconf 88' lang='lat' dir='ltr'>ex</span> <span class='ocrx_word' id='word_1_387' title='bbox 3081 2239 3244 2306; x_wconf 88' lang='lat' dir='ltr'>parte</span> <span class='ocrx_word' id='word_1_388' title='bbox 3268 2235 3519 2301; x_wconf 78' lang='lat' dir='ltr'>facimus</span> <span class='ocrx_word' id='word_1_389' title='bbox 3545 2234 3604 2289; x_wconf 80' lang='lat' dir='ltr'>in</span> <span class='ocrx_word' id='word_1_390' title='bbox 3636 2235 3750 2290; x_wconf 73' lang='lat' dir='ltr'>hac</span> 
     </span>
    </p>
   </div>
   <div class='ocr_carea' id='block_1_51' title="bbox 2100 2323 3751 2398">
    <p class='ocr_par' dir='ltr' id='par_1_51' title="bbox 2100 2323 3751 2398">
     <span class='ocr_line' id='line_1_51' title="bbox 2100 2323 3751 2398; baseline 0 -18"><span class='ocrx_word' id='word_1_391' title='bbox 2100 2325 2377 2388; x_wconf 84' lang='lat' dir='ltr'>editione,</span> <span class='ocrx_word' id='word_1_392' title='bbox 2411 2328 2475 2377; x_wconf 90' lang='lat' dir='ltr'>ut</span> <span class='ocrx_word' id='word_1_393' title='bbox 2502 2323 2741 2389; x_wconf 90' lang='lat' dir='ltr'>scilicet,</span> <span class='ocrx_word' id='word_1_394' title='bbox 2778 2323 2981 2379; x_wconf 89' lang='lat' dir='ltr'>ordine</span> <span class='ocrx_word' id='word_1_395' title='bbox 3008 2324 3325 2379; x_wconf 90' lang='lat' dir='ltr'>Hermanni</span> <span class='ocrx_word' id='word_1_396' title='bbox 3370 2328 3617 2394; x_wconf 85' lang='lat' dir='ltr'>retento,</span> <span class='ocrx_word' id='word_1_397' title='bbox 3649 2340 3751 2398; x_wconf 62' lang='lat' dir='ltr'>ger-</span> 
     </span>
    </p>
   </div>
   <div class='ocr_carea' id='block_1_52' title="bbox 2103 2412 3754 2484">
    <p class='ocr_par' dir='ltr' id='par_1_52' title="bbox 2103 2412 3754 2484">
     <span class='ocr_line' id='line_1_52' title="bbox 2103 2412 3754 2484; baseline 0.002 -18"><span class='ocrx_word' id='word_1_398' title='bbox 2103 2412 2350 2467; x_wconf 90' lang='lat' dir='ltr'>nuinum</span> <span class='ocrx_word' id='word_1_399' title='bbox 2372 2412 2686 2483; x_wconf 84' lang='lat' dir='ltr'>cujuslibet</span> <span class='ocrx_word' id='word_1_400' title='bbox 2708 2412 2838 2466; x_wconf 83' lang='lat' dir='ltr'>facti</span> <span class='ocrx_word' id='word_1_401' title='bbox 2870 2416 3103 2484; x_wconf 88' lang='lat' dir='ltr'>tempus</span> <span class='ocrx_word' id='word_1_402' title='bbox 3123 2412 3237 2469; x_wconf 89' lang='lat' dir='ltr'>alio</span> <span class='ocrx_word' id='word_1_403' title='bbox 3257 2413 3589 2469; x_wconf 80' lang='lat' dir='ltr'>charactere</span> <span class='ocrx_word' id='word_1_404' title='bbox 3608 2414 3754 2469; x_wconf 64' lang='lat' dir='ltr'>sub:-</span> 
     </span>
    </p>
   </div>
   <div class='ocr_carea' id='block_1_53' title="bbox 2094 2501 3755 2572">
    <p class='ocr_par' dir='ltr' id='par_1_53' title="bbox 2094 2501 3755 2572">
     <span class='ocr_line' id='line_1_53' title="bbox 2094 2501 3755 2572; baseline 0.003 -18"><span class='ocrx_word' id='word_1_405' title='bbox 2094 2501 2396 2572; x_wconf 81' lang='lat' dir='ltr'>jieiamus,</span> <span class='ocrx_word' id='word_1_406' title='bbox 2429 2506 2715 2571; x_wconf 85' lang='lat' dir='ltr'>quantum</span> <span class='ocrx_word' id='word_1_407' title='bbox 2747 2501 2985 2572; x_wconf 80' lang='lat' dir='ltr'>quidem</span> <span class='ocrx_word' id='word_1_408' title='bbox 3015 2517 3086 2557; x_wconf 88' lang='lat' dir='ltr'>ex</span> <span class='ocrx_word' id='word_1_409' title='bbox 3113 2502 3534 2561; x_wconf 82' lang='lat' dir='ltr'>recentioribus</span> <span class='ocrx_word' id='word_1_410' title='bbox 3564 2507 3623 2559; x_wconf 86' lang='lat' dir='ltr'>et</span> <span class='ocrx_word' id='word_1_411' title='bbox 3653 2518 3755 2559; x_wconf 89' lang='lat' dir='ltr'>ae-</span> 
     </span>
    </p>
   </div>
   <div class='ocr_carea' id='block_1_54' title="bbox 2103 2588 3389 2661">
    <p class='ocr_par' dir='ltr' id='par_1_54' title="bbox 2103 2588 3389 2661">
     <span class='ocr_line' id='line_1_54' title="bbox 2103 2588 3389 2661; baseline 0.002 -16"><span class='ocrx_word' id='word_1_412' title='bbox 2103 2590 2493 2645; x_wconf 88' lang='lat' dir='ltr'>curatioribus</span> <span class='ocrx_word' id='word_1_413' title='bbox 2522 2588 2890 2661; x_wconf 86' lang='lat' dir='ltr'>cbronologis</span> <span class='ocrx_word' id='word_1_414' title='bbox 2922 2594 3175 2646; x_wconf 87' lang='lat' dir='ltr'>statuere</span> <span class='ocrx_word' id='word_1_415' title='bbox 3206 2590 3389 2647; x_wconf 88' lang='lat' dir='ltr'>licuit.</span> 
     </span>
    </p>
   </div>
   <div class='ocr_carea' id='block_1_55' title="bbox 2176 2677 3759 2754">
    <p class='ocr_par' dir='ltr' id='par_1_55' title="bbox 2176 2677 3759 2754">
     <span class='ocr_line' id='line_1_55' title="bbox 2176 2677 3759 2754; baseline 0.004 -21"><span class='ocrx_word' id='word_1_416' title='bbox 2176 2678 2292 2733; x_wconf 87' lang='lat' dir='ltr'>Hos</span> <span class='ocrx_word' id='word_1_417' title='bbox 2337 2678 2490 2733; x_wconf 89' lang='lat' dir='ltr'>inter</span> <span class='ocrx_word' id='word_1_418' title='bbox 2536 2677 2827 2749; x_wconf 86' lang='lat' dir='ltr'>imprimis</span> <span class='ocrx_word' id='word_1_419' title='bbox 2877 2694 3260 2742; x_wconf 72' lang='lat' dir='ltr'>numeramus</span> <span class='ocrx_word' id='word_1_420' title='bbox 3285 2680 3348 2735; x_wconf 90' lang='lat' dir='ltr'>P.</span> <span class='ocrx_word' id='word_1_421' title='bbox 3380 2680 3759 2754; x_wconf 68' lang='lat' dir='ltr'>Stephanum</span> 
     </span>
    </p>
   </div>
   <div class='ocr_carea' id='block_1_56' title="bbox 2104 2766 3760 2840">
    <p class='ocr_par' dir='ltr' id='par_1_56' title="bbox 2104 2766 3760 2840">
     <span class='ocr_line' id='line_1_56' title="bbox 2104 2766 3760 2840; baseline 0.002 -17"><span class='ocrx_word' id='word_1_422' title='bbox 2104 2767 2382 2829; x_wconf 83' lang='lat' dir='ltr'>Clemenl,</span> <span class='ocrx_word' id='word_1_423' title='bbox 2415 2766 2646 2838; x_wconf 85' lang='lat' dir='ltr'>insigne</span> <span class='ocrx_word' id='word_1_424' title='bbox 2675 2767 3142 2840; x_wconf 78' lang='lat' dir='ltr'>congregationis</span> <span class='ocrx_word' id='word_1_425' title='bbox 3180 2768 3553 2827; x_wconf 80' lang='lat' dir='ltr'>Benedictino</span> <span class='ocrx_word' id='word_1_426' title='bbox 3583 2770 3760 2827; x_wconf 39' lang='lat' dir='ltr'>Maus</span> 
     </span>
    </p>
   </div>
   <div class='ocr_carea' id='block_1_57' title="bbox 2104 2855 3765 2932">
    <p class='ocr_par' dir='ltr' id='par_1_57' title="bbox 2104 2855 3765 2932">
     <span class='ocr_line' id='line_1_57' title="bbox 2104 2855 3765 2932; baseline 0.004 -21"><span class='ocrx_word' id='word_1_427' title='bbox 2104 2857 2279 2911; x_wconf 75' lang='lat' dir='ltr'>rianae</span> <span class='ocrx_word' id='word_1_428' title='bbox 2312 2857 2369 2910; x_wconf 91' lang='lat' dir='ltr'>in</span> <span class='ocrx_word' id='word_1_429' title='bbox 2392 2855 2579 2911; x_wconf 86' lang='lat' dir='ltr'>Gallia</span> <span class='ocrx_word' id='word_1_430' title='bbox 2604 2856 2803 2923; x_wconf 89' lang='lat' dir='ltr'>decus,</span> <span class='ocrx_word' id='word_1_431' title='bbox 2825 2856 2923 2927; x_wconf 90' lang='lat' dir='ltr'>qui</span> <span class='ocrx_word' id='word_1_432' title='bbox 2957 2856 3015 2911; x_wconf 89' lang='lat' dir='ltr'>in</span> <span class='ocrx_word' id='word_1_433' title='bbox 3040 2857 3523 2928; x_wconf 68' lang='lat' dir='ltr'>prmetantiseimo</span> <span class='ocrx_word' id='word_1_434' title='bbox 3550 2876 3765 2932; x_wconf 84' lang='lat' dir='ltr'>opere,</span> 
     </span>
    </p>
   </div>
   <div class='ocr_carea' id='block_1_58' title="bbox 2104 2943 3762 3019">
    <p class='ocr_par' dir='ltr' id='par_1_58' title="bbox 2104 2943 3762 3019">
     <span class='ocr_line' id='line_1_58' title="bbox 2104 2943 3762 3019; baseline 0.005 -22"><span class='ocrx_word' id='word_1_435' title='bbox 2104 2943 2179 2999; x_wconf 82' lang='lat' dir='ltr'>l&#39;A</span> <span class='ocrx_word' id='word_1_436' title='bbox 2192 2953 2239 2999; x_wconf 79' lang='lat' dir='ltr'>rt</span> <span class='ocrx_word' id='word_1_437' title='bbox 2292 2944 2356 2999; x_wconf 77' lang='lat' dir='ltr'>de</span> <span class='ocrx_word' id='word_1_438' title='bbox 2402 2946 2621 3014; x_wconf 63' lang='lat' dir='ltr'>veri/ter</span> <span class='ocrx_word' id='word_1_439' title='bbox 2663 2945 2738 2997; x_wconf 77' lang='lat' dir='ltr'>les</span> <span class='ocrx_word' id='word_1_440' title='bbox 2782 2944 2954 3015; x_wconf 71' lang='lat' dir='ltr'>dates,</span> <span class='ocrx_word' id='word_1_441' title='bbox 2982 2945 3170 3001; x_wconf 82' lang='lat' dir='ltr'>tertiis</span> <span class='ocrx_word' id='word_1_442' title='bbox 3198 2946 3351 3019; x_wconf 74' lang='lat' dir='ltr'>typis</span> <span class='ocrx_word' id='word_1_443' title='bbox 3383 2946 3629 3005; x_wconf 72' lang='lat' dir='ltr'>Parisiis</span> <span class='ocrx_word' id='word_1_444' title='bbox 3654 2966 3762 3005; x_wconf 71' lang='lat' dir='ltr'>an.</span> 
     </span>
    </p>
   </div>
   <div class='ocr_carea' id='block_1_59' title="bbox 2106 3032 3763 3107">
    <p class='ocr_par' dir='ltr' id='par_1_59' title="bbox 2106 3032 3763 3107">
     <span class='ocr_line' id='line_1_59' title="bbox 2106 3032 3763 3107; baseline 0.004 -19"><span class='ocrx_word' id='word_1_445' title='bbox 2106 3034 2245 3088; x_wconf 79' lang='lat'>1783</span> <span class='ocrx_word' id='word_1_446' title='bbox 2272 3049 2436 3104; x_wconf 91' lang='lat' dir='ltr'>seqq.</span> <span class='ocrx_word' id='word_1_447' title='bbox 2464 3034 2655 3088; x_wconf 89' lang='lat' dir='ltr'>tribus</span> <span class='ocrx_word' id='word_1_448' title='bbox 2706 3032 3012 3105; x_wconf 91' lang='lat' dir='ltr'>hucusque</span> <span class='ocrx_word' id='word_1_449' title='bbox 3062 3036 3241 3091; x_wconf 85' lang='lat' dir='ltr'>tomis</span> <span class='ocrx_word' id='word_1_450' title='bbox 3298 3036 3763 3107; x_wconf 78' lang='lat' dir='ltr'>majoribusex-</span> 
     </span>
    </p>
   </div>
   <div class='ocr_carea' id='block_1_60' title="bbox 2104 3122 3767 3198">
    <p class='ocr_par' dir='ltr' id='par_1_60' title="bbox 2104 3122 3767 3198">
     <span class='ocr_line' id='line_1_60' title="bbox 2104 3122 3767 3198; baseline 0.005 -21"><span class='ocrx_word' id='word_1_451' title='bbox 2104 3138 2246 3177; x_wconf 88' lang='lat' dir='ltr'>euso</span> <span class='ocrx_word' id='word_1_452' title='bbox 2276 3127 2332 3176; x_wconf 89' lang='lat' dir='ltr'>et</span> <span class='ocrx_word' id='word_1_453' title='bbox 2361 3126 2550 3187; x_wconf 90' lang='lat' dir='ltr'>aucto,</span> <span class='ocrx_word' id='word_1_454' title='bbox 2581 3126 2798 3188; x_wconf 87' lang='lat' dir='ltr'>exacte,</span> <span class='ocrx_word' id='word_1_455' title='bbox 2833 3122 2883 3177; x_wconf 91' lang='lat' dir='ltr'>si</span> <span class='ocrx_word' id='word_1_456' title='bbox 2926 3122 3059 3194; x_wconf 89' lang='lat' dir='ltr'>quis</span> <span class='ocrx_word' id='word_1_457' title='bbox 3088 3122 3260 3191; x_wconf 89' lang='lat' dir='ltr'>alius,</span> <span class='ocrx_word' id='word_1_458' title='bbox 3292 3128 3629 3198; x_wconf 81' lang='lat' dir='ltr'>temporum</span> <span class='ocrx_word' id='word_1_459' title='bbox 3663 3143 3767 3184; x_wconf 69' lang='lat' dir='ltr'>seu-</span> 
     </span>
    </p>
   </div>
   <div class='ocr_carea' id='block_1_61' title="bbox 2106 3210 3768 3283">
    <p class='ocr_par' dir='ltr' id='par_1_61' title="bbox 2106 3210 3768 3283">
     <span class='ocr_line' id='line_1_61' title="bbox 2106 3210 3768 3283; baseline 0.004 -17"><span class='ocrx_word' id='word_1_460' title='bbox 2106 3210 2252 3267; x_wconf 89' lang='lat' dir='ltr'>riem</span> <span class='ocrx_word' id='word_1_461' title='bbox 2281 3210 2547 3282; x_wconf 89' lang='lat' dir='ltr'>digessit,</span> <span class='ocrx_word' id='word_1_462' title='bbox 2576 3210 2670 3265; x_wconf 90' lang='lat' dir='ltr'>cui</span> <span class='ocrx_word' id='word_1_463' title='bbox 2701 3214 2897 3265; x_wconf 89' lang='lat' dir='ltr'>tamen</span> <span class='ocrx_word' id='word_1_464' title='bbox 2944 3228 3108 3283; x_wconf 61' lang='lat' dir='ltr'>aeque</span> <span class='ocrx_word' id='word_1_465' title='bbox 3152 3228 3225 3267; x_wconf 87' lang='lat' dir='ltr'>ac</span> <span class='ocrx_word' id='word_1_466' title='bbox 3265 3213 3437 3269; x_wconf 87' lang='lat' dir='ltr'>nobis</span> <span class='ocrx_word' id='word_1_467' title='bbox 3476 3232 3768 3274; x_wconf 81' lang='lat' dir='ltr'>nonnun-</span> 
     </span>
    </p>
   </div>
   <div class='ocr_carea' id='block_1_62' title="bbox 355 3260 3770 3374">
    <p class='ocr_par' dir='ltr' id='par_1_62' title="bbox 355 3260 3770 3374">
     <span class='ocr_line' id='line_1_62' title="bbox 355 3260 3770 3374; baseline 0.011 -46"><span class='ocrx_word' id='word_1_468' title='bbox 355 3272 468 3329; x_wconf 89' lang='lat' dir='ltr'>huc</span> <span class='ocrx_word' id='word_1_469' title='bbox 497 3260 702 3374; x_wconf 46' lang='lat' dir='ltr'>magis</span> <span class='ocrx_word' id='word_1_470' title='bbox 726 3267 1786 3374; x_wconf 34' lang='lat' dir='ltr'>suaeﬂiltrudisfp‘itephiflmSeries“</span> <span class='ocrx_word' id='word_1_471' title='bbox 1804 3270 1877 3326; x_wconf 65' lang='lat' dir='ltr'>ad</span> <span class='ocrx_word' id='word_1_472' title='bbox 1896 3288 1998 3327; x_wconf 68' lang='grc' dir='ltr'>⁸η·</span> <span class='ocrx_word' id='word_1_473' title='bbox 2029 3278 2074 3346; x_wconf 87' lang='lat' dir='ltr'><strong><em>C</em></strong></span> <span class='ocrx_word' id='word_1_474' title='bbox 2108 3260 2551 3372; x_wconf 39' lang='lat' dir='ltr'>ﬁgulis;</span> <span class='ocrx_word' id='word_1_475' title='bbox 2581 3260 3770 3374; x_wconf 44' lang='lat' dir='ltr'>géeiii&#39;LAQaii&#39;édME&#39;ﬁizl</span> 
     </span>
    </p>
   </div>
   <div class='ocr_carea' id='block_1_63' title="bbox 356 3355 1997 3435">
    <p class='ocr_par' dir='ltr' id='par_1_63' title="bbox 356 3355 1997 3435">
     <span class='ocr_line' id='line_1_63' title="bbox 356 3355 1997 3435; baseline -0.001 -19"><span class='ocrx_word' id='word_1_476' title='bbox 356 3375 499 3435; x_wconf 77' lang='lat' dir='ltr'>num</span> <span class='ocrx_word' id='word_1_477' title='bbox 516 3360 748 3430; x_wconf 80' lang='lat' dir='ltr'>1052,ut</span> <span class='ocrx_word' id='word_1_478' title='bbox 764 3362 970 3415; x_wconf 67' lang='lat' dir='ltr'>caetera</span> <span class='ocrx_word' id='word_1_479' title='bbox 978 3358 1108 3432; x_wconf 86' lang='lat' dir='ltr'>jam</span> <span class='ocrx_word' id='word_1_480' title='bbox 1126 3355 1304 3414; x_wconf 89' lang='lat' dir='ltr'>allata</span> <span class='ocrx_word' id='word_1_481' title='bbox 1323 3356 1660 3413; x_wconf 87' lang='lat' dir='ltr'>testimonia</span> <span class='ocrx_word' id='word_1_482' title='bbox 1680 3362 1997 3416; x_wconf 86' lang='lat' dir='ltr'>taceamus.</span> 
     </span>
    </p>
   </div>
   <div class='ocr_carea' id='block_1_64' title="bbox 358 3445 2000 3521">
    <p class='ocr_par' dir='ltr' id='par_1_64' title="bbox 358 3445 2000 3521">
     <span class='ocr_line' id='line_1_64' title="bbox 358 3445 2000 3521; baseline -0.001 -17"><span class='ocrx_word' id='word_1_483' title='bbox 358 3448 419 3517; x_wconf 93' lang='lat' dir='ltr'>ld</span> <span class='ocrx_word' id='word_1_484' title='bbox 442 3464 631 3521; x_wconf 74' lang='lat' dir='ltr'>unum</span> <span class='ocrx_word' id='word_1_485' title='bbox 650 3446 822 3517; x_wconf 84' lang='lat' dir='ltr'>modo</span> <span class='ocrx_word' id='word_1_486' title='bbox 843 3461 1149 3519; x_wconf 83' lang='lat' dir='ltr'>superesse</span> <span class='ocrx_word' id='word_1_487' title='bbox 1161 3449 1363 3519; x_wconf 89' lang='lat' dir='ltr'>posset</span> <span class='ocrx_word' id='word_1_488' title='bbox 1378 3445 1622 3503; x_wconf 88' lang='lat' dir='ltr'>dubium</span> <span class='ocrx_word' id='word_1_489' title='bbox 1645 3463 1785 3503; x_wconf 88' lang='lat' dir='ltr'>num</span> <span class='ocrx_word' id='word_1_490' title='bbox 1808 3464 2000 3517; x_wconf 86' lang='lat' dir='ltr'>annus</span> 
     </span>
    </p>
   </div>
   <div class='ocr_carea' id='block_1_65' title="bbox 359 3535 1999 3615">
    <p class='ocr_par' dir='ltr' id='par_1_65' title="bbox 359 3535 1999 3615">
     <span class='ocr_line' id='line_1_65' title="bbox 359 3535 1999 3615; baseline -0.002 -20"><span class='ocrx_word' id='word_1_491' title='bbox 359 3537 625 3613; x_wconf 30' lang='lat' dir='ltr'>105,4,ad,</span> <span class='ocrx_word' id='word_1_492' title='bbox 649 3551 825 3615; x_wconf 77' lang='lat' dir='ltr'>quem</span> <span class='ocrx_word' id='word_1_493' title='bbox 853 3535 1179 3603; x_wconf 89' lang='lat' dir='ltr'>Chronicon</span> <span class='ocrx_word' id='word_1_494' title='bbox 1208 3552 1384 3591; x_wconf 88' lang='lat' dir='ltr'>suum</span> <span class='ocrx_word' id='word_1_495' title='bbox 1417 3536 1756 3607; x_wconf 80' lang='lat' dir='ltr'>perduxisse</span> <span class='ocrx_word' id='word_1_496' title='bbox 1794 3536 1999 3594; x_wconf 88' lang='lat' dir='ltr'>scribi-</span> 
     </span>
    </p>
   </div>
   <div class='ocr_carea' id='block_1_66' title="bbox 362 3623 1999 3699">
    <p class='ocr_par' dir='ltr' id='par_1_66' title="bbox 362 3623 1999 3699">
     <span class='ocr_line' id='line_1_66' title="bbox 362 3623 1999 3699; baseline 0.002 -18"><span class='ocrx_word' id='word_1_497' title='bbox 362 3631 481 3694; x_wconf 80' lang='lat' dir='ltr'>tur,</span> <span class='ocrx_word' id='word_1_498' title='bbox 504 3625 567 3693; x_wconf 84' lang='lat' dir='ltr'>in</span> <span class='ocrx_word' id='word_1_499' title='bbox 585 3624 661 3685; x_wconf 80' lang='lat' dir='ltr'>hu</span> <span class='ocrx_word' id='word_1_500' title='bbox 672 3640 741 3699; x_wconf 76' lang='lat' dir='ltr'>ne</span> <span class='ocrx_word' id='word_1_501' title='bbox 761 3623 1053 3697; x_wconf 78' lang='lat' dir='ltr'>calculum</span> <span class='ocrx_word' id='word_1_502' title='bbox 1071 3624 1423 3697; x_wconf 83' lang='lat' dir='ltr'>computand</span> <span class='ocrx_word' id='word_1_503' title='bbox 1434 3642 1501 3679; x_wconf 88' lang='lat' dir='ltr'>us</span> <span class='ocrx_word' id='word_1_504' title='bbox 1521 3624 1732 3694; x_wconf 88' lang='lat' dir='ltr'>veniat,</span> <span class='ocrx_word' id='word_1_505' title='bbox 1748 3642 1821 3681; x_wconf 90' lang='lat' dir='ltr'>an</span> <span class='ocrx_word' id='word_1_506' title='bbox 1844 3627 1915 3683; x_wconf 82' lang='lat' dir='ltr'>ab</span> <span class='ocrx_word' id='word_1_507' title='bbox 1932 3643 1999 3684; x_wconf 91' lang='lat' dir='ltr'>eo</span> 
     </span>
    </p>
   </div>
   <div class='ocr_carea' id='block_1_67' title="bbox 363 3712 1997 3787">
    <p class='ocr_par' dir='ltr' id='par_1_67' title="bbox 363 3712 1997 3787">
     <span class='ocr_line' id='line_1_67' title="bbox 363 3712 1997 3787; baseline -0.001 -14"><span class='ocrx_word' id='word_1_508' title='bbox 363 3715 445 3787; x_wconf 68' lang='lat' dir='ltr'>sit</span> <span class='ocrx_word' id='word_1_509' title='bbox 469 3712 888 3785; x_wconf 72' lang='lat' dir='ltr'>excludendus,</span> <span class='ocrx_word' id='word_1_510' title='bbox 912 3712 1127 3784; x_wconf 86' lang='lat' dir='ltr'>partim</span> <span class='ocrx_word' id='word_1_511' title='bbox 1154 3712 1225 3767; x_wconf 93' lang='lat' dir='ltr'>ob</span> <span class='ocrx_word' id='word_1_512' title='bbox 1256 3712 1483 3769; x_wconf 86' lang='lat' dir='ltr'>codices</span> <span class='ocrx_word' id='word_1_513' title='bbox 1514 3714 1612 3785; x_wconf 89' lang='lat' dir='ltr'>qui</span> <span class='ocrx_word' id='word_1_514' title='bbox 1642 3714 1997 3785; x_wconf 85' lang='lat' dir='ltr'>contrarium</span> 
     </span>
    </p>
   </div>
   <div class='ocr_carea' id='block_1_68' title="bbox 362 3799 1997 3873">
    <p class='ocr_par' dir='ltr' id='par_1_68' title="bbox 362 3799 1997 3873">
     <span class='ocr_line' id='line_1_68' title="bbox 362 3799 1997 3873; baseline 0.001 -15"><span class='ocrx_word' id='word_1_515' title='bbox 362 3802 609 3858; x_wconf 85' lang='lat' dir='ltr'>suadere</span> <span class='ocrx_word' id='word_1_516' title='bbox 634 3801 925 3867; x_wconf 88' lang='lat' dir='ltr'>videntur,</span> <span class='ocrx_word' id='word_1_517' title='bbox 947 3800 1019 3854; x_wconf 91' lang='lat' dir='ltr'>de</span> <span class='ocrx_word' id='word_1_518' title='bbox 1066 3799 1281 3871; x_wconf 91' lang='lat' dir='ltr'>quibus</span> <span class='ocrx_word' id='word_1_519' title='bbox 1319 3804 1512 3855; x_wconf 88' lang='lat' dir='ltr'>tamen</span> <span class='ocrx_word' id='word_1_520' title='bbox 1547 3818 1677 3857; x_wconf 87' lang='lat' dir='ltr'>mox</span> <span class='ocrx_word' id='word_1_521' title='bbox 1722 3801 1997 3873; x_wconf 76' lang='lat' dir='ltr'>diximus,</span> 
     </span>
    </p>
   </div>
   <div class='ocr_carea' id='block_1_69' title="bbox 360 3888 1996 3965">
    <p class='ocr_par' dir='ltr' id='par_1_69' title="bbox 360 3888 1996 3965">
     <span class='ocr_line' id='line_1_69' title="bbox 360 3888 1996 3965; baseline -0.002 -15"><span class='ocrx_word' id='word_1_522' title='bbox 360 3890 757 3965; x_wconf 80' lang='lat' dir='ltr'>partimquod</span> <span class='ocrx_word' id='word_1_523' title='bbox 772 3888 1057 3961; x_wconf 77' lang='lat' dir='ltr'>miracula</span> <span class='ocrx_word' id='word_1_524' title='bbox 1076 3888 1281 3945; x_wconf 87' lang='lat' dir='ltr'>Leonis</span> <span class='ocrx_word' id='word_1_525' title='bbox 1305 3888 1375 3944; x_wconf 89' lang='lat' dir='ltr'>IX</span> <span class='ocrx_word' id='word_1_526' title='bbox 1395 3906 1577 3962; x_wconf 83' lang='lat' dir='ltr'>papae,</span> <span class='ocrx_word' id='word_1_527' title='bbox 1600 3890 1799 3946; x_wconf 90' lang='lat' dir='ltr'>eodem</span> <span class='ocrx_word' id='word_1_528' title='bbox 1822 3908 1996 3960; x_wconf 88' lang='lat' dir='ltr'>anno,</span> 
     </span>
    </p>
   </div>
   <div class='ocr_carea' id='block_1_70' title="bbox 360 3977 1997 4057">
    <p class='ocr_par' dir='ltr' id='par_1_70' title="bbox 360 3977 1997 4057">
     <span class='ocr_line' id='line_1_70' title="bbox 360 3977 1997 4057; baseline -0.001 -19"><span class='ocrx_word' id='word_1_529' title='bbox 478 3980 547 4038; x_wconf 72' lang='grc'>19</span> <span class='ocrx_word' id='word_1_530' title='bbox 573 3978 815 4053; x_wconf 76' lang='lat' dir='ltr'>Aprilis,</span> <span class='ocrx_word' id='word_1_531' title='bbox 844 3978 1124 4046; x_wconf 85' lang='lat' dir='ltr'>defuncti,</span> <span class='ocrx_word' id='word_1_532' title='bbox 1150 3977 1242 4035; x_wconf 85' lang='lat' dir='ltr'>vix</span> <span class='ocrx_word' id='word_1_533' title='bbox 1271 3979 1570 4050; x_wconf 89' lang='lat' dir='ltr'>pervenire</span> <span class='ocrx_word' id='word_1_534' title='bbox 1606 3980 1900 4051; x_wconf 89' lang='lat' dir='ltr'>potuerint</span> <span class='ocrx_word' id='word_1_535' title='bbox 1936 3980 1997 4037; x_wconf 88' lang='lat' dir='ltr'>in</span> 
     </span>
    </p>
   </div>
   <div class='ocr_carea' id='block_1_71' title="bbox 359 4066 1997 4145">
    <p class='ocr_par' dir='ltr' id='par_1_71' title="bbox 359 4066 1997 4145">
     <span class='ocr_line' id='line_1_71' title="bbox 359 4066 1997 4145; baseline 0.001 -19"><span class='ocrx_word' id='word_1_536' title='bbox 359 4068 639 4145; x_wconf 36' lang='lat' dir='ltr'>notitiam.</span> <span class='ocrx_word' id='word_1_537' title='bbox 658 4066 975 4135; x_wconf 80' lang='lat' dir='ltr'>Hermanni</span> <span class='ocrx_word' id='word_1_538' title='bbox 996 4071 1128 4138; x_wconf 89' lang='lat' dir='ltr'>post</span> <span class='ocrx_word' id='word_1_539' title='bbox 1148 4066 1407 4139; x_wconf 90' lang='lat' dir='ltr'>quinque</span> <span class='ocrx_word' id='word_1_540' title='bbox 1433 4083 1665 4124; x_wconf 82' lang='lat' dir='ltr'>menses</span> <span class='ocrx_word' id='word_1_541' title='bbox 1686 4074 1742 4124; x_wconf 90' lang='lat' dir='ltr'>et</span> <span class='ocrx_word' id='word_1_542' title='bbox 1763 4068 1997 4142; x_wconf 83' lang='lat' dir='ltr'>longam</span> 
     </span>
    </p>
   </div>
   <div class='ocr_carea' id='block_1_72' title="bbox 358 4156 1996 4234">
    <p class='ocr_par' dir='ltr' id='par_1_72' title="bbox 358 4156 1996 4234">
     <span class='ocr_line' id='line_1_72' title="bbox 358 4156 1996 4234; baseline 0.001 -21"><span class='ocrx_word' id='word_1_543' title='bbox 358 4157 767 4234; x_wconf 65' lang='lat' dir='ltr'>egritudinem</span> <span class='ocrx_word' id='word_1_544' title='bbox 786 4156 1066 4231; x_wconf 76' lang='lat' dir='ltr'>detoneti,</span> <span class='ocrx_word' id='word_1_545' title='bbox 1089 4159 1157 4211; x_wconf 88' lang='lat' dir='ltr'>ut</span> <span class='ocrx_word' id='word_1_546' title='bbox 1173 4172 1241 4213; x_wconf 88' lang='lat' dir='ltr'>ea</span> <span class='ocrx_word' id='word_1_547' title='bbox 1260 4157 1385 4229; x_wconf 91' lang='lat' dir='ltr'>ipse</span> <span class='ocrx_word' id='word_1_548' title='bbox 1412 4157 1602 4213; x_wconf 90' lang='lat' dir='ltr'>adhuc</span> <span class='ocrx_word' id='word_1_549' title='bbox 1620 4158 1870 4214; x_wconf 90' lang='lat' dir='ltr'>scribere</span> <span class='ocrx_word' id='word_1_550' title='bbox 1895 4175 1996 4231; x_wconf 91' lang='lat' dir='ltr'>po-</span> 
     </span>
    </p>
   </div>
   <div class='ocr_carea' id='block_1_73' title="bbox 358 4243 1995 4325">
    <p class='ocr_par' dir='ltr' id='par_1_73' title="bbox 358 4243 1995 4325">
     <span class='ocr_line' id='line_1_73' title="bbox 358 4243 1995 4325; baseline 0.001 -22"><span class='ocrx_word' id='word_1_551' title='bbox 358 4246 563 4323; x_wconf 42' lang='lat' dir='ltr'>tuerit,</span> <span class='ocrx_word' id='word_1_552' title='bbox 587 4246 671 4319; x_wconf 77' lang='lat' dir='ltr'>Ex</span> <span class='ocrx_word' id='word_1_553' title='bbox 696 4262 815 4325; x_wconf 86' lang='lat' dir='ltr'>quo</span> <span class='ocrx_word' id='word_1_554' title='bbox 842 4248 1039 4303; x_wconf 83' lang='lat' dir='ltr'>autem</span> <span class='ocrx_word' id='word_1_555' title='bbox 1066 4243 1229 4301; x_wconf 87' lang='lat' dir='ltr'>illud</span> <span class='ocrx_word' id='word_1_556' title='bbox 1261 4249 1490 4302; x_wconf 88' lang='lat' dir='ltr'>tantum</span> <span class='ocrx_word' id='word_1_557' title='bbox 1523 4247 1668 4305; x_wconf 85' lang='lat' dir='ltr'>forte</span> <span class='ocrx_word' id='word_1_558' title='bbox 1697 4246 1830 4323; x_wconf 83' lang='lat' dir='ltr'>quis</span> <span class='ocrx_word' id='word_1_559' title='bbox 1860 4263 1995 4304; x_wconf 90' lang='lat' dir='ltr'>con-</span> 
     </span>
    </p>
   </div>
   <div class='ocr_carea' id='block_1_74' title="bbox 354 4334 1996 4409">
    <p class='ocr_par' dir='ltr' id='par_1_74' title="bbox 354 4334 1996 4409">
     <span class='ocr_line' id='line_1_74' title="bbox 354 4334 1996 4409; baseline 0.003 -19"><span class='ocrx_word' id='word_1_560' title='bbox 354 4334 543 4409; x_wconf 67' lang='lat' dir='ltr'>jiciat,</span> <span class='ocrx_word' id='word_1_561' title='bbox 572 4334 765 4407; x_wconf 89' lang='lat' dir='ltr'>priora</span> <span class='ocrx_word' id='word_1_562' title='bbox 810 4334 988 4405; x_wconf 83' lang='lat' dir='ltr'>hujus</span> <span class='ocrx_word' id='word_1_563' title='bbox 1018 4334 1156 4391; x_wconf 90' lang='lat' dir='ltr'>anni</span> <span class='ocrx_word' id='word_1_564' title='bbox 1188 4334 1322 4389; x_wconf 83' lang='grc'>1054</span> <span class='ocrx_word' id='word_1_565' title='bbox 1371 4339 1535 4407; x_wconf 87' lang='lat' dir='ltr'>gesta</span> <span class='ocrx_word' id='word_1_566' title='bbox 1563 4335 1635 4392; x_wconf 89' lang='lat' dir='ltr'>ab</span> <span class='ocrx_word' id='word_1_567' title='bbox 1665 4336 1996 4397; x_wconf 79' lang='lat' dir='ltr'>llermanno</span> 
     </span>
    </p>
   </div>
   <div class='ocr_carea' id='block_1_75' title="bbox 355 4422 1993 4498">
    <p class='ocr_par' dir='ltr' id='par_1_75' title="bbox 355 4422 1993 4498">
     <span class='ocr_line' id='line_1_75' title="bbox 355 4422 1993 4498; baseline 0.001 -18"><span class='ocrx_word' id='word_1_568' title='bbox 355 4424 652 4497; x_wconf 76' lang='lat' dir='ltr'>adnotata,</span> <span class='ocrx_word' id='word_1_569' title='bbox 684 4424 756 4480; x_wconf 91' lang='lat' dir='ltr'>ab</span> <span class='ocrx_word' id='word_1_570' title='bbox 782 4425 909 4497; x_wconf 85' lang='lat' dir='ltr'>ejus</span> <span class='ocrx_word' id='word_1_571' title='bbox 950 4422 1236 4497; x_wconf 88' lang='lat' dir='ltr'>discipulo</span> <span class='ocrx_word' id='word_1_572' title='bbox 1269 4429 1466 4495; x_wconf 89' lang='lat' dir='ltr'>postea</span> <span class='ocrx_word' id='word_1_573' title='bbox 1494 4424 1673 4480; x_wconf 82' lang='lat' dir='ltr'>fuisse</span> <span class='ocrx_word' id='word_1_574' title='bbox 1704 4424 1993 4498; x_wconf 88' lang='lat' dir='ltr'>suppleta,</span> 
     </span>
    </p>
   </div>
   <div class='ocr_carea' id='block_1_76' title="bbox 357 4512 1992 4589">
    <p class='ocr_par' dir='ltr' id='par_1_76' title="bbox 357 4512 1992 4589">
     <span class='ocr_line' id='line_1_76' title="bbox 357 4512 1992 4589; baseline 0.001 -19"><span class='ocrx_word' id='word_1_575' title='bbox 357 4517 423 4571; x_wconf 81' lang='lat' dir='ltr'>ut</span> <span class='ocrx_word' id='word_1_576' title='bbox 450 4518 647 4575; x_wconf 83' lang='lat' dir='ltr'>tamen</span> <span class='ocrx_word' id='word_1_577' title='bbox 693 4512 973 4585; x_wconf 86' lang='lat' dir='ltr'>integeris</span> <span class='ocrx_word' id='word_1_578' title='bbox 1002 4530 1199 4589; x_wconf 84' lang='lat' dir='ltr'>annus</span> <span class='ocrx_word' id='word_1_579' title='bbox 1228 4512 1555 4569; x_wconf 89' lang='lat' dir='ltr'>llermanno</span> <span class='ocrx_word' id='word_1_580' title='bbox 1591 4514 1946 4570; x_wconf 87' lang='lat' dir='ltr'>tribueretur</span> <span class='ocrx_word' id='word_1_581' title='bbox 1978 4530 1992 4571; x_wconf 88' lang='lat'>:</span> 
     </span>
    </p>
   </div>
   <div class='ocr_carea' id='block_1_77' title="bbox 353 4601 1993 4674">
    <p class='ocr_par' dir='ltr' id='par_1_77' title="bbox 353 4601 1993 4674">
     <span class='ocr_line' id='line_1_77' title="bbox 353 4601 1993 4674; baseline 0.003 -18"><span class='ocrx_word' id='word_1_582' title='bbox 353 4602 415 4671; x_wconf 92' lang='lat' dir='ltr'>id</span> <span class='ocrx_word' id='word_1_583' title='bbox 445 4603 600 4674; x_wconf 86' lang='lat' dir='ltr'>quod</span> <span class='ocrx_word' id='word_1_584' title='bbox 629 4602 862 4660; x_wconf 85' lang='lat' dir='ltr'>disertis</span> <span class='ocrx_word' id='word_1_585' title='bbox 890 4601 1078 4658; x_wconf 84' lang='lat' dir='ltr'>verbis</span> <span class='ocrx_word' id='word_1_586' title='bbox 1108 4601 1247 4658; x_wconf 79' lang='lat' dir='ltr'>facit</span> <span class='ocrx_word' id='word_1_587' title='bbox 1275 4602 1565 4658; x_wconf 89' lang='lat' dir='ltr'>Murensis</span> <span class='ocrx_word' id='word_1_588' title='bbox 1594 4602 1793 4671; x_wconf 86' lang='lat' dir='ltr'>codex,</span> <span class='ocrx_word' id='word_1_589' title='bbox 1820 4618 1993 4674; x_wconf 87' lang='lat' dir='ltr'>quem</span> 
     </span>
    </p>
   </div>
   <div class='ocr_carea' id='block_1_78' title="bbox 355 4688 1861 4767">
    <p class='ocr_par' dir='ltr' id='par_1_78' title="bbox 355 4688 1861 4767">
     <span class='ocr_line' id='line_1_78' title="bbox 355 4688 1861 4767; baseline -0.001 -20"><span class='ocrx_word' id='word_1_590' title='bbox 355 4691 524 4747; x_wconf 89' lang='lat' dir='ltr'>nobis</span> <span class='ocrx_word' id='word_1_591' title='bbox 554 4689 662 4747; x_wconf 90' lang='lat' dir='ltr'>hac</span> <span class='ocrx_word' id='word_1_592' title='bbox 691 4690 752 4746; x_wconf 92' lang='lat' dir='ltr'>in</span> <span class='ocrx_word' id='word_1_593' title='bbox 781 4707 843 4746; x_wconf 92' lang='lat' dir='ltr'>re</span> <span class='ocrx_word' id='word_1_594' title='bbox 872 4691 1237 4767; x_wconf 88' lang='lat' dir='ltr'>sequendum</span> <span class='ocrx_word' id='word_1_595' title='bbox 1263 4691 1621 4747; x_wconf 90' lang='lat' dir='ltr'>censuimus.</span> <span class='ocrx_word' id='word_1_596' title='bbox 1856 4688 1861 4693; x_wconf 75' lang='grc'><strong>’</strong></span> 
     </span>
    </p>
   </div>
   <div class='ocr_carea' id='block_1_79' title="bbox 424 4813 1990 4889">
    <p class='ocr_par' dir='ltr' id='par_1_79' title="bbox 424 4813 1990 4889">
     <span class='ocr_line' id='line_1_79' title="bbox 424 4813 1990 4889; baseline 0.001 -19"><span class='ocrx_word' id='word_1_597' title='bbox 424 4813 589 4870; x_wconf 75' lang='lat' dir='ltr'>XXII.</span> <span class='ocrx_word' id='word_1_598' title='bbox 610 4814 901 4873; x_wconf 81' lang='lat' dir='ltr'>Discimus</span> <span class='ocrx_word' id='word_1_599' title='bbox 921 4831 1093 4889; x_wconf 87' lang='lat' dir='ltr'>porro</span> <span class='ocrx_word' id='word_1_600' title='bbox 1113 4830 1185 4872; x_wconf 87' lang='lat' dir='ltr'>ex</span> <span class='ocrx_word' id='word_1_601' title='bbox 1206 4815 1377 4871; x_wconf 90' lang='lat' dir='ltr'>dictis</span> <span class='ocrx_word' id='word_1_602' title='bbox 1398 4831 1512 4887; x_wconf 91' lang='lat' dir='ltr'>quo</span> <span class='ocrx_word' id='word_1_603' title='bbox 1535 4819 1647 4871; x_wconf 89' lang='lat' dir='ltr'>tem</span> <span class='ocrx_word' id='word_1_604' title='bbox 1657 4832 1792 4888; x_wconf 89' lang='lat' dir='ltr'>pore</span> <span class='ocrx_word' id='word_1_605' title='bbox 1812 4815 1990 4871; x_wconf 89' lang='lat' dir='ltr'>Chro-</span> 
     </span>
    </p>
   </div>
   <div class='ocr_carea' id='block_1_80' title="bbox 355 4902 1989 4976">
    <p class='ocr_par' dir='ltr' id='par_1_80' title="bbox 355 4902 1989 4976">
     <span class='ocr_line' id='line_1_80' title="bbox 355 4902 1989 4976; baseline 0.002 -19"><span class='ocrx_word' id='word_1_606' title='bbox 355 4902 529 4959; x_wconf 89' lang='lat' dir='ltr'>nicon</span> <span class='ocrx_word' id='word_1_607' title='bbox 553 4919 726 4960; x_wconf 88' lang='lat' dir='ltr'>suum</span> <span class='ocrx_word' id='word_1_608' title='bbox 747 4918 991 4961; x_wconf 84' lang='lat' dir='ltr'>exorsus</span> <span class='ocrx_word' id='word_1_609' title='bbox 1009 4904 1085 4963; x_wconf 86' lang='lat' dir='ltr'>sit</span> <span class='ocrx_word' id='word_1_610' title='bbox 1105 4904 1474 4959; x_wconf 87' lang='lat' dir='ltr'>Hermannus</span> <span class='ocrx_word' id='word_1_611' title='bbox 1495 4920 1680 4976; x_wconf 87' lang='lat' dir='ltr'>quove</span> <span class='ocrx_word' id='word_1_612' title='bbox 1705 4902 1848 4959; x_wconf 88' lang='lat' dir='ltr'>illud</span> <span class='ocrx_word' id='word_1_613' title='bbox 1873 4908 1989 4960; x_wconf 88' lang='lat' dir='ltr'>ter-</span> 
     </span>
    </p>
   </div>
   <div class='ocr_carea' id='block_1_81' title="bbox 352 4990 1989 5063">
    <p class='ocr_par' dir='ltr' id='par_1_81' title="bbox 352 4990 1989 5063">
     <span class='ocr_line' id='line_1_81' title="bbox 352 4990 1989 5063; baseline 0.001 -17"><span class='ocrx_word' id='word_1_614' title='bbox 352 4990 610 5049; x_wconf 86' lang='lat' dir='ltr'>minarit.</span> <span class='ocrx_word' id='word_1_615' title='bbox 638 4991 797 5053; x_wconf 87' lang='lat' dir='ltr'>Unde</span> <span class='ocrx_word' id='word_1_616' title='bbox 810 4992 1034 5049; x_wconf 85' lang='lat' dir='ltr'>Veteris</span> <span class='ocrx_word' id='word_1_617' title='bbox 1053 4992 1412 5048; x_wconf 86' lang='lat' dir='ltr'>Testamenti</span> <span class='ocrx_word' id='word_1_618' title='bbox 1432 4992 1778 5063; x_wconf 85' lang='lat' dir='ltr'>Chronicon,</span> <span class='ocrx_word' id='word_1_619' title='bbox 1800 4993 1989 5048; x_wconf 89' lang='lat' dir='ltr'>eidem</span> 
     </span>
    </p>
   </div>
   <div class='ocr_carea' id='block_1_82' title="bbox 352 5079 1987 5152">
    <p class='ocr_par' dir='ltr' id='par_1_82' title="bbox 352 5079 1987 5152">
     <span class='ocr_line' id='line_1_82' title="bbox 352 5079 1987 5152; baseline 0.001 -18"><span class='ocrx_word' id='word_1_620' title='bbox 352 5079 413 5141; x_wconf 81' lang='lat' dir='ltr'>in</span> <span class='ocrx_word' id='word_1_621' title='bbox 436 5081 661 5139; x_wconf 50' lang='lat' dir='ltr'>caeteris</span> <span class='ocrx_word' id='word_1_622' title='bbox 676 5081 997 5149; x_wconf 83' lang='lat' dir='ltr'>codicibus,</span> <span class='ocrx_word' id='word_1_623' title='bbox 1020 5084 1257 5152; x_wconf 88' lang='lat' dir='ltr'>excepto</span> <span class='ocrx_word' id='word_1_624' title='bbox 1275 5080 1573 5152; x_wconf 85' lang='lat' dir='ltr'>Augiensi,</span> <span class='ocrx_word' id='word_1_625' title='bbox 1597 5082 1987 5152; x_wconf 68' lang='lat' dir='ltr'>praemissum,</span> 
     </span>
    </p>
   </div>
   <div class='ocr_carea' id='block_1_83' title="bbox 351 5168 1986 5242">
    <p class='ocr_par' dir='ltr' id='par_1_83' title="bbox 351 5168 1986 5242">
     <span class='ocr_line' id='line_1_83' title="bbox 351 5168 1986 5242; baseline 0.001 -17"><span class='ocrx_word' id='word_1_626' title='bbox 351 5184 467 5226; x_wconf 89' lang='lat' dir='ltr'>non</span> <span class='ocrx_word' id='word_1_627' title='bbox 488 5170 733 5242; x_wconf 76' lang='lat' dir='ltr'>ipsi,sed</span> <span class='ocrx_word' id='word_1_628' title='bbox 749 5171 883 5241; x_wconf 81' lang='lat' dir='ltr'>ejus</span> <span class='ocrx_word' id='word_1_629' title='bbox 898 5168 1354 5240; x_wconf 88' lang='lat' dir='ltr'>descriptoribus</span> <span class='ocrx_word' id='word_1_630' title='bbox 1375 5169 1746 5224; x_wconf 89' lang='lat' dir='ltr'>tribuendum</span> <span class='ocrx_word' id='word_1_631' title='bbox 1771 5171 1986 5242; x_wconf 85' lang='lat' dir='ltr'>est,qui</span> 
     </span>
    </p>
   </div>
   <div class='ocr_carea' id='block_1_84' title="bbox 348 5256 1990 5331">
    <p class='ocr_par' dir='ltr' id='par_1_84' title="bbox 348 5256 1990 5331">
     <span class='ocr_line' id='line_1_84' title="bbox 348 5256 1990 5331; baseline 0.001 -18"><span class='ocrx_word' id='word_1_632' title='bbox 348 5273 456 5331; x_wconf 79' lang='lat' dir='ltr'>pro</span> <span class='ocrx_word' id='word_1_633' title='bbox 488 5257 690 5314; x_wconf 79' lang='lat' dir='ltr'>medica</span> <span class='ocrx_word' id='word_1_634' title='bbox 720 5257 907 5313; x_wconf 66' lang='lat' dir='ltr'>sitatis</span> <span class='ocrx_word' id='word_1_635' title='bbox 935 5256 1105 5329; x_wconf 89' lang='lat' dir='ltr'>genio</span> <span class='ocrx_word' id='word_1_636' title='bbox 1135 5257 1409 5312; x_wconf 85' lang='lat' dir='ltr'>chronica</span> <span class='ocrx_word' id='word_1_637' title='bbox 1438 5274 1499 5312; x_wconf 90' lang='lat' dir='ltr'>se</span> <span class='ocrx_word' id='word_1_638' title='bbox 1529 5257 1779 5314; x_wconf 88' lang='lat' dir='ltr'>scribere</span> <span class='ocrx_word' id='word_1_639' title='bbox 1820 5272 1990 5331; x_wconf 83' lang='lat' dir='ltr'>posse</span> 
     </span>
    </p>
   </div>
   <div class='ocr_carea' id='block_1_85' title="bbox 349 5344 1985 5419">
    <p class='ocr_par' dir='ltr' id='par_1_85' title="bbox 349 5344 1985 5419">
     <span class='ocr_line' id='line_1_85' title="bbox 349 5344 1985 5419; baseline 0.001 -17"><span class='ocrx_word' id='word_1_640' title='bbox 349 5362 721 5419; x_wconf 81' lang='lat' dir='ltr'>nequaquam</span> <span class='ocrx_word' id='word_1_641' title='bbox 750 5350 958 5418; x_wconf 90' lang='lat' dir='ltr'>putaru</span> <span class='ocrx_word' id='word_1_642' title='bbox 970 5344 1173 5410; x_wconf 82' lang='lat' dir='ltr'>nt,nisi</span> <span class='ocrx_word' id='word_1_643' title='bbox 1204 5345 1531 5401; x_wconf 81' lang='lat' dir='ltr'>venerabile</span> <span class='ocrx_word' id='word_1_644' title='bbox 1560 5345 1722 5401; x_wconf 72' lang='lat' dir='ltr'>Bedaa</span> <span class='ocrx_word' id='word_1_645' title='bbox 1753 5364 1985 5417; x_wconf 90' lang='lat' dir='ltr'>nomen,</span> 
     </span>
    </p>
   </div>
   <div class='ocr_carea' id='block_1_86' title="bbox 347 5433 1990 5509">
    <p class='ocr_par' dir='ltr' id='par_1_86' title="bbox 347 5433 1990 5509">
     <span class='ocr_line' id='line_1_86' title="bbox 347 5433 1990 5509; baseline 0.001 -17"><span class='ocrx_word' id='word_1_646' title='bbox 347 5436 596 5508; x_wconf 85' lang='lat' dir='ltr'>ejusque</span> <span class='ocrx_word' id='word_1_647' title='bbox 631 5433 713 5490; x_wconf 92' lang='lat' dir='ltr'>De</span> <span class='ocrx_word' id='word_1_648' title='bbox 731 5450 834 5489; x_wconf 89' lang='lat' dir='ltr'>sex</span> <span class='ocrx_word' id='word_1_649' title='bbox 853 5433 1054 5488; x_wconf 89' lang='lat' dir='ltr'>mundi</span> <span class='ocrx_word' id='word_1_650' title='bbox 1078 5434 1346 5491; x_wconf 67' lang='lat' dir='ltr'>aetatibus</span> <span class='ocrx_word' id='word_1_651' title='bbox 1366 5434 1579 5489; x_wconf 90' lang='lat' dir='ltr'>librum</span> <span class='ocrx_word' id='word_1_652' title='bbox 1604 5433 1718 5491; x_wconf 90' lang='lat' dir='ltr'>illis</span> <span class='ocrx_word' id='word_1_653' title='bbox 1738 5437 1990 5509; x_wconf 71' lang='lat' dir='ltr'>praefige-</span> 
     </span>
    </p>
   </div>
   <div class='ocr_carea' id='block_1_87' title="bbox 350 5519 1987 5590">
    <p class='ocr_par' dir='ltr' id='par_1_87' title="bbox 350 5519 1987 5590">
     <span class='ocr_line' id='line_1_87' title="bbox 350 5519 1987 5590; baseline 0.002 -13"><span class='ocrx_word' id='word_1_654' title='bbox 350 5527 498 5590; x_wconf 90' lang='lat' dir='ltr'>rent,</span> <span class='ocrx_word' id='word_1_655' title='bbox 515 5522 657 5578; x_wconf 84' lang='lat' dir='ltr'>forte</span> <span class='ocrx_word' id='word_1_656' title='bbox 682 5525 748 5577; x_wconf 90' lang='lat' dir='ltr'>ut</span> <span class='ocrx_word' id='word_1_657' title='bbox 769 5519 1034 5575; x_wconf 89' lang='lat' dir='ltr'>codicum</span> <span class='ocrx_word' id='word_1_658' title='bbox 1057 5520 1277 5577; x_wconf 84' lang='lat' dir='ltr'>raritati</span> <span class='ocrx_word' id='word_1_659' title='bbox 1298 5520 1856 5588; x_wconf 89' lang='lat' dir='ltr'>consulerent.Quod</span> <span class='ocrx_word' id='word_1_660' title='bbox 1879 5525 1987 5580; x_wconf 87' lang='lat' dir='ltr'>etsi</span> 
     </span>
    </p>
   </div>
   <div class='ocr_carea' id='block_1_88' title="bbox 347 5606 1988 5682">
    <p class='ocr_par' dir='ltr' id='par_1_88' title="bbox 347 5606 1988 5682">
     <span class='ocr_line' id='line_1_88' title="bbox 347 5606 1988 5682; baseline 0.002 -16"><span class='ocrx_word' id='word_1_661' title='bbox 347 5610 758 5682; x_wconf 80' lang='lat' dir='ltr'>scriptoribus,</span> <span class='ocrx_word' id='word_1_662' title='bbox 800 5606 1138 5678; x_wconf 90' lang='lat' dir='ltr'>neutiquam</span> <span class='ocrx_word' id='word_1_663' title='bbox 1182 5613 1377 5665; x_wconf 90' lang='lat' dir='ltr'>tamen</span> <span class='ocrx_word' id='word_1_664' title='bbox 1431 5625 1632 5666; x_wconf 89' lang='lat' dir='ltr'>eorum</span> <span class='ocrx_word' id='word_1_665' title='bbox 1664 5612 1988 5669; x_wconf 82' lang='lat' dir='ltr'>editoribus</span> 
     </span>
    </p>
   </div>
   <div class='ocr_carea' id='block_1_89' title="bbox 348 5695 1987 5771">
    <p class='ocr_par' dir='ltr' id='par_1_89' title="bbox 348 5695 1987 5771">
     <span class='ocr_line' id='line_1_89' title="bbox 348 5695 1987 5771; baseline 0.003 -18"><span class='ocrx_word' id='word_1_666' title='bbox 348 5698 771 5770; x_wconf 88' lang='lat' dir='ltr'>ignoscendum</span> <span class='ocrx_word' id='word_1_667' title='bbox 795 5695 1167 5767; x_wconf 86' lang='lat' dir='ltr'>arbitramur,</span> <span class='ocrx_word' id='word_1_668' title='bbox 1193 5699 1293 5771; x_wconf 90' lang='lat' dir='ltr'>qui</span> <span class='ocrx_word' id='word_1_669' title='bbox 1314 5697 1484 5754; x_wconf 90' lang='lat' dir='ltr'>toties</span> <span class='ocrx_word' id='word_1_670' title='bbox 1512 5704 1802 5756; x_wconf 90' lang='lat' dir='ltr'>recoctum</span> <span class='ocrx_word' id='word_1_671' title='bbox 1825 5702 1987 5758; x_wconf 66' lang='lat' dir='ltr'>Beda:</span> 
     </span>
    </p>
   </div>
   <div class='ocr_carea' id='block_1_90' title="bbox 350 5781 1983 5858">
    <p class='ocr_par' dir='ltr' id='par_1_90' title="bbox 350 5781 1983 5858">
     <span class='ocr_line' id='line_1_90' title="bbox 350 5781 1983 5858; baseline 0.004 -12"><span class='ocrx_word' id='word_1_672' title='bbox 350 5787 429 5846; x_wconf 80' lang='lat' dir='ltr'>Cb</span> <span class='ocrx_word' id='word_1_673' title='bbox 438 5785 674 5844; x_wconf 89' lang='lat' dir='ltr'>ronicon</span> <span class='ocrx_word' id='word_1_674' title='bbox 689 5781 1003 5842; x_wconf 88' lang='lat' dir='ltr'>identidem</span> <span class='ocrx_word' id='word_1_675' title='bbox 1016 5786 1247 5858; x_wconf 89' lang='lat' dir='ltr'>publico</span> <span class='ocrx_word' id='word_1_676' title='bbox 1260 5786 1386 5846; x_wconf 89' lang='lat' dir='ltr'>sine</span> <span class='ocrx_word' id='word_1_677' title='bbox 1397 5787 1889 5849; x_wconf 87' lang='lat' dir='ltr'>causaobtruseru</span> <span class='ocrx_word' id='word_1_678' title='bbox 1900 5795 1983 5853; x_wconf 88' lang='lat' dir='ltr'>nt.</span> 
     </span>
    </p>
   </div>
   <div class='ocr_carea' id='block_1_91' title="bbox 2105 3389 2568 3445">
    <p class='ocr_par' dir='ltr' id='par_1_91' title="bbox 2105 3389 2568 3445">
     <span class='ocr_line' id='line_1_91' title="bbox 2105 3389 2568 3445; baseline -0.006 1"><span class='ocrx_word' id='word_1_679' title='bbox 2105 3390 2264 3445; x_wconf 78' lang='lat' dir='ltr'>mitat</span> <span class='ocrx_word' id='word_1_680' title='bbox 2292 3389 2568 3444; x_wconf 77' lang='lat' dir='ltr'>Homerus.</span> 
     </span>
    </p>
   </div>
   <div class='ocr_carea' id='block_1_92' title="bbox 2177 3476 3771 3557">
    <p class='ocr_par' dir='ltr' id='par_1_92' title="bbox 2177 3476 3771 3557">
     <span class='ocr_line' id='line_1_92' title="bbox 2177 3476 3771 3557; baseline 0.002 -25"><span class='ocrx_word' id='word_1_681' title='bbox 2177 3478 2287 3541; x_wconf 88' lang='lat' dir='ltr'>Qui</span> <span class='ocrx_word' id='word_1_682' title='bbox 2314 3476 2804 3533; x_wconf 89' lang='lat' dir='ltr'>celebratissimos</span> <span class='ocrx_word' id='word_1_683' title='bbox 2832 3477 3140 3552; x_wconf 82' lang='lat' dir='ltr'>hucusque</span> <span class='ocrx_word' id='word_1_684' title='bbox 3167 3480 3555 3557; x_wconf 83' lang='lat' dir='ltr'>chronologos</span> <span class='ocrx_word' id='word_1_685' title='bbox 3566 3485 3771 3555; x_wconf 63' lang='lat' dir='ltr'>scari;</span> 
     </span>
    </p>
   </div>
   <div class='ocr_carea' id='block_1_93' title="bbox 2106 3565 3772 3642">
    <p class='ocr_par' dir='ltr' id='par_1_93' title="bbox 2106 3565 3772 3642">
     <span class='ocr_line' id='line_1_93' title="bbox 2106 3565 3772 3642; baseline 0.006 -20"><span class='ocrx_word' id='word_1_686' title='bbox 2106 3582 2331 3639; x_wconf 88' lang='lat' dir='ltr'>gerum,</span> <span class='ocrx_word' id='word_1_687' title='bbox 2365 3565 2682 3633; x_wconf 89' lang='lat' dir='ltr'>Petavium,</span> <span class='ocrx_word' id='word_1_688' title='bbox 2716 3565 3041 3622; x_wconf 90' lang='lat' dir='ltr'>Calmetum</span> <span class='ocrx_word' id='word_1_689' title='bbox 3082 3568 3347 3642; x_wconf 83' lang='lat' dir='ltr'>aliosque</span> <span class='ocrx_word' id='word_1_690' title='bbox 3391 3572 3772 3640; x_wconf 75' lang='lat' dir='ltr'>evolvemnt.</span> 
     </span>
    </p>
   </div>
   <div class='ocr_carea' id='block_1_94' title="bbox 2105 3654 3779 3731">
    <p class='ocr_par' dir='ltr' id='par_1_94' title="bbox 2105 3654 3779 3731">
     <span class='ocr_line' id='line_1_94' title="bbox 2105 3654 3779 3731; baseline -0.004 -19"><span class='ocrx_word' id='word_1_691' title='bbox 2105 3655 2320 3727; x_wconf 90' lang='lat' dir='ltr'>oppido</span> <span class='ocrx_word' id='word_1_692' title='bbox 2350 3654 2612 3710; x_wconf 88' lang='lat' dir='ltr'>noverint</span> <span class='ocrx_word' id='word_1_693' title='bbox 2641 3659 2874 3726; x_wconf 66' lang='lat' dir='ltr'>quantm</span> <span class='ocrx_word' id='word_1_694' title='bbox 2902 3655 2991 3711; x_wconf 86' lang='lat' dir='ltr'>vel</span> <span class='ocrx_word' id='word_1_695' title='bbox 3019 3673 3177 3719; x_wconf 81' lang='lat' dir='ltr'>nunc</span> <span class='ocrx_word' id='word_1_696' title='bbox 3201 3674 3387 3731; x_wconf 70' lang='lat' dir='ltr'>opem</span> <span class='ocrx_word' id='word_1_697' title='bbox 3414 3665 3480 3717; x_wconf 69' lang='lat' dir='ltr'>et</span> <span class='ocrx_word' id='word_1_698' title='bbox 3504 3661 3779 3720; x_wconf 69' lang='lat' dir='ltr'>dimoul-</span> 
     </span>
    </p>
   </div>
   <div class='ocr_carea' id='block_1_95' title="bbox 2105 3743 3775 3825">
    <p class='ocr_par' dir='ltr' id='par_1_95' title="bbox 2105 3743 3775 3825">
     <span class='ocr_line' id='line_1_95' title="bbox 2105 3743 3775 3825; baseline 0.005 -25"><span class='ocrx_word' id='word_1_699' title='bbox 2105 3744 2245 3800; x_wconf 86' lang='lat' dir='ltr'>tatis</span> <span class='ocrx_word' id='word_1_700' title='bbox 2273 3743 2351 3799; x_wconf 90' lang='lat' dir='ltr'>sit</span> <span class='ocrx_word' id='word_1_701' title='bbox 2376 3744 2705 3799; x_wconf 86' lang='lat' dir='ltr'>ordinatam</span> <span class='ocrx_word' id='word_1_702' title='bbox 2736 3760 2969 3817; x_wconf 82' lang='lat' dir='ltr'>semper</span> <span class='ocrx_word' id='word_1_703' title='bbox 3005 3750 3389 3820; x_wconf 70' lang='lat' dir='ltr'>curatumque</span> <span class='ocrx_word' id='word_1_704' title='bbox 3416 3753 3775 3825; x_wconf 80' lang='lat' dir='ltr'>temporum</span> 
     </span>
    </p>
   </div>
   <div class='ocr_carea' id='block_1_96' title="bbox 2106 3825 3777 3907">
    <p class='ocr_par' dir='ltr' id='par_1_96' title="bbox 2106 3825 3777 3907">
     <span class='ocr_line' id='line_1_96' title="bbox 2106 3825 3777 3907; baseline 0.005 -19"><span class='ocrx_word' id='word_1_705' title='bbox 2106 3832 2389 3889; x_wconf 90' lang='lat' dir='ltr'>rationem</span> <span class='ocrx_word' id='word_1_706' title='bbox 2416 3832 2583 3887; x_wconf 87' lang='lat' dir='ltr'>inire.</span> <span class='ocrx_word' id='word_1_707' title='bbox 2617 3832 2800 3888; x_wconf 82' lang='lat' dir='ltr'>Tanto</span> <span class='ocrx_word' id='word_1_708' title='bbox 2831 3825 3021 3905; x_wconf 75' lang='lat' dir='ltr'>ma&#39;gis</span> <span class='ocrx_word' id='word_1_709' title='bbox 3052 3834 3478 3907; x_wconf 80' lang='lat' dir='ltr'>indulgean</span> <span class='ocrx_word' id='word_1_710' title='bbox 3506 3844 3609 3895; x_wconf 80' lang='lat' dir='ltr'>est.</span> <span class='ocrx_word' id='word_1_711' title='bbox 3631 3857 3777 3897; x_wconf 78' lang='lat' dir='ltr'>me-</span> 
     </span>
    </p>
   </div>
   <div class='ocr_carea' id='block_1_97' title="bbox 2106 3920 3780 3995">
    <p class='ocr_par' dir='ltr' id='par_1_97' title="bbox 2106 3920 3780 3995">
     <span class='ocr_line' id='line_1_97' title="bbox 2106 3920 3780 3995; baseline 0.005 -18"><span class='ocrx_word' id='word_1_712' title='bbox 2106 3922 2186 3977; x_wconf 92' lang='lat' dir='ltr'>dii</span> <span class='ocrx_word' id='word_1_713' title='bbox 2208 3920 2309 3976; x_wconf 72' lang='lat' dir='ltr'>aavi</span> <span class='ocrx_word' id='word_1_714' title='bbox 2329 3920 2733 3993; x_wconf 88' lang='lat' dir='ltr'>scriptoribus,</span> <span class='ocrx_word' id='word_1_715' title='bbox 2757 3922 2805 3977; x_wconf 87' lang='lat' dir='ltr'>si</span> <span class='ocrx_word' id='word_1_716' title='bbox 2829 3921 2887 3976; x_wconf 91' lang='lat' dir='ltr'>in</span> <span class='ocrx_word' id='word_1_717' title='bbox 2910 3926 3304 3995; x_wconf 73' lang='lat' dir='ltr'>supputandis</span> <span class='ocrx_word' id='word_1_718' title='bbox 3322 3925 3575 3984; x_wconf 84' lang='lat' dir='ltr'>subinde</span> <span class='ocrx_word' id='word_1_719' title='bbox 3591 3929 3780 3986; x_wconf 73' lang='lat' dir='ltr'>aber-</span> 
     </span>
    </p>
   </div>
   <div class='ocr_carea' id='block_1_98' title="bbox 2106 4010 3782 4087">
    <p class='ocr_par' dir='ltr' id='par_1_98' title="bbox 2106 4010 3782 4087">
     <span class='ocr_line' id='line_1_98' title="bbox 2106 4010 3782 4087; baseline 0.005 -21"><span class='ocrx_word' id='word_1_720' title='bbox 2106 4010 2381 4081; x_wconf 88' lang='lat' dir='ltr'>raverint,</span> <span class='ocrx_word' id='word_1_721' title='bbox 2413 4011 2587 4066; x_wconf 88' lang='lat' dir='ltr'>rebus</span> <span class='ocrx_word' id='word_1_722' title='bbox 2638 4010 2980 4066; x_wconf 84' lang='lat' dir='ltr'>enarraudis</span> <span class='ocrx_word' id='word_1_723' title='bbox 3019 4028 3173 4084; x_wconf 64' lang='lat' dir='ltr'>sape</span> <span class='ocrx_word' id='word_1_724' title='bbox 3217 4016 3404 4085; x_wconf 77' lang='lat' dir='ltr'>magis</span> <span class='ocrx_word' id='word_1_725' title='bbox 3434 4031 3614 4087; x_wconf 80' lang='lat' dir='ltr'>quam</span> <span class='ocrx_word' id='word_1_726' title='bbox 3671 4019 3782 4074; x_wconf 87' lang='lat' dir='ltr'>di-</span> 
     </span>
    </p>
   </div>
   <div class='ocr_carea' id='block_1_99' title="bbox 2105 4098 3782 4172">
    <p class='ocr_par' dir='ltr' id='par_1_99' title="bbox 2105 4098 3782 4172">
     <span class='ocr_line' id='line_1_99' title="bbox 2105 4098 3782 4172; baseline 0.006 -17"><span class='ocrx_word' id='word_1_727' title='bbox 2105 4100 2421 4156; x_wconf 69' lang='lat' dir='ltr'>scutienda:</span> <span class='ocrx_word' id='word_1_728' title='bbox 2485 4098 2869 4172; x_wconf 71' lang='lat' dir='ltr'>chronologiie</span> <span class='ocrx_word' id='word_1_729' title='bbox 2925 4100 3154 4167; x_wconf 81' lang='lat' dir='ltr'>intenti,</span> <span class='ocrx_word' id='word_1_730' title='bbox 3218 4103 3394 4171; x_wconf 81' lang='lat' dir='ltr'>unde,</span> <span class='ocrx_word' id='word_1_731' title='bbox 3453 4120 3529 4162; x_wconf 87' lang='lat' dir='ltr'>ne</span> <span class='ocrx_word' id='word_1_732' title='bbox 3582 4105 3782 4171; x_wconf 71' lang='lat' dir='ltr'>ﬁlum</span> 
     </span>
    </p>
   </div>
   <div class='ocr_carea' id='block_1_100' title="bbox 2104 4188 3781 4261">
    <p class='ocr_par' dir='ltr' id='par_1_100' title="bbox 2104 4188 3781 4261">
     <span class='ocr_line' id='line_1_100' title="bbox 2104 4188 3781 4261; baseline 0.005 -16"><span class='ocrx_word' id='word_1_733' title='bbox 2104 4188 2456 4245; x_wconf 83' lang='lat' dir='ltr'>narrationis</span> <span class='ocrx_word' id='word_1_734' title='bbox 2485 4188 2920 4261; x_wconf 85' lang='lat' dir='ltr'>abrumperent,</span> <span class='ocrx_word' id='word_1_735' title='bbox 2951 4188 3210 4261; x_wconf 81' lang='lat' dir='ltr'>plurium</span> <span class='ocrx_word' id='word_1_736' title='bbox 3238 4191 3431 4248; x_wconf 33' lang='lat' dir='ltr'>simul.</span> <span class='ocrx_word' id='word_1_737' title='bbox 3457 4210 3781 4253; x_wconf 78' lang='lat' dir='ltr'>annorum</span> 
     </span>
    </p>
   </div>
   <div class='ocr_carea' id='block_1_101' title="bbox 2103 4278 3784 4352">
    <p class='ocr_par' dir='ltr' id='par_1_101' title="bbox 2103 4278 3784 4352">
     <span class='ocr_line' id='line_1_101' title="bbox 2103 4278 3784 4352; baseline 0.004 -17"><span class='ocrx_word' id='word_1_738' title='bbox 2103 4284 2270 4352; x_wconf 87' lang='lat' dir='ltr'>gesta</span> <span class='ocrx_word' id='word_1_739' title='bbox 2292 4278 2351 4343; x_wconf 84' lang='lat' dir='ltr'>in</span> <span class='ocrx_word' id='word_1_740' title='bbox 2377 4294 2562 4336; x_wconf 90' lang='lat' dir='ltr'>unum</span> <span class='ocrx_word' id='word_1_741' title='bbox 2579 4282 3018 4350; x_wconf 85' lang='lat' dir='ltr'>congesserunt.</span> <span class='ocrx_word' id='word_1_742' title='bbox 3036 4278 3196 4335; x_wconf 75' lang='lat' dir='ltr'>Adde</span> <span class='ocrx_word' id='word_1_743' title='bbox 3216 4281 3371 4352; x_wconf 87' lang='lat' dir='ltr'>quod</span> <span class='ocrx_word' id='word_1_744' title='bbox 3386 4298 3553 4338; x_wconf 88' lang='lat' dir='ltr'>unus</span> <span class='ocrx_word' id='word_1_745' title='bbox 3572 4283 3784 4341; x_wconf 55' lang='lat' dir='ltr'>idem.</span> 
     </span>
    </p>
   </div>
   <div class='ocr_carea' id='block_1_102' title="bbox 2104 4365 3783 4440">
    <p class='ocr_par' dir='ltr' id='par_1_102' title="bbox 2104 4365 3783 4440">
     <span class='ocr_line' id='line_1_102' title="bbox 2104 4365 3783 4440; baseline 0.001 -18"><span class='ocrx_word' id='word_1_746' title='bbox 2104 4384 2218 4440; x_wconf 90' lang='lat' dir='ltr'>que</span> <span class='ocrx_word' id='word_1_747' title='bbox 2246 4371 2448 4422; x_wconf 86' lang='lat' dir='ltr'>auctor</span> <span class='ocrx_word' id='word_1_748' title='bbox 2475 4367 2652 4422; x_wconf 86' lang='lat' dir='ltr'>etiam</span> <span class='ocrx_word' id='word_1_749' title='bbox 2681 4383 2751 4421; x_wconf 86' lang='lat' dir='ltr'>ex</span> <span class='ocrx_word' id='word_1_750' title='bbox 2774 4366 3036 4438; x_wconf 88' lang='lat' dir='ltr'>antiquis</span> <span class='ocrx_word' id='word_1_751' title='bbox 3064 4365 3123 4422; x_wconf 89' lang='lat' dir='ltr'>in</span> <span class='ocrx_word' id='word_1_752' title='bbox 3154 4370 3469 4426; x_wconf 81' lang='lat' dir='ltr'>statuenda</span> <span class='ocrx_word' id='word_1_753' title='bbox 3495 4369 3783 4431; x_wconf 72' lang='lat' dir='ltr'>chrono.</span> 
     </span>
    </p>
   </div>
   <div class='ocr_carea' id='block_1_103' title="bbox 2103 4455 3780 4529">
    <p class='ocr_par' dir='ltr' id='par_1_103' title="bbox 2103 4455 3780 4529">
     <span class='ocr_line' id='line_1_103' title="bbox 2103 4455 3780 4529; baseline 0 -18"><span class='ocrx_word' id='word_1_754' title='bbox 2103 4455 2259 4529; x_wconf 90' lang='lat' dir='ltr'>logia</span> <span class='ocrx_word' id='word_1_755' title='bbox 2287 4455 2399 4512; x_wconf 91' lang='lat' dir='ltr'>sibi</span> <span class='ocrx_word' id='word_1_756' title='bbox 2429 4472 2662 4528; x_wconf 87' lang='lat' dir='ltr'>semper</span> <span class='ocrx_word' id='word_1_757' title='bbox 2700 4455 2852 4511; x_wconf 88' lang='lat' dir='ltr'>haud</span> <span class='ocrx_word' id='word_1_758' title='bbox 2895 4460 3139 4525; x_wconf 84' lang='lat' dir='ltr'>constet,</span> <span class='ocrx_word' id='word_1_759' title='bbox 3159 4458 3315 4529; x_wconf 91' lang='lat' dir='ltr'>quod</span> <span class='ocrx_word' id='word_1_760' title='bbox 3353 4457 3441 4514; x_wconf 86' lang='lat' dir='ltr'>vel</span> <span class='ocrx_word' id='word_1_761' title='bbox 3469 4474 3541 4514; x_wconf 85' lang='lat' dir='ltr'>ex</span> <span class='ocrx_word' id='word_1_762' title='bbox 3568 4461 3780 4519; x_wconf 66' lang='lat' dir='ltr'>Euan.</span> 
     </span>
    </p>
   </div>
   <div class='ocr_carea' id='block_1_104' title="bbox 2104 4543 3785 4617">
    <p class='ocr_par' dir='ltr' id='par_1_104' title="bbox 2104 4543 3785 4617">
     <span class='ocr_line' id='line_1_104' title="bbox 2104 4543 3785 4617; baseline 0.004 -17"><span class='ocrx_word' id='word_1_763' title='bbox 2104 4545 2198 4601; x_wconf 91' lang='lat' dir='ltr'>bio</span> <span class='ocrx_word' id='word_1_764' title='bbox 2228 4544 2429 4617; x_wconf 91' lang='lat' dir='ltr'>liquet,</span> <span class='ocrx_word' id='word_1_765' title='bbox 2453 4544 2554 4616; x_wconf 92' lang='lat' dir='ltr'>qui</span> <span class='ocrx_word' id='word_1_766' title='bbox 2583 4544 2752 4600; x_wconf 84' lang='lat' dir='ltr'>aliter</span> <span class='ocrx_word' id='word_1_767' title='bbox 2777 4543 2836 4599; x_wconf 91' lang='lat' dir='ltr'>in</span> <span class='ocrx_word' id='word_1_768' title='bbox 2868 4544 3174 4612; x_wconf 84' lang='lat' dir='ltr'>Chronico,</span> <span class='ocrx_word' id='word_1_769' title='bbox 3201 4544 3372 4603; x_wconf 82' lang='lat' dir='ltr'>aliter</span> <span class='ocrx_word' id='word_1_770' title='bbox 3400 4548 3461 4602; x_wconf 90' lang='lat' dir='ltr'>in</span> <span class='ocrx_word' id='word_1_771' title='bbox 3491 4547 3785 4617; x_wconf 64' lang='lat' dir='ltr'>Historip</span> 
     </span>
    </p>
   </div>
   <div class='ocr_carea' id='block_1_105' title="bbox 2022 4632 3784 4713">
    <p class='ocr_par' dir='ltr' id='par_1_105' title="bbox 2022 4632 3784 4713">
     <span class='ocr_line' id='line_1_105' title="bbox 2022 4632 3784 4713; baseline 0.002 -25"><span class='ocrx_word' id='word_1_772' title='bbox 2022 4645 2071 4712; x_wconf 73' lang='grc' dir='ltr'>ι)</span> <span class='ocrx_word' id='word_1_773' title='bbox 2101 4638 2364 4706; x_wconf 88' lang='lat' dir='ltr'>tempora</span> <span class='ocrx_word' id='word_1_774' title='bbox 2395 4632 2673 4705; x_wconf 89' lang='lat' dir='ltr'>digessit:</span> <span class='ocrx_word' id='word_1_775' title='bbox 2698 4638 2919 4704; x_wconf 90' lang='lat' dir='ltr'>quanto</span> <span class='ocrx_word' id='word_1_776' title='bbox 2962 4633 3163 4690; x_wconf 89' lang='lat' dir='ltr'>minus</span> <span class='ocrx_word' id='word_1_777' title='bbox 3211 4635 3367 4692; x_wconf 83' lang='lat' dir='ltr'>inter</span> <span class='ocrx_word' id='word_1_778' title='bbox 3392 4641 3480 4697; x_wconf 87' lang='lat' dir='ltr'>tot</span> <span class='ocrx_word' id='word_1_779' title='bbox 3506 4640 3784 4713; x_wconf 73' lang='lat' dir='ltr'>tuoque</span> 
     </span>
    </p>
   </div>
   <div class='ocr_carea' id='block_1_106' title="bbox 2102 4722 3783 4801">
    <p class='ocr_par' dir='ltr' id='par_1_106' title="bbox 2102 4722 3783 4801">
     <span class='ocr_line' id='line_1_106' title="bbox 2102 4722 3783 4801; baseline 0.003 -23"><span class='ocrx_word' id='word_1_780' title='bbox 2102 4722 2361 4779; x_wconf 88' lang='lat' dir='ltr'>diversos</span> <span class='ocrx_word' id='word_1_781' title='bbox 2390 4726 2656 4780; x_wconf 87' lang='lat' dir='ltr'>auctores</span> <span class='ocrx_word' id='word_1_782' title='bbox 2682 4728 2883 4778; x_wconf 86' lang='lat' dir='ltr'>exacta</span> <span class='ocrx_word' id='word_1_783' title='bbox 2911 4739 3146 4795; x_wconf 84' lang='lat' dir='ltr'>semper</span> <span class='ocrx_word' id='word_1_784' title='bbox 3164 4724 3487 4782; x_wconf 80' lang='lat' dir='ltr'>concordia</span> <span class='ocrx_word' id='word_1_785' title='bbox 3510 4741 3783 4801; x_wconf 76' lang='lat' dir='ltr'>exspec-</span> 
     </span>
    </p>
   </div>
   <div class='ocr_carea' id='block_1_107' title="bbox 2098 4810 3785 4884">
    <p class='ocr_par' dir='ltr' id='par_1_107' title="bbox 2098 4810 3785 4884">
     <span class='ocr_line' id='line_1_107' title="bbox 2098 4810 3785 4884; baseline 0.005 -17"><span class='ocrx_word' id='word_1_786' title='bbox 2098 4812 2283 4871; x_wconf 87' lang='lat' dir='ltr'>tanda</span> <span class='ocrx_word' id='word_1_787' title='bbox 2302 4810 2428 4867; x_wconf 80' lang='lat' dir='ltr'>est?</span> <span class='ocrx_word' id='word_1_788' title='bbox 2458 4812 2620 4875; x_wconf 86' lang='lat' dir='ltr'>Quod</span> <span class='ocrx_word' id='word_1_789' title='bbox 2643 4812 2935 4884; x_wconf 63' lang='lat' dir='ltr'>pracipue</span> <span class='ocrx_word' id='word_1_790' title='bbox 2954 4811 3018 4873; x_wconf 89' lang='lat' dir='ltr'>in</span> <span class='ocrx_word' id='word_1_791' title='bbox 3039 4812 3372 4878; x_wconf 75' lang='lat' dir='ltr'>llermanno</span> <span class='ocrx_word' id='word_1_792' title='bbox 3395 4820 3603 4877; x_wconf 85' lang='lat' dir='ltr'>nostro</span> <span class='ocrx_word' id='word_1_793' title='bbox 3626 4833 3785 4875; x_wconf 77' lang='lat' dir='ltr'>evo-</span> 
     </span>
    </p>
   </div>
   <div class='ocr_carea' id='block_1_108' title="bbox 2098 4898 3784 4978">
    <p class='ocr_par' dir='ltr' id='par_1_108' title="bbox 2098 4898 3784 4978">
     <span class='ocr_line' id='line_1_108' title="bbox 2098 4898 3784 4978; baseline 0.003 -23"><span class='ocrx_word' id='word_1_794' title='bbox 2098 4899 2202 4967; x_wconf 91' lang='lat' dir='ltr'>nit,</span> <span class='ocrx_word' id='word_1_795' title='bbox 2235 4899 2336 4972; x_wconf 89' lang='lat' dir='ltr'>qui</span> <span class='ocrx_word' id='word_1_796' title='bbox 2366 4899 2691 4956; x_wconf 86' lang='lat' dir='ltr'>Cbronicon</span> <span class='ocrx_word' id='word_1_797' title='bbox 2721 4915 2897 4956; x_wconf 86' lang='lat' dir='ltr'>suum</span> <span class='ocrx_word' id='word_1_798' title='bbox 2939 4915 3008 4957; x_wconf 86' lang='lat' dir='ltr'>ex</span> <span class='ocrx_word' id='word_1_799' title='bbox 3045 4898 3295 4958; x_wconf 84' lang='lat' dir='ltr'>diversis</span> <span class='ocrx_word' id='word_1_800' title='bbox 3322 4902 3469 4959; x_wconf 87' lang='lat' dir='ltr'>adeo</span> <span class='ocrx_word' id='word_1_801' title='bbox 3497 4904 3784 4978; x_wconf 69' lang='lat' dir='ltr'>scripto-</span> 
     </span>
    </p>
   </div>
   <div class='ocr_carea' id='block_1_109' title="bbox 2098 4988 2545 5061">
    <p class='ocr_par' dir='ltr' id='par_1_109' title="bbox 2098 4988 2545 5061">
     <span class='ocr_line' id='line_1_109' title="bbox 2098 4988 2545 5061; baseline 0 -16"><span class='ocrx_word' id='word_1_802' title='bbox 2098 4990 2263 5045; x_wconf 89' lang='lat' dir='ltr'>ribus</span> <span class='ocrx_word' id='word_1_803' title='bbox 2291 4988 2545 5061; x_wconf 88' lang='lat' dir='ltr'>collegit.</span> 
     </span>
    </p>
   </div>
   <div class='ocr_carea' id='block_1_110' title="bbox 2166 5077 3786 5154">
    <p class='ocr_par' dir='ltr' id='par_1_110' title="bbox 2166 5077 3786 5154">
     <span class='ocr_line' id='line_1_110' title="bbox 2166 5077 3786 5154; baseline 0.006 -21"><span class='ocrx_word' id='word_1_804' title='bbox 2166 5077 2403 5135; x_wconf 87' lang='lat' dir='ltr'>Accedit</span> <span class='ocrx_word' id='word_1_805' title='bbox 2420 5078 2536 5134; x_wconf 89' lang='lat' dir='ltr'>alia</span> <span class='ocrx_word' id='word_1_806' title='bbox 2553 5083 2675 5134; x_wconf 88' lang='lat' dir='ltr'>tam</span> <span class='ocrx_word' id='word_1_807' title='bbox 2691 5077 2935 5134; x_wconf 70' lang='lat' dir='ltr'>diversa</span> <span class='ocrx_word' id='word_1_808' title='bbox 2953 5082 3283 5151; x_wconf 78' lang='lat' dir='ltr'>temporum</span> <span class='ocrx_word' id='word_1_809' title='bbox 3306 5082 3786 5154; x_wconf 77' lang='lat' dir='ltr'>supputationis</span> 
     </span>
    </p>
   </div>
   <div class='ocr_carea' id='block_1_111' title="bbox 2098 5164 3785 5246">
    <p class='ocr_par' dir='ltr' id='par_1_111' title="bbox 2098 5164 3785 5246">
     <span class='ocr_line' id='line_1_111' title="bbox 2098 5164 3785 5246; baseline 0.004 -24"><span class='ocrx_word' id='word_1_810' title='bbox 2098 5166 2243 5222; x_wconf 87' lang='lat' dir='ltr'>ratio</span> <span class='ocrx_word' id='word_1_811' title='bbox 2263 5184 2334 5222; x_wconf 88' lang='lat' dir='ltr'>ex</span> <span class='ocrx_word' id='word_1_812' title='bbox 2353 5164 2708 5239; x_wconf 87' lang='lat' dir='ltr'>negligentia</span> <span class='ocrx_word' id='word_1_813' title='bbox 2725 5183 2826 5223; x_wconf 87' lang='lat' dir='ltr'>seu</span> <span class='ocrx_word' id='word_1_814' title='bbox 2848 5167 3142 5240; x_wconf 88' lang='lat' dir='ltr'>imperitia</span> <span class='ocrx_word' id='word_1_815' title='bbox 3158 5170 3785 5246; x_wconf 78' lang='lat' dir='ltr'>amanuensium,qui</span> 
     </span>
    </p>
   </div>
   <div class='ocr_carea' id='block_1_112' title="bbox 2096 5254 3788 5329">
    <p class='ocr_par' dir='ltr' id='par_1_112' title="bbox 2096 5254 3788 5329">
     <span class='ocr_line' id='line_1_112' title="bbox 2096 5254 3788 5329; baseline 0.005 -18"><span class='ocrx_word' id='word_1_816' title='bbox 2096 5273 2246 5328; x_wconf 68' lang='lat' dir='ltr'>saepe</span> <span class='ocrx_word' id='word_1_817' title='bbox 2265 5273 2484 5312; x_wconf 88' lang='lat' dir='ltr'>annum</span> <span class='ocrx_word' id='word_1_818' title='bbox 2507 5260 2608 5312; x_wconf 90' lang='lat' dir='ltr'>aut</span> <span class='ocrx_word' id='word_1_819' title='bbox 2628 5261 2949 5328; x_wconf 70' lang='lat' dir='ltr'>prmnotare</span> <span class='ocrx_word' id='word_1_820' title='bbox 2968 5254 3365 5329; x_wconf 87' lang='lat' dir='ltr'>neglexerunt,</span> <span class='ocrx_word' id='word_1_821' title='bbox 3386 5263 3488 5314; x_wconf 90' lang='lat' dir='ltr'>aut</span> <span class='ocrx_word' id='word_1_822' title='bbox 3505 5258 3635 5317; x_wconf 84' lang='lat' dir='ltr'>loco</span> <span class='ocrx_word' id='word_1_823' title='bbox 3664 5261 3788 5320; x_wconf 78' lang='lat' dir='ltr'>in-</span> 
     </span>
    </p>
   </div>
   <div class='ocr_carea' id='block_1_113' title="bbox 2094 5345 3784 5419">
    <p class='ocr_par' dir='ltr' id='par_1_113' title="bbox 2094 5345 3784 5419">
     <span class='ocr_line' id='line_1_113' title="bbox 2094 5345 3784 5419; baseline 0.005 -17"><span class='ocrx_word' id='word_1_824' title='bbox 2094 5361 2350 5418; x_wconf 87' lang='lat' dir='ltr'>congrue</span> <span class='ocrx_word' id='word_1_825' title='bbox 2384 5345 2772 5413; x_wconf 85' lang='lat' dir='ltr'>adnotarunt;</span> <span class='ocrx_word' id='word_1_826' title='bbox 2822 5361 2939 5418; x_wconf 89' lang='lat' dir='ltr'>quo</span> <span class='ocrx_word' id='word_1_827' title='bbox 2987 5346 3114 5419; x_wconf 88' lang='lat' dir='ltr'>ipso</span> <span class='ocrx_word' id='word_1_828' title='bbox 3161 5346 3332 5419; x_wconf 83' lang='lat' dir='ltr'>plura</span> <span class='ocrx_word' id='word_1_829' title='bbox 3374 5347 3784 5410; x_wconf 73' lang='lat' dir='ltr'>diversorum</span> 
     </span>
    </p>
   </div>
   <div class='ocr_carea' id='block_1_114' title="bbox 2093 5433 3787 5509">
    <p class='ocr_par' dir='ltr' id='par_1_114' title="bbox 2093 5433 3787 5509">
     <span class='ocr_line' id='line_1_114' title="bbox 2093 5433 3787 5509; baseline 0.004 -19"><span class='ocrx_word' id='word_1_830' title='bbox 2093 5440 2424 5508; x_wconf 88' lang='lat' dir='ltr'>temporum</span> <span class='ocrx_word' id='word_1_831' title='bbox 2454 5433 2608 5490; x_wconf 87' lang='lat' dir='ltr'>facta</span> <span class='ocrx_word' id='word_1_832' title='bbox 2626 5433 2698 5489; x_wconf 88' lang='lat' dir='ltr'>ad</span> <span class='ocrx_word' id='word_1_833' title='bbox 2719 5450 2904 5490; x_wconf 89' lang='lat' dir='ltr'>unum</span> <span class='ocrx_word' id='word_1_834' title='bbox 2927 5451 3148 5490; x_wconf 82' lang='lat' dir='ltr'>annum</span> <span class='ocrx_word' id='word_1_835' title='bbox 3170 5437 3634 5509; x_wconf 79' lang='lat' dir='ltr'>eonjunguntur,</span> <span class='ocrx_word' id='word_1_836' title='bbox 3664 5441 3787 5499; x_wconf 69' lang='lat' dir='ltr'>vol</span> 
     </span>
    </p>
   </div>
   <div class='ocr_carea' id='block_1_115' title="bbox 2092 5522 3790 5597">
    <p class='ocr_par' dir='ltr' id='par_1_115' title="bbox 2092 5522 3790 5597">
     <span class='ocr_line' id='line_1_115' title="bbox 2092 5522 3790 5597; baseline 0.002 -18"><span class='ocrx_word' id='word_1_837' title='bbox 2092 5524 2358 5594; x_wconf 85' lang='lat' dir='ltr'>ejusdem</span> <span class='ocrx_word' id='word_1_838' title='bbox 2381 5522 2518 5578; x_wconf 88' lang='lat' dir='ltr'>anni</span> <span class='ocrx_word' id='word_1_839' title='bbox 2541 5522 2600 5577; x_wconf 91' lang='lat' dir='ltr'>in</span> <span class='ocrx_word' id='word_1_840' title='bbox 2623 5522 2821 5595; x_wconf 88' lang='lat' dir='ltr'>plures</span> <span class='ocrx_word' id='word_1_841' title='bbox 2836 5524 3790 5597; x_wconf 54' lang='lat' dir='ltr'>dispertiunturmndmemnaq.</span> 
     </span>
    </p>
   </div>
   <div class='ocr_carea' id='block_1_116' title="bbox 2096 5611 3789 5687">
    <p class='ocr_par' dir='ltr' id='par_1_116' title="bbox 2096 5611 3789 5687">
     <span class='ocr_line' id='line_1_116' title="bbox 2096 5611 3789 5687; baseline 0.004 -20"><span class='ocrx_word' id='word_1_842' title='bbox 2096 5612 2207 5669; x_wconf 88' lang='lat' dir='ltr'>mel</span> <span class='ocrx_word' id='word_1_843' title='bbox 2228 5611 2528 5677; x_wconf 78' lang='lat' dir='ltr'>admissus</span> <span class='ocrx_word' id='word_1_844' title='bbox 2549 5611 2747 5684; x_wconf 84' lang='lat' dir='ltr'>plures</span> <span class='ocrx_word' id='word_1_845' title='bbox 2765 5612 3043 5686; x_wconf 87' lang='lat' dir='ltr'>deinceps</span> <span class='ocrx_word' id='word_1_846' title='bbox 3062 5629 3249 5670; x_wconf 86' lang='lat' dir='ltr'>annos</span> <span class='ocrx_word' id='word_1_847' title='bbox 3271 5618 3648 5687; x_wconf 77' lang='lat' dir='ltr'>pervagatur,</span> <span class='ocrx_word' id='word_1_848' title='bbox 3669 5622 3789 5679; x_wconf 73' lang='lat' dir='ltr'>uti</span> 
     </span>
    </p>
   </div>
   <div class='ocr_carea' id='block_1_117' title="bbox 2093 5700 3790 5769">
    <p class='ocr_par' dir='ltr' id='par_1_117' title="bbox 2093 5700 3790 5769">
     <span class='ocr_line' id='line_1_117' title="bbox 2093 5700 3790 5769; baseline 0.002 -11"><span class='ocrx_word' id='word_1_849' title='bbox 2093 5701 2154 5758; x_wconf 85' lang='lat' dir='ltr'>in</span> <span class='ocrx_word' id='word_1_850' title='bbox 2183 5704 2383 5759; x_wconf 84' lang='lat' dir='ltr'>nostro</span> <span class='ocrx_word' id='word_1_851' title='bbox 2418 5700 2704 5757; x_wconf 83' lang='lat' dir='ltr'>Chronico</span> <span class='ocrx_word' id='word_1_852' title='bbox 2750 5701 2909 5759; x_wconf 85' lang='lat' dir='ltr'>haud</span> <span class='ocrx_word' id='word_1_853' title='bbox 2957 5719 3077 5759; x_wconf 88' lang='lat' dir='ltr'>una</span> <span class='ocrx_word' id='word_1_854' title='bbox 3101 5702 3233 5759; x_wconf 88' lang='lat' dir='ltr'>vide</span> <span class='ocrx_word' id='word_1_855' title='bbox 3261 5702 3654 5762; x_wconf 78' lang='lat' dir='ltr'>advertimus.</span> <span class='ocrx_word' id='word_1_856' title='bbox 3703 5710 3790 5769; x_wconf 74' lang='lat' dir='ltr'>Id</span> 
     </span>
    </p>
   </div>
   <div class='ocr_carea' id='block_1_118' title="bbox 2095 5790 3792 5867">
    <p class='ocr_par' dir='ltr' id='par_1_118' title="bbox 2095 5790 3792 5867">
     <span class='ocr_line' id='line_1_118' title="bbox 2095 5790 3792 5867; baseline 0.006 -18"><span class='ocrx_word' id='word_1_857' title='bbox 2095 5791 2252 5850; x_wconf 90' lang='lat' dir='ltr'>enim</span> <span class='ocrx_word' id='word_1_858' title='bbox 2283 5794 2402 5850; x_wconf 84' lang='lat' dir='ltr'>tam</span> <span class='ocrx_word' id='word_1_859' title='bbox 2434 5790 2493 5849; x_wconf 88' lang='lat' dir='ltr'>in</span> <span class='ocrx_word' id='word_1_860' title='bbox 2529 5790 2798 5850; x_wconf 87' lang='lat' dir='ltr'>Bernoldi</span> <span class='ocrx_word' id='word_1_861' title='bbox 2834 5807 3013 5867; x_wconf 86' lang='lat' dir='ltr'>quam</span> <span class='ocrx_word' id='word_1_862' title='bbox 3043 5792 3106 5851; x_wconf 89' lang='lat' dir='ltr'>in</span> <span class='ocrx_word' id='word_1_863' title='bbox 3133 5791 3411 5852; x_wconf 86' lang='lat' dir='ltr'>Hermani</span> <span class='ocrx_word' id='word_1_864' title='bbox 3439 5792 3792 5863; x_wconf 81' lang='lat' dir='ltr'>codicibus</span> 
     </span>
    </p>
   </div>
  </div>
