3940 6368
193 474 257 545 ω
1074 473 1599 543 DISSERTATID
1640 475 1745 541 DE
1789 474 2203 543 HBRMANNI
2248 480 2665 547 CHRONICD;
3468 480 3551 547 se

195 609 379 689 sepius
396 609 671 671 evenisse
685 624 895 672 eorum
915 609 1176 671 collectio
1206 612 1579 679 monstrabit,
1606 616 1665 670 et
1683 629 1803 669 am-
1831 613 1885 681 Α
1915 629 2100 686 usque
2128 613 2235 670 590
2261 618 2450 673 exstat
2477 614 2538 673 in
2569 613 2776 674 eodem
2808 612 3121 691 Scaligero.
3150 614 3295 675 Item
3323 613 3548 675 Marius

191 694 325 781 pltat
348 694 762 761 ex'canisiana
784 700 1043 761 editione
1072 704 1380 770 evincitur,
1415 718 1566 776 quis,
1594 704 1702 759 etsi
1733 718 1801 758 ex

192 793 362 853 codice
386 791 461 847 ab
487 782 767 866 Aegiensi
796 793 1089 865 descripto
1111 794 1391 849 adornata
1418 792 1516 862 sit,
1536 792 1595 847 in
1626 793 1801 847 adno-

188 881 360 940 undis
383 872 584 937 tamen
614 880 787 938 annis
811 882 1030 954 sepius
1070 883 1143 938 ab
1193 898 1260 937 eo
1290 883 1601 937 discordat.
1652 882 1795 936 Cum

189 970 344 1045 igitur
366 969 793 1042 discrepantias
811 970 943 1025 illas
960 971 1269 1027 conciliare
1290 987 1355 1026 ac
1376 968 1653 1042 genuium
1682 969 1796 1024 cal-

186 1060 360 1117 culum
379 1074 414 1114 ι
427 1058 817 1131 scriptoribus
831 1061 1208 1132 depravatum
1224 1061 1528 1115 restituere
1544 1058 1795 1113 difﬁcili-

186 1156 327 1205 mum
340 1146 645 1213 fuissetme
655 1148 845 1205 dicam
857 1146 1573 1221 impossibile,consultius
1589 1164 1793 1215 annos,

181 1241 334 1312 prout
359 1235 417 1292 in
440 1236 747 1293 codicibus
787 1238 1004 1294 nostris
1061 1238 1371 1307 habentur,
1429 1236 1791 1299 retinendos,

182 1336 337 1401 quam
364 1330 585 1382 temere
598 1328 913 1383 mutandos
938 1340 1068 1383 esse
1088 1326 1385 1397 duximus,
1410 1331 1474 1381 ut
1493 1332 1682 1381 tamen
1706 1341 1795 1380 cr-

180 1432 370 1484 rorem,
396 1414 497 1469 ubi
531 1415 879 1471 manifestus
910 1420 1018 1485 est,
1042 1420 1238 1470 notare
1257 1416 1407 1469 haud
1429 1415 1793 1470 omittamus.

237 1504 293 1560 id
312 1503 565 1573 denique
580 1502 761 1559 semei
783 1504 1082 1559 monuisse
1102 1520 1167 1559 su
1178 1506 1376 1569 ftlciat,
1399 1502 1792 1558 Hermannum

177 1604 420 1666 peraque
452 1600 522 1647 ac
551 1597 789 1648 caeteros
818 1593 947 1663 ejus
975 1593 1255 1664 temporis
1286 1592 1604 1647 Germania;
1626 1592 1794 1646 chro-

176 1680 487 1753 nographos
518 1680 655 1736 anni
683 1679 919 1735 initium
950 1692 1066 1735 non
1099 1698 1133 1735 a
1163 1680 1352 1752 prima
1381 1680 1643 1735 Januarii
1678 1680 1791 1745 die,

173 1769 304 1825 sede
316 1769 703 1841 praecedentis
720 1768 1035 1824 Dominicis
1052 1764 1382 1825 Nativitatis
1398 1769 1544 1823 t‘esto
1574 1784 1634 1823 re
1642 1773 1796 1839 pete-

173 1857 399 1924 munde
413 1866 566 1929 sepe
578 1857 863 1929 contingit
878 1861 941 1912 ut
954 1874 1045 1912 res
1062 1857 1214 1911 circa
1232 1856 1434 1911 Natale
1447 1856 1673 1911 Domini
1696 1872 1793 1927 ge-

170 1949 257 2001 ste
284 1946 455 2002 modo
473 1946 552 2001 ad
573 1947 1019 2017 praecedentem,
1046 1946 1219 1999 modo
1241 1946 1312 2000 ad
1336 1943 1791 2016 subsequentem

170 2042 370 2091 annum
422 2035 778 2101 referantur,
830 2034 912 2089 uti
946 2034 1131 2089 Caroli
1176 2033 1369 2105 Magni
1428 2033 1794 2105 imperatoris

168 2112 445 2179 damnatio
475 2126 621 2177 tunc
653 2122 805 2177 facta
833 2122 906 2177 ad
938 2128 1157 2176 annum
1191 2124 1317 2187 800,
1368 2136 1524 2176 nunc
1560 2120 1632 2176 ad
1683 2136 1791 2177 au-

165 2218 287 2265 num
306 2212 407 2267 801
442 2210 715 2267 refertur.

225 2296 401 2355 XXIV.
435 2298 728 2354 Chronica
757 2312 929 2370 porro
961 2315 1075 2353 non
1107 2315 1176 2353 ex
1208 2298 1439 2371 proprio
1484 2302 1790 2353 auctorum

163 2386 394 2459 ingenio,
422 2388 535 2443 sed
554 2405 623 2443 ex
643 2388 903 2460 priorum
927 2387 1281 2459 scriptorum
1304 2385 1640 2441 testimonio
1661 2404 1793 2441 eon-

163 2474 363 2532 cinnari
395 2491 595 2549 posse,
626 2492 719 2531 res
738 2478 867 2548 ipsa
890 2475 1169 2547 loquitur.
1208 2474 1269 2531 Id
1293 2492 1475 2529 unum
1502 2475 1593 2530 hic
1618 2477 1794 2530 refert

163 2569 262 2634 duo
290 2565 447 2621 fonte
470 2565 735 2633 bibatur,
756 2570 815 2620 et
838 2580 953 2637 qua
975 2565 1089 2619 fide
1112 2581 1203 2619 res
1222 2570 1397 2637 gesta:
1421 2569 1788 2619 enarrantur.

163 2651 230 2707 De
254 2652 592 2709 Hermanno
614 2653 755 2707 Vite
772 2652 903 2724 ejus
925 2654 1174 2724 scriptor
1191 2658 1442 2707 testatur
1457 2654 1608 2723 quod
1636 2652 1791 2706 libel-

162 2740 260 2795 lum
302 2741 709 2797 Chrom'coruin
772 2742 1127 2811 undecunque
1182 2742 1451 2795 laboriosa
1502 2741 1791 2807 diligentia

160 2828 459 2903 ooﬂsgerit.
496 2831 716 2887 Fontes
747 2829 899 2895 illos,
933 2831 1261 2902 praecipuos
1311 2830 1541 2894 saltem,
1592 2830 1791 2884 Mona-

158 2919 329 2975 censis
360 2918 637 2975 Bernoldi
683 2920 862 2975 codex
917 2919 1010 2974 his
1039 2919 1232 2974 verbis
1277 2918 1542 2973 indicat:
1602 2920 1793 2973 Insunt

159 3010 384 3065 auctores
408 3008 811 3065 Chronicorum
834 3006 1114 3072 Eusebius,
1140 3010 1523 3078 Hieronymus,
1538 3008 1791 3078 Prosper,

159 3095 455 3170 Dionysius,
516 3098 805 3163 Iordanes,
864 3096 1027 3153 Beda.
1062 3096 1224 3151 Unde
1255 3096 1431 3151 etiam
1463 3101 1629 3151 caute
1690 3112 1793 3167 per

157 3182 453 3243 decursum
473 3176 797 3243 adnotatur
809 3201 926 3258 quo
940 3202 1093 3241 anno
1107 3185 1356 3256 quisque
1370 3184 1600 3239 illorum
1619 3184 1792 3239 Chro-

154 3271 302 3330 nicon
325 3280 509 3332 suum
524 3274 863 3332 absolverit.
890 3279 1101 3330 Praeter
1120 3274 1226 3328 hos
1238 3289 1370 3328 vero
1390 3273 1586 3345 plures
1598 3272 1789 3327 adhuc

1910 704 2315 760 Aventicensis
2346 722 2449 761 seu
2482 704 2920 762 Lausanuensis
2939 706 3250 785 episcopus
3279 706 3354 762 ab
3392 720 3549 763 anno

1907 792 2015 845 455
2046 809 2233 864 usque
2256 794 2355 849 591
2393 795 2546 866 apud
2573 796 2651 850 du
2682 794 2907 851 Chesne
2937 793 2977 850 l.
3009 812 3060 850 c.
3094 811 3150 866 p.
3180 795 3284 850 210
3313 797 3371 850 et
3398 794 3456 849 iu
3480 794 3543 851 P.

1906 879 2497 951 Bouquetnovissima
2508 882 2857 940 Collectione
2872 883 3555 956 Scripto'rum'Francico-

1905 985 2059 1034 rum,
2090 974 2232 1026 tom.
2267 972 2336 1040 ΙΙ,
2371 988 2428 1043 p.
2472 973 2555 1027 12.

1974 1058 2058 1111 Ad
2093 1058 2422 1131 Hieronymi
2453 1060 2885 1115 contiuuatores
2909 1074 3142 1131 quoque
3173 1063 3401 1132 spectat
3429 1061 3551 1117 Ida-

1904 1144 2029 1200 cius
2063 1147 2414 1204 Lemicensis
2438 1149 2495 1203 in
2528 1147 2796 1203 Callaecia
2818 1149 3149 1221 episcopus,
3180 1150 3354 1221 cujus
3374 1150 3552 1206 Chro-

1904 1234 2076 1288 nicon
2107 1236 2178 1289 ab
2210 1237 2282 1291 ab
2313 1253 2466 1291 anno
2482 1238 2587 1291 379
2619 1253 2803 1308 usque
2823 1238 2925 1291 467
2947 1236 3087 1293 locis
3107 1237 3305 1294 citatis
3353 1238 3543 1296 Conti-

1900 1325 2090 1377 netur.
2123 1324 2266 1379 Item
2297 1325 2667 1380 Marcellinus
2691 1341 2887 1381 comes
2920 1325 3155 1398 Illyrici,
3189 1327 3261 1382 ab
3293 1342 3387 1383 an.
3421 1328 3533 1383 379

1903 1427 2088 1482 usque
2115 1414 2223 1467 566
2251 1412 2308 1467 in
2334 1412 2625 1486 Scaligero
2665 1418 2722 1469 et
2746 1416 3033 1485 Bouquet.
3057 1416 3171 1470 Nec
3189 1420 3547 1487 praetereun-

1903 1499 2015 1553 dus
2044 1500 2447 1567 Cassiodorus,
2480 1504 2651 1571 cujus
2678 1502 3002 1557 Chronicon
3026 1520 3213 1575 usque
3233 1505 3307 1559 ad
3326 1522 3546 1560 annum

1900 1588 2008 1641 519
2028 1588 2242 1660 legitur
2262 1591 2413 1646 inter
2425 1592 2553 1662 ejus
2573 1590 3546 1663 Opera,tom.lI,p.35!i,edit.Vehet.

1904 1693 2000 1733 an.
2037 1679 2196 1733 1729.
2236 1679 2475 1734 Exstant
2497 1679 2555 1734 hi
2581 1681 2696 1735 fere
2712 1694 2916 1734 omnes
2937 1680 3193 1735 etiamin
3217 1697 3368 1736 nova
3387 1681 3551 1737 chro-

1905 1767 2171 1822 nicorum
2203 1767 2456 1823 editione
2480 1768 2672 1823 Patav.
2694 1784 2788 1823 an.
2829 1767 2969 1822 1787
2991 1784 3025 1822 a
3046 1767 3344 1825 Rohcailio
3378 1769 3550 1826 ador-

1906 1860 2060 1911 nata.

1973 1945 2195 2008 Quibus
2227 1946 2461 2017 quidem
2495 1946 2720 2001 cunctis
2746 1962 2914 2005 usum
2941 1944 3121 2001 fuisse
3141 1946 3542 2003 Hermaunum

1902 2033 2056 2088 haud
2089 2032 2267 2088 semel
2291 2034 2643 2101 notavimus,
2670 2051 2784 2106 prae
2815 2033 3021 2103 primis
3053 2039 3248 2090 autem
3297 2033 3540 2091 Marcel-

1899 2121 2038 2189 lino,
2069 2137 2138 2177 ex
2169 2139 2283 2193 quo
2315 2122 2536 2195 integra
2566 2124 2856 2178 commata
2884 2121 2956 2177 ad
2986 2122 3231 2178 verbum
3282 2123 3541 2180 Chroni-

1902 2227 1968 2265 co
1998 2227 2107 2265 suo
2140 2211 2406 2266 inseruit.

1973 2299 2206 2354 Tertius
2231 2300 2291 2353 in
2310 2300 2593 2355 Bernoldo
2617 2305 2976 2358 memoratur
2993 2300 3303 2373 Dionysius
3323 2317 3540 2373 cogno-

1901 2393 2097 2442 mento
2126 2389 2392 2457 Exiguus,
2424 2388 2523 2459 qui
2547 2405 2733 2445 annos
2749 2407 2782 2445 a
2806 2389 3120 2446 Nativitate
3141 2390 3354 2446 Christi
3377 2406 3542 2445 com-

1900 2483 2106 2548 putare
2136 2479 2311 2549 ccepit
2340 2495 2463 2532 tera:
2493 2478 2741 2550 vulgatae
2773 2484 2995 2548 auctor,
3027 2478 3260 2535 ordiens
3313 2477 3541 2550 cyolum

1901 2583 2077 2621 suum
2110 2566 2445 2637 paschalem
2477 2568 2549 2621 ab
2579 2584 2731 2623 anno
2759 2570 2883 2623 531.
2916 2567 3161 2640 Scripsit
3209 2567 3387 2623 etiam
3434 2583 3529 2622 an.

1897 2656 2004 2709 527
2035 2654 2290 2710 codicem
2322 2672 2614 2710 canonum
2642 2656 3166 2712 ecclesiesticorum
3198 2672 3228 2711 θ
3256 2655 3452 2713 Grieco
3482 2654 3542 2710 in

1898 2743 2168 2798 Latinum
2185 2742 2557 2809 translatum,
2594 2744 2694 2815 qui
2727 2745 2977 2801 habetur
3004 2745 3064 2801 in
3094 2743 3327 2801 Justelli
3355 2741 3537 2800 Bibli-

1899 2832 2103 2887 otheca
2125 2832 2287 2887 Juris
2317 2832 2602 2899 canonici,
2635 2837 2777 2887 tom.
2809 2834 2851 2900 Ι,
2884 2850 2943 2905 p.
2974 2835 3063 2888 97.
3087 2831 3533 2888 Chroniconau-

1899 2925 2017 2974 tem
2049 2919 2325 2991 scripisse
2355 2937 2468 2975 nou
2501 2921 2743 2991 reperio,
2776 2937 2880 2976 nec
2910 2920 3032 2992 ipse
3063 2920 3432 2976 Her-manuus
3463 2936 3538 2975 a-

1898 3007 2022 3062 liud
2054 3007 2162 3063 nisi
2195 3009 2322 3078 ejus
2360 3007 2599 3080 Cyclum
2629 3013 2814 3064 notat.

1969 3097 2223 3162 Quartus
2245 3102 2332 3152 est
2352 3097 2657 3163 Jordanes,
2681 3097 2812 3153 aliis
2832 3097 3180 3169 Jornandes,
3202 3097 3535 3169 episcopus,

1900 3190 1966 3239 ut
1995 3186 2217 3251 volunt,
2251 3186 2732 3252 Ravennatensis,
2763 3185 2864 3257 qui
2901 3186 3139 3257 scripsit
3195 3187 3279 3242 De
3328 3192 3541 3259 regno-

1899 3289 2029 3328 rum
2062 3290 2126 3328 ac
2156 3278 2487 3345 temporum
2518 3273 2888 3330 successione
2920 3289 3107 3345 usque
3136 3275 3209 3330 ad
3233 3290 3329 3329 an.
3384 3275 3494 3329 560
3512 3291 3536 3336 ;

155 3373 263 3417 esse
289 3364 583 3421 unde‘s'ua
603 3363 969 3436 deprompsit
990 3362 1378 3427 Hermannus,
1402 3366 1522 3416 tam
1543 3361 1787 3416 inferius
1817 3351 1860 3417 C
1900 3360 2155 3433 itemque
2187 3361 2500 3417 Historiam
2531 3362 2601 3416 de
2622 3361 2943 3417 Gothorum
2974 3362 3198 3433 origine
3228 3378 3415 3433 usque
3460 3362 3534 3418 ad

154 3458 311 3520 quam
340 3454 403 3509 in
461 3452 755 3509 Chronico
803 3451 928 3507 suis
972 3467 1236 3523 quosque
1282 3450 1426 3505 locis
1476 3451 1782 3504 adnotatos

152 3538 483 3599 videbimus.
523 3544 605 3599 De
635 3540 945 3614 praecipuis
974 3555 1130 3595 nunc
1162 3555 1365 3611 pauca.
1412 3539 1639 3592 Primus
1695 3541 1785 3591 est

152 3626 421 3688 Eusebius
465 3628 876 3696 Caesariensis,
937 3628 1158 3685 scilicet
1185 3630 1314 3697 eius
1372 3626 1693 3681 Chronicon
1750 3642 1785 3680 a

152 3704 356 3774 Christo
374 3722 523 3775 nato
545 3726 739 3791 usque
760 3718 829 3773 ad
855 3728 1075 3772 annum
1097 3718 1221 3781 327,
1246 3716 1400 3770 unde
1420 3715 1567 3770 illud
1585 3714 1786 3769 Latine

150 3806 177 3859 ι
198 3810 254 3862 se
279 3796 589 3865 redditum
618 3810 966 3880 prosecutus
997 3810 1085 3860 est
1101 3806 1159 3859 S.
1187 3805 1575 3876 Hieronymus
1598 3818 1786 3873 usque

152 3893 209 3948 ad
237 3911 456 3953 annum
490 3897 629 3962 379,
663 3895 746 3951 uti
780 3895 1030 3949 habetur
1068 3894 1127 3947 in
1159 3893 1436 3964 Scaligeri
1485 3893 1785 3946 Theseum

149 3982 485 4057 huporhm,
522 3986 623 4041 ad.
661 3984 841 4056 Lugd.
876 3983 1002 4038 Bat.
1036 3982 1436 4037 an.1606.Nec
1472 3997 1606 4035 vero
1637 3979 1784 4033 illud

150 4070 479 4144 simpliciter
499 4072 826 4144 descripsit
856 4075 1241 4135 Hermannus,
1265 4070 1365 4125 sed
1400 4068 1626 4140 potiora
1659 4072 1786 4122 tan-

150 4156 256 4215 tum
275 4168 402 4235 quae
424 4162 548 4219 sibi
568 4160 920 4217 videbantur
936 4158 1245 4230 excerpsit,
1279 4173 1345 4212 ac
1358 4155 1619 4213 nonuula
1648 4156 1785 4211 sub-

152 4242 302 4305 made
330 4251 455 4307 alia
478 4251 665 4307 ’Βεᾶῶ
695 4260 815 4322 pra
835 4247 1044 4321 primis
1069 4244 1649 4313 Chronico,inseruit.
1674 4246 1789 4299 Eu-

151 4336 275 4393 sebii
298 4342 508 4396 tamen
544 4336 933 4409 chroaoiogia
964 4336 1178 4407 sepius
1201 4335 1298 4389 hic
1325 4333 1564 4389 alterata
1594 4337 1702 4399 est,
1733 4336 1792 4388 et

149 4432 248 4481 uno
273 4426 717 4485 alterove-anno
738 4426 859 4481 sive
878 4429 1147 4498 promota
1168 4424 1287 4478 sive
1308 4423 1651 4495 postposita;
1674 4437 1792 4493 qua

150 4508 207 4568 de
235 4524 291 4571 re
327 4515 635 4589 legendus
648 4512 919 4571 Petavius
948 4514 1029 4568 De
1058 4510 1323 4567 doctrina
1348 4515 1703 4581 temporum,
1746 4509 1787 4562 1.

150 4598 213 4668 tit,
241 4610 364 4677 cap.
398 4605 455 4662 i.
491 4604 725 4662 Patitor
751 4592 1079 4657 Chronicon
1103 4598 1357 4665 Eusebii,
1379 4598 1539 4653 illius
1559 4614 1791 4670 quoque

1890 3466 2110 3505 annum
2138 3452 2262 3505 540.
2296 3453 2429 3517 Quae
2460 3465 2635 3520 opera
2664 3453 2890 3505 exstant
2918 3449 2979 3504 in
3012 3448 3313 3505 Muraturii
3370 3449 3523 3506 Scri-

1890 3539 2157 3611 ptoribus
2189 3539 2400 3594 Rerum
2434 3538 2783 3605 ltalicarum,
2813 3542 2958 3593 tom.
2991 3542 3037 3605 Ι,
3068 3554 3129 3610 p.
3162 3539 3263 3593 187
3294 3541 3353 3594 et
3379 3539 3508 3593 202.

1962 3627 2114 3681 Beda
2143 3626 2395 3698 denique
2422 3625 2783 3682 Venerabilis
2838 3631 3047 3698 praeter
3090 3643 3240 3698 opus
3286 3626 3371 3683 De
3426 3644 3529 3683 sex

1894 3715 2097 3770 mundi
2128 3716 2397 3770 aetatibus
2433 3732 2619 3785 usque
2648 3715 2721 3770 ad
2753 3732 2974 3770 annum
3005 3717 3128 3771 uati
3156 3715 3376 3771 Christi
3424 3716 3537 3770 624

1893 3805 2061 3876 (Opp.
2086 3808 2128 3859 t.
2156 3805 2224 3875 ll)
2241 3803 2479 3875 scripsit
2503 3810 2556 3859 et
2584 3804 2899 3859 Historiam
2922 3803 3377 3861 ecclesiasticam
3396 3818 3540 3875 gen-

1894 3892 1971 3948 tis
1991 3891 2311 3964 Auglorum
2330 3893 2498 3964 (Opp.
2524 3898 2565 3946 t.
2592 3893 2687 3963 lll)
2711 3893 2821 3947 sub
2845 3894 3013 3963 cujus
3036 3892 3273 3948 nomine
3293 3891 3543 3947 habetur

1897 3998 2131 4053 quoque
2161 3982 2328 4036 breve
2352 3980 2675 4036 Chronicon
2707 3996 2895 4052 usque
2932 3980 3005 4036 ad
3061 3996 3156 4036 an.
3216 3980 3323 4035 810
3377 3978 3535 4050 apud

1896 4072 1975 4125 du
2003 4070 2228 4124 Chesne
2257 4068 2295 4123 l.
2328 4083 2402 4134 c.,
2435 4073 2576 4123 tom.
2610 4068 2709 4135 ΙΙΙ,
2743 4084 2799 4139 p.
2833 4068 2961 4123 125.
3012 4135 3020 4140 .

1964 4157 2159 4229 Neque
2180 4163 2375 4211 tamen
2405 4172 2608 4212 omnes
2639 4156 2952 4228 scriptores
2987 4154 3277 4212 indicavit
3303 4152 3541 4212 Bernol-

1895 4247 2006 4302 dus
2035 4247 2190 4301 unde
2234 4246 2642 4317 depromptum
2675 4249 2763 4300 est
2814 4244 3134 4300 Hermanni
3189 4243 3539 4301 Chronicon.

1896 4334 2055 4390 Alios
2084 4334 2240 4389 enim
2296 4333 2485 4389 adhuc
2540 4332 2890 4400 deteximus,
2939 4348 3189 4404 quorum
3227 4339 3405 4405 opera
3448 4336 3542 4389 est

1898 4440 2060 4479 usus.
2094 4424 2174 4477 Ex
2205 4421 2296 4477 his
2326 4427 2644 4492 sequentes
2677 4420 3063 4493 potissimum
3095 4427 3390 4477 notamus.

1968 4511 2229 4583 Gregorii
2257 4510 2613 4565 Turonensis
2632 4509 2887 4565 Historia
2916 4508 3210 4579 Francica,
3242 4514 3422 4581 quam
3448 4509 3524 4565 ab

1901 4618 2053 4658 anno
2075 4602 2179 4657 458
2200 4615 2387 4671 usque
2415 4600 2485 4653 ad
2513 4614 2731 4653 annum
2752 4598 2849 4653 59-1
2877 4601 3280 4653 excurrentem
3301 4596 3542 4653 Parisiis

150 4686 444 4777 Etim-iam
518 4680 994 4749 ecclesiasticam
1073 4693 1408 4743 Hermauno
1480 4687 1793 4777 inservisse
1822 4713 1869 4777 Β
1901 4706 1997 4745 an.
2029 4690 2168 4744 i699
2199 4688 2380 4743 edidit
2407 4686 2803 4777 Theodericus
2833 4685 3079 4777 Ruinart
3102 4703 3117 4754 ;
3138 4685 3245 4777 cui
3291 4684 3543 4777 subjecit

149 4776 394 4847 {duribus
425 4788 499 4838 ex
523 4777 682 4837 locis
700 4779 903 4851 liquet.
930 4777 1151 4835 Prodiit
1170 4792 1240 4833 ex
1260 4777 1594 4833 recensione
1616 4776 1787 4830 Henr.

151 4866 337 4926 Valesii
366 4872 672 4945 Augustae
703 4866 1097 4923 Taurinorum
1124 4866 1398 4921 an.1746.

203 4958 350 5016 Mter
377 4965 477 5017 est
500 4956 775 5029 Prosper
826 4955 1183 5028 Aquitanus,
1217 4955 1317 5026 qui
1365 4953 1689 5009 Chronicon
1720 4954 1792 5008 ab

150 5048 424 5119 meum,
461 5054 594 5121 quo
617 5044 798 5101 desiit
824 5044 1228 5115 Hieronymus,
1263 5058 1450 5114 usque
1470 5043 1541 5097 ad
1573 5059 1792 5097 annum

148 5124 562 5211 ﬁperalxit.
599 5130 867 5192 litabatur
888 5132 952 5188 id
991 5133 1050 5188 in
1109 5132 1313 5187 eodem
1366 5130 1683 5203 Scaligero,
1738 5134 1796 5187 et

149 5220 275 5297 apud
307 5225 389 5284 du
421 5226 675 5284 caesus
708 5212 922 5294 Script.
950 5222 1178 5286 Franc.,
1210 5226 1352 5274 tom.
1380 5220 1423 5286 Ι,
1454 5236 1511 5292 ρ.
1546 5222 1667 5283 196,
1693 5237 1796 5275 nec

149 5322 242 5369 non
272 5316 328 5371 in
354 5314 589 5372 Graevti
610 5308 914 5368 Thesauro
937 5310 1132 5381 Antiq.
1160 5310 1430 5373 Romam,
1455 5313 1596 5363 tom.
1622 5310 1715 5375 XI,
1739 5326 1796 5381 p.

146 5396 249 5472 312,
281 5405 551 5462 maxime
576 5398 1259 5471 inProsperiOperibus,
1300 5396 1439 5453 edit.
1464 5397 1666 5453 Venet.
1700 5413 1794 5452 an.

148 5486 288 5550 1744.
1710 5530 1711 5533 η

200 5574 703 5638 Continuatorem
733 5575 787 5632 is
813 5574 1024 5632 habuit
1050 5590 1240 5646 usque
1292 5573 1365 5630 ad
1413 5589 1634 5629 annum
1685 5576 1794 5629 565

145 5658 419 5727 Victorem
452 5669 826 5743 episcopum
857 5665 1277 5720 Tuuuneusem
1308 5663 1367 5717 iu
1425 5664 1638 5733 Africa,
1693 5664 1792 5734 qui

147 5758 243 5815 uiis
268 5762 402 5817 eam
428 5753 895 5817 continuatione
912 5752 1160 5811 Joannis
1177 5750 1547 5809 Biclariensis
1568 5751 1797 5808 abbatis

1902 4780 2030 4850 ejus
2049 4778 2340 4849 epitomen
2363 4792 2465 4847 per
2484 4773 3290 4846 FredegariumScolasticum
3308 4775 3544 4841 iactam,

1900 4867 2192 4938 hujusque
2220 4870 2277 4920 et
2305 4864 2553 4919 aliorum
2584 4864 3061 4919 continuatioues
3092 4879 3281 4934 usque
3306 4863 3383 4919 ad
3438 4879 3547 4917 an-

1902 4971 2043 5010 num
2074 4956 2335 5024 768,qua3
2356 4952 2552 5007 omnia
2572 4951 2631 5006 in
2651 4951 2939 5024 Bouqueti
2960 4967 3199 5023 quoque
3222 4951 3403 5007 citata
3416 4949 3549 5007 C‘ol-

1902 5042 2395 5108 lectione,tom.ll.
2432 5058 2487 5112 p.
2512 5041 2581 5094 74
2610 5055 2799 5113 seqq.,
2853 5040 3164 5107 habentur,
3216 5044 3549 5112 temporum

1902 5137 2100 5188 tamen
2130 5130 2351 5186 ratione
2382 5128 2549 5185 aliter
2579 5127 2869 5184 mounihil
2902 5128 3220 5185 subducta.

1976 5219 2179 5276 Isidori
2211 5217 2572 5289 Hispalensis
2596 5217 2921 5273 Chronicon
2954 5233 3145 5288 usque
3186 5217 3260 5273 ad
3315 5232 3539 5274 annum

1904 5312 2010 5364 626
2038 5314 2224 5363 exstat
2254 5310 2405 5361 inter
2433 5308 2560 5377 ejus
2591 5322 2787 5377 opera,
2810 5311 2955 5361 tom.
2979 5305 3002 5361 Ι
3032 5304 3419 5361 edit.Madrit.
3447 5316 3545 5360 an.

1906 5400 2066 5453 1⁸778.

1974 5484 2240 5557 Pr000pii
2267 5482 2637 5540 Caesariensis
2668 5482 2922 5539 Historia
2954 5482 3030 5540 De
3089 5480 3242 5538 bello
3295 5476 3543 5535 Gothico

1905 5575 1977 5633 ab
2008 5590 2160 5629 anno
2185 5575 2288 5627 489
2313 5588 2500 5643 usque
2528 5572 2635 5626 552
2663 5570 2911 5626 habetur
2938 5569 2995 5624 in
3024 5564 3316 5623 Muratorii
3343 5562 3544 5634 Serip-

1904 5659 2633 5727 toribusRer.Ital.,tom.l,
2667 5676 2722 5731 p.
2751 5660 2875 5726 M3,
2911 5656 2992 5711 uti
3023 5661 3082 5710 et
3108 5649 3267 5708 Pauli
3292 5649 3539 5705 Diaconi

1904 5751 2038 5808 libri
2063 5766 2121 5806 Vl
2151 5754 2229 5806 De
2259 5746 2440 5820 gestis
2470 5745 2977 5818 Langobardorum
3006 5740 3080 5796 ab
3101 5753 3193 5795 an.
3213 5734 3322 5790 568
3344 5746 3539 5805 usque
