3940 6356
359 460 432 525 8!
1133 461 1617 526 HERMANNUS
1661 458 2173 525 CONTRACTUS
2218 459 2569 523 MONACH.
2618 461 2982 528 AUGIENS.
3173 471 3178 474 '
3680 459 3756 525 52

358 595 487 661 744,
519 593 561 650 l.
595 610 671 663 c.,
703 609 760 668 p.
793 593 920 661 396,
953 599 1010 651 et
1038 613 1166 668 quas
1195 597 1304 651 sub
1335 597 1464 666 ejus
1495 595 1730 650 nomine
1751 594 1998 649 circum-
2025 596 2081 660 Α
2108 593 2254 650 tium
2286 594 2410 651 loco
2440 595 2716 652 inservire
2743 595 2963 668 possit:
3013 593 3076 652 in
3135 610 3252 668 quo
3307 592 3557 667 insuper
3613 593 3755 650 anni

361 682 548 739 fertur
573 681 826 760 Historia
848 683 1104 740 Miscella
1132 701 1318 757 usque
1347 685 1418 739 ad
1452 699 1670 739 annum
1703 685 1827 751 813,
1861 681 2014 738 ibid._

363 788 496 846 pag.
527 772 583 828 4.

431 861 774 918 Anastasius
803 863 863 918 S.
898 862 962 917 R.
997 862 1055 916 E.
1090 861 1564 917 bibliothecarius
1585 859 1798 916 saeculo
1819 877 1876 915 ix
1895 859 2000 914 Vi-

359 952 452 1006 tas
480 951 875 1006 Romanorum
899 949 1238 1022 pontiﬁcum
1268 949 1543 1022 scripisse
1563 949 1840 1012 creditur,
1872 965 1999 1019 quae

361 1038 575 1112 saepius
603 1039 862 1112 quidem,
893 1039 1108 1111 optime
1151 1044 1346 1094 tamen
1389 1039 1580 1094 Romae
1632 1055 1728 1092 an.
1789 1039 1923 1092 1718
1967 1053 2001 1091 a

360 1127 564 1184 Franc.
597 1128 901 1184 Bianchini
930 1129 1093 1183 editas
1125 1127 1489 1200 prodierunt.

430 1216 752 1288 Hepidanni
781 1215 1220 1272 San-Gallensis
1239 1216 1508 1271 monachi
1534 1215 1788 1271 Annales
1810 1215 1882 1270 ab
1904 1231 1998 1270 an-

363 1321 438 1360 no
464 1306 574 1360 709
615 1321 804 1376 usque
838 1305 1053 1372 4041,8i
1085 1321 1200 1361 non
1233 1304 1387 1360 inter
1423 1305 1792 1370 fontes,certe
1849 1302 2001 1358 inter

357 1393 628 1450 subsidia
681 1393 994 1449 Hermanni
1057 1393 1516 1450 connumerandi
1563 1393 1995 1458 videntur,cum

359 1482 622 1556 proxime
643 1483 714 1538 ad
731 1483 860 1553 ejus
878 1487 1142 1554 tempora
1159 1487 1217 1538 et
1236 1481 1493 1538 locorum
1517 1481 1790 1536 viciniam
1834 1497 2001 1536 accc-

362 1571 638 1636 dant,etsi
669 1571 824 1626 hunc
847 1571 1225 1642 Hepidannus
1253 1569 1652 1641 supervixerit.
1689 1570 1806 1624 Hos
1839 1569 1997 1624 exhi-

363 1658 463 1714 bet
489 1659 567 1714 du
590 1658 816 1714 Chesne
839 1659 1062 1714 tom.lII
1084 1663 1140 1714 et
1154 1657 1494 1714 Goldstatus
1516 1657 1554 1714 Ι.
1590 1676 1606 1712 ι
1637 1658 1997 1728 Scriptorum

363 1761 476 1803 rer.
497 1746 1026 1814 Alcmannicarum,
1059 1763 1194 1802 eum
1225 1745 1353 1802 aliis
1375 1747 1635 1816 ejusdem
1661 1745 2001 1801 monasterii

365 1834 749 1907 scriptoribus
790 1833 888 1904 qui
947 1850 1048 1906 pro
1100 1837 1430 1888 Hermanno
1489 1831 1836 1888 illustrando
1894 1850 1994 1888 seu

363 1923 764 1979 conﬁrmando
795 1922 1034 1978 faciunt.

433 2010 759 2078 Principem
787 2027 920 2067 vero
942 2011 1357 2066 Hermanniani
1382 2010 1647 2066 Chronici
1680 2011 1895 2065 fontem
1927 2011 1998 2065 ab

364 2116 516 2155 anno
543 2100 649 2155 614
675 2116 862 2170 usque
881 2099 953 2153 ad
978 2116 1068 2154 an.
1102 2099 1210 2152 900
1231 2097 1396 2153 facile
1425 2099 1791 2153 constituunt
1818 2100 2003 2153 Anna-

357 2195 444 2253 les
459 2195 799 2260 Fuldenses,
824 2196 894 2250 ab
915 2211 1204 2267 anonymo
1226 2210 1427 2250 eorum
1449 2195 1730 2265 scriptore
1753 2194 1999 2250 Fulden-

363 2285 412 2341 si
444 2284 729 2340 monacho
751 2285 831 2338 ita
853 2283 1216 2356 nuncupati;
1249 2283 1402 2354 quod
1449 2284 1572 2354 ipse
1618 2300 1818 2354 presso
1861 2284 2003 2354 pede

364 2373 648 2444 sequitur,
691 2377 748 2428 et
780 2375 1004 2427 mutato
1031 2372 1320 2426 intercum
1352 2371 1500 2442 style
1541 2371 1848 2426 contrahit.
1905 2373 2002 2426 At-

367 2477 482 2533 que
507 2459 609 2516 ubi
637 2461 734 2516 isti
765 2460 1047 2515 deﬁciunt
1075 2465 1179 2514 aut
1207 2459 1739 2524 desinunt,brevior
1771 2476 2004 2532 quoque

368 2565 579 2606 rursus
606 2549 812 2620 incipit
840 2564 968 2604 esse
997 2548 1452 2614 Hermannus,et
1482 2549 1796 2620 lteginonis
1827 2548 2005 2604 conti-

367 2641 675 2694 nuatorem
709 2653 896 2708 usque
927 2637 995 2691 ad
1029 2653 1125 2692 an.
1157 2637 1262 2691 972
1279 2637 1500 2708 passim
1532 2637 1612 2691 ita
1639 2637 2006 2709 exprimit,ut

368 2725 616 2782 dubium
646 2725 742 2781 vix
771 2742 885 2780 non
919 2724 1170 2780 suboriri
1219 2725 1404 2798 possit
1457 2742 1529 2781 an
1561 2743 1675 2782 non
1730 2726 1840 2782 sub
1896 2725 2004 2782 hoc

369 2813 774 2870 continuatore
797 2814 920 2886 ipse
968 2813 1340 2869 Hermannus
1369 2813 1581 2881 lateat;
1637 2814 1914 2886 pleraque
1943 2831 2002 2870 e-

377 2902 503 2958 nim
532 2901 908 2974 particularia
937 2901 1208 2957 viciniam
1240 2907 1499 2958 nostram
1556 2903 2006 2975 dieecessimque

361 2989 867 3048 Constantiensem
888 2994 1264 3046 concernunt.

436 3078 599 3142 Quod
629 3077 826 3150 ipsum
856 3077 1030 3132 etiam
1063 3078 1198 3133 fecit
1219 3081 1613 3146 Hermannus,
1634 3079 1731 3134 ubi
1755 3078 2008 3135 Annales

365 3165 684 3224 Fuldenses
727 3166 1027 3238 excerpsil,
1079 3166 1296 3238 quibus
1341 3167 1551 3222 seriem
1612 3168 2008 3224 Romanorum

359 3255 702 3329 pontificum
719 3259 776 3310 et
787 3255 862 3311 Co
873 3255 1213 3318 nstantiensi
1225 3273 1321 3310 um
1335 3255 1673 3327 episcoporu
1685 3273 1760 3325 m,
1779 3273 1880 3312 nec
1895 3273 2008 3311 non

2027 1958 2074 2022 B

2110 684 2312 740 omissi
2343 688 2447 740 aut
2466 683 2620 740 idem
2639 683 3024 756 habentquod
3047 681 3600 756 Augiensis,autut
3627 682 3759 756 plu-

2111 771 2325 828 rimum
2349 773 2510 828 vacui
2537 778 2696 829 sunt.
2725 775 2972 829 Caeteros
2993 789 3125 830 vero
3148 789 3294 828 mss.
3317 771 3554 830 codices
3577 789 3757 846 supra

2109 861 2395 918 indicatos
2424 863 2710 919 notandus
2740 861 2893 918 haud
2923 861 3292 928 censuimus.
3319 861 3479 934 quod
3539 861 3755 934 partim

2109 950 2434 1007 innumeris
2466 950 3013 1024 interpolationibus
3043 953 3332 1018 scateant,
3363 948 3581 1022 partim
3627 965 3759 1006 cum

2108 1037 2227 1094 illis
2261 1055 2409 1110 quos
2439 1039 2670 1094 edimus
2700 1039 2759 1095 in
2791 1037 3100 1112 praecipuis
3129 1038 3340 1094 saltem
3383 1038 3758 1101 conveniant.

2109 1126 2309 1183 Solum
2341 1128 2414 1184 ad
2445 1126 2718 1183 ultimum
2749 1126 3063 1183 Hermanni
3093 1125 3594 1199 decennium,quo
3625 1142 3759 1182 cum

2107 1216 2385 1288 Augiensi
2400 1217 2772 1282 concordant,
2790 1220 2892 1272 aut
2905 1232 3179 1272 mancum
3191 1215 3497 1289 supplent,
3510 1215 3760 1272 Gottwi-

2107 1321 2342 1361 censem
2371 1310 2430 1361 et
2459 1305 2790 1361 Murensem
2820 1304 3045 1362 codices
3096 1305 3305 1378 primis
3354 1306 3482 1362 suis
3537 1303 3753 1364 litteris

2108 1396 2400 1449 notamus.

2180 1480 2628 1553 Chronologiam
2661 1498 2829 1554 porro
2857 1481 2915 1537 in
2946 1481 3245 1538 codicibus
3276 1481 3649 1539 observatam
3693 1499 3760 1538 ex

2109 1587 2288 1644 supra
2308 1572 2440 1642 jum
2472 1571 2643 1626 dictis
2663 1571 2942 1627 intactam
2963 1571 3518 1644 ubiqueservamus,
3537 1571 3759 1628 subno-

2109 1663 2248 1729 tato,
2281 1660 2467 1715 sicubi
2499 1664 2656 1716 certo
2703 1659 3084 1726 aberraverit,
3143 1657 3397 1732 genuino
3454 1664 3758 1731 gestorum

2109 1765 2282 1804 anno.
2315 1747 2805 1820 Ortbographiam
2835 1765 2990 1815 vero,
3023 1747 3081 1802 in
3107 1747 3448 1804 nominibus
3467 1747 3763 1820 pracipue

2108 1837 2586 1908 propriis,nostro
2600 1837 2848 1908 tempori
2864 1852 3183 1908 congruam
3202 1835 3761 1909 adoptavimus,non

2109 1923 2268 1981 illam
2294 1923 2353 1980 in
2383 1925 2560 1981 variis
2579 1925 2878 1982 codicibus
2909 1930 3213 1998 tantopere
3243 1925 3564 1992 diversam,
3596 1929 3657 1982 et
3689 1943 3760 1982 ex

2109 2013 2458 2085 scriptorum
2491 2031 2642 2086 saepe
2675 2013 3086 2086 imperitorum
3117 2013 3289 2086 genio
3319 2014 3668 2086 profectam,
3691 2031 3763 2070 ne

2109 2101 2424 2158 lectoribus
2465 2101 2768 2158 fastidium
2799 2120 2867 2159 ex
2893 2106 2980 2158 tot
3000 2101 3351 2158 soluacismis
3379 2102 3565 2158 textui
3614 2101 3764 2159 alias

2109 2191 2454 2260 inserendis,
2479 2207 2545 2247 ac
2573 2191 2706 2248 dein
2743 2209 2846 2263 per
2875 2192 3222 2262 subjunctas
3250 2190 3546 2247 variantes
3577 2191 3760 2247 corri-

2111 2279 2318 2351 gendis
2348 2280 2707 2352 ingeramus.
2741 2283 2877 2347 Quae
2915 2279 3045 2352 ipsa
3071 2296 3307 2352 quoque
3323 2279 3472 2336 ratio
3494 2283 3587 2336 est
3601 2280 3761 2353 quod

2112 2367 2458 2424 variationes
2489 2368 2548 2424 in
2576 2369 2880 2440 hucusque
2901 2367 3072 2424 editis
3091 2372 3464 2425 occurrentes
3492 2367 3763 2424 omiseri-

2114 2474 2268 2521 mus,
2300 2457 2516 2528 quippe
2543 2475 2673 2530 quze
2694 2457 2942 2514 lectores
2999 2461 3103 2513 aut
3131 2461 3379 2530 gravant
3407 2461 3514 2512 aut
3567 2456 3782 2529 impe-.

2114 2545 2302 2612 diunt,
2335 2562 2402 2600 ac
2434 2545 2672 2618 insuper
2701 2544 2834 2600 libri
2896 2544 3109 2602 molem
3157 2546 3376 2602 frustra
3416 2545 3762 2618 adaugent:

2113 2633 2285 2689 editis
2316 2632 2606 2706 siquidem
2637 2632 3070 2706 exemplaribus
3100 2632 3396 2700 instructi,
3428 2649 3528 2689 eas
3559 2649 3632 2689 ex
3652 2633 3768 2689 col-

2112 2720 2231 2776 lata
2249 2728 2453 2778 nostra
2480 2722 2734 2777 editione
2763 2720 2928 2778 facile
2957 2721 3261 2795 detegent;
3293 2721 3397 2793 qui
3419 2724 3620 2777 autem
3645 2720 3769 2778 illis

2114 2809 2534 2878 destituuntur,
2552 2827 2748 2866 mearu
2769 2810 3062 2881 jacturam
3094 2809 3251 2865 haud
3284 2813 3524 2882 gravate
3553 2809 3768 2880 ferent,

2115 2914 2262 2970 quos
2277 2899 2534 2970 genuina
2555 2899 2839 2954 factorum
2855 2897 3110 2955 narratio
3126 2915 3196 2955 ex
3219 2915 3364 2970 puro
3386 2898 3545 2954 fonte
3569 2899 3768 2972 magis

2013 3041 2018 3045 .
2108 2987 2338 3058 juvabit
2365 3003 2544 3059 quam
2578 2985 2893 3042 lectionum
2939 2990 3242 3058 tantopere
3273 2987 3770 3058 discrepantium,

2117 3079 2176 3131 et
2202 3092 2466 3132 errorum
2499 3091 2650 3147 saepe
2681 3093 2747 3132 ex
2769 3075 2944 3132 variis
2974 3075 3332 3132 editionibus
3389 3075 3772 3133 accumulata

2118 3163 2610 3236 farrago.Cunctis
2640 3163 2734 3220 his
2747 3165 2986 3220 demum
3003 3167 3152 3220 nota)
3183 3163 3435 3220 subinde
3453 3163 3526 3220 ad
3540 3161 3772 3221 calcem

2122 3251 2442 3319 adduntur,
2477 3251 2576 3306 ubi
2606 3251 2692 3306 eis
2723 3250 2844 3306 sive
2873 3251 2945 3306 ad
2961 3249 3374 3322 corrigendum
3394 3249 3514 3306 sive
3532 3250 3605 3306 ad
3630 3249 3773 3308 illu-

364 3323 1328 3416 AugiensiumetSan-Gallensiam
1350 3323 1627 3399 abbatum
1649 3323 1753 3400 aut
1781 3346 1852 3401 de
1881 3361 1988 3400 suo
2025 3323 2068 3389 (ἶ
2115 3340 2424 3395 strandum
2454 3340 2856 3396 Hermannum
2887 3356 3036 3412 cpus
3065 3338 3264 3402 fuerit,
3295 3354 3491 3410 eaeque
3522 3339 3773 3411 potissi-

361 3437 465 3488 aut
491 3431 1016 3488 aliundehaustum
1033 3431 1607 3488 addidit.Ediderunt
1623 3433 1796 3490 hosce
1811 3444 2008 3488 Anna-

357 3519 446 3577 les
475 3519 778 3586 Freherus,
814 3519 1124 3586 Pittheus,
1183 3520 1260 3575 du
1322 3520 1568 3584 Chesne,
1625 3526 1682 3578 et
1735 3523 2004 3578 omnium

375 3609 595 3680 optime
623 3611 686 3664 P.
719 3606 1008 3662 Martinus
1037 3607 1301 3679 Bouquet
1327 3607 1385 3662 in
1416 3626 1566 3680 saepe
1595 3609 1832 3666 laudata
1879 3609 2010 3666 Col-

373 3695 620 3752 lecticne
649 3711 752 3766 per
773 3700 986 3767 partes,
1018 3699 1160 3750 tom.
1192 3695 1260 3765 Il,
1293 3695 1360 3764 V,
1393 3697 1462 3751 Vl
1488 3702 1544 3752 et
1565 3697 1679 3764 Vll,
1705 3699 1803 3754 ubi
1828 3700 2007 3755 etiam

377 3783 789 3856 depravantam
819 3799 971 3855 saepe
1001 3781 1435 3855 cbronologiam
1481 3787 1832 3843 emendavit.

730 3919 757 3983 §
789 3914 880 3971 IV.
914 3946 981 3955 --
1007 3917 1176 3972 Nam:
1205 3915 1460 3972 (editionis
1493 3919 1653 3973 ratio.

443 4048 602 4106 XXV.
635 4049 717 4104 Ex
746 4049 838 4105 his
861 4049 986 4124 jam
1019 4048 1162 4104 satis
1194 4053 1390 4122 patere
1437 4051 1792 4107 arbitramur
1849 4070 2008 4108 novas

373 4156 409 4196 a
433 4139 603 4194 nobis
633 4147 917 4210 susceptas
947 4137 1223 4194 editionis
1273 4139 1579 4196 rationem.
1609 4140 1768 4197 Hanc
1799 4159 1866 4197 ex
1895 4147 2012 4197 Au-

373 4226 562 4300 giensi
593 4226 811 4293 codice,
845 4227 894 4281 si
920 4244 1032 4281 non
1063 4225 1378 4283 Hermanni
1411 4228 1598 4300 ipsius
1643 4231 2007 4302 autographo

375 4315 574 4387 (quod,
606 4314 911 4371 deﬁciente
941 4314 1133 4386 aliquo
1163 4317 1292 4386 ejus
1322 4333 1563 4388 cperum
1595 4319 1830 4390 propria
1851 4317 2010 4376 illius

374 4397 553 4460 manu
575 4403 887 4475 descripto,
929 4403 1079 4458 unde
1103 4403 1590 4462 decharaeterum
1619 4405 2008 4463 similitudine

367 4489 623 4564 judicari
655 4495 872 4564 posset,
903 4491 1195 4547 allirmare
1225 4492 1380 4548 haud
1401 4493 1576 4564 licet),
1603 4495 1881 4566 primario
1898 4495 2011 4551 sal-

369 4587 490 4638 tem
520 4585 580 4638 et
607 4580 894 4648 omnium,
928 4580 1081 4652 quod
1095 4579 1400 4652 hucusque
1422 4582 1711 4638 detectum
1733 4584 1828 4650 sit,
1859 4585 2008 4638 anti-

2119 3444 2283 3483 mum
2315 3429 2528 3484 strictas
2556 3429 2858 3496 duntaxat,
2894 3445 2964 3484 ne
2994 3425 3504 3484 observationibus
3533 3431 3770 3486 textum

2121 3516 2298 3572 nimis
2329 3517 2590 3587 augendo
2622 3534 2735 3572 non
2766 3522 2886 3572 tam
2917 3515 3162 3572 alterius
3207 3515 3536 3572 Chronicon
3591 3517 3773 3574 edere

2119 3622 2295 3678 quam
2329 3623 2540 3662 novum
2571 3624 2638 3661 ex
2666 3606 2844 3662 variis
2891 3605 3142 3661 condere
3195 3603 3521 3661 videamur.
3575 3605 3772 3664 Utiles

2119 3699 2348 3751 tantum
2380 3712 2508 3751 esse
2538 3700 2737 3750 nostra
2792 3693 2900 3750 hac
2955 3692 3209 3750 editione
3255 3697 3556 3764 Optamus,
3612 3695 3780 3766 quod

2119 3783 2358 3854 quidem
2389 3783 2438 3839 si
2468 3781 2919 3852 obtinuerimus,
2952 3786 3010 3838 et
3040 3781 3258 3838 nostris
3286 3786 3344 3837 et
3393 3781 3778 3840 eruditorum

2120 3871 2272 3927 votis
2301 3871 2521 3928 factum
2552 3871 2664 3927 erit
2693 3870 2857 3928 satis.

2119 3981 2148 4047 §
2202 3981 2270 4033 V.
2303 4009 2372 4018 —
2406 3983 2486 4034 De
2540 3977 2855 4104 Bertholdg,
2904 3977 3206 4104 [felt-(manui
3261 3977 3655 4035 continuatore
3716 3984 3784 4035 et

2833 4065 2968 4104 ucw
3029 4064 3081 4104 ο.

2833 4064 3081 4120 imputo.

2191 4136 2492 4193 XXVI.Hic
2505 4137 2631 4208 jam
2649 4137 2720 4192 de
2741 4137 2868 4210 ipso
2889 4136 3220 4193 Hermanno
3243 4135 3514 4192 Chronici
3531 4141 3785 4196 auctore

2121 4225 2388 4300 pluribus
2417 4225 2824 4281 disserendum
2860 4225 3030 4292 foret,
3061 4223 3218 4295 quod
3236 4228 3546 4291 tamen,ne
3559 4225 3782 4282 eadem

2121 4332 2272 4388 saepe
2303 4319 2558 4386 repetere
2590 4331 2824 4370 necesse
2853 4313 2950 4378 sit,
2973 4313 3045 4368 ad
3076 4311 3270 4368 Vitam
3293 4312 3423 4382 ejus
3444 4312 3786 4372 diﬂ'erenda

2119 4419 2450 4469 censemus,
2481 4418 2660 4474 quam
2691 4417 2872 4474 supra
2891 4401 3183 4468 dedimus,
3212 4417 3248 4456 a
3267 4399 3584 4457 Bertholdo
3609 4400 3787 4460 illius

2119 4491 2407 4564 discipulo
2432 4497 2490 4548 et
2520 4491 2708 4562 primo
2737 4489 3140 4546 continuatore
3169 4489 3550 4561 descriptam,
3597 4493 3785 4564 cuius

2119 4581 2295 4638 etiam
2349 4578 2708 4636 continuatio
2762 4578 2836 4634 ab
2889 4594 3042 4634 anno
3097 4578 3239 4634 4054
3300 4593 3490 4650 usque
3538 4579 3689 4636 1066
3719 4581 3783 4638 in

371 4669 658 4742 quissimo
689 4667 1044 4742 apograpbo,
1075 4685 1162 4736 ac,
1183 4671 1341 4741 quod
1371 4675 1548 4742 caput
1568 4675 1676 4738 est,
1706 4671 2010 4742 hucusque
2045 4682 2086 4746 υ
2119 4669 2293 4726 editis
2321 4668 2658 4724 immediate
2689 4667 3001 4738 subjicitur
3032 4667 3388 4733 Hermanno,
3419 4665 3647 4724 omissa
3682 4674 3786 4726 ta-

371 4759 614 4828 inedito,
646 4758 1042 4815 adornandam
1075 4759 1468 4829 suscepimus,
1502 4757 1752 4812 aliorum
1773 4775 2010 4830 quoque

372 4863 698 4903 coaevorum
729 4847 847 4902 fere
879 4846 1144 4901 codicum
1167 4845 1390 4900 suﬁulti
1422 4846 1709 4902 subsidio.

439 4935 604 4990 Hunc
633 4935 867 5006 quidem
890 4934 1145 5006 primum
1167 4934 1532 4988 fundamenti
1549 4934 1674 4990 loco
1693 4935 1998 5006 posuimus

369 5024 606 5080 resectis
637 5023 772 5078 inde
801 5022 1162 5095 quibuslibet
1191 5021 2000 5096 additionibussiveinterpo-

365 5111 682 5169 laticnibus
733 5131 768 5168 a
823 5111 1139 5184 posteriore
1196 5127 1374 5165 manu
1434 5109 1760 5168 indubitate
1809 5113 1998 5181 factis,

365 5201 605 5258 retentis
636 5202 920 5256 duntaxat
951 5198 1064 5254 illis
1094 5217 1220 5270 qua:
1253 5198 1440 5253 dubia:
1473 5199 1663 5253 adhuc
1711 5207 1870 5268 sunt,
1928 5203 1998 5257 dc

365 5291 580 5362 quibus
603 5291 725 5360 jam
759 5287 1695 5359 superiusactuui.Uuilibctanno
1710 5305 1808 5343 seu
1826 5291 1995 5358 facto,

363 5378 554 5450 quoad
585 5379 715 5448 ejus
746 5377 869 5430 fieri
901 5376 1086 5440 licuit,
1119 5375 1353 5430 adimus
1409 5379 1594 5430 fontes
1653 5378 1806 5432 unde
1862 5378 2004 5433 Her-

363 5481 618 5521 mannus
648 5463 917 5520 hausisse
949 5461 1300 5534 deprehendi
1330 5463 1534 5533 potuit.
1569 5464 1710 5518 Eum
1745 5465 1802 5520 in
1835 5482 2004 5538 supe-

363 5554 513 5609 riore
541 5552 756 5626 pagina
785 5552 974 5606 verbis
997 5551 1226 5605 CODEX
1256 5551 1631 5608 AUGIENSIS
1651 5552 1999 5625 indicamus,

361 5641 510 5696 Huic
540 5640 654 5695 alio
668 5639 998 5694 charactere
1020 5639 1368 5710 subjicimus
1389 5641 1702 5694 Hermanni
1727 5659 2000 5714 compen-

363 5728 525 5783 dium
559 5745 627 5783 ex
643 5727 1003 5796 autographo
1025 5727 1350 5782 Monacensi
1371 5729 1566 5784 codice
1583 5729 1848 5786 Bernoldi
1871 5735 2000 5802 ejus

363 5816 599 5873 nomine
629 5819 1032 5886 praenotatum,
1064 5817 1215 5888 quod
1239 5816 1406 5888 quasi
1437 5815 1750 5893 lectionum
1772 5819 1998 5876 varian-

2121 4775 2253 4813 nzen
2285 4759 2415 4829 ejus
2447 4758 2598 4825 Vita,
2621 4757 2789 4828 cujus
2818 4755 2944 4812 loco
2965 4772 3211 4828 parvum
3228 4754 3485 4827 elogium
3505 4755 3782 4829 ponitur.

2117 4845 2288 4902 Solus
2317 4845 2624 4912 Urstisius,
2654 4844 2818 4902 ﬁnito
2848 4843 3166 4901 Hermanni
3196 4843 3484 4900 Chronico
3499 4851 3637 4918 post
3667 4864 3781 4906 an-

2111 4951 2254 4989 num
2288 4935 2446 5000 1054,
2479 4934 2538 4989 in
2569 4949 2680 4989 sua
2707 4931 2965 4990 editione
2995 4937 3340 5005 sequentem
3371 4932 3778 4993 continuatio-

2110 5040 2246 5078 nem
2277 5021 2672 5094 distinguit,in
2703 5037 2770 5077 eo
2800 5027 2996 5077 tamen
3013 5021 3292 5094 deceptus
3313 5023 3468 5094 quod
3483 5038 3618 5080 eam
3633 5026 3783 5082 sub-

2109 5111 2431 5168 dubitando
2449 5110 2666 5165 tribuat
2677 5109 2986 5166 Bertholdo
3013 5108 3474 5179 Constantiensi,
3493 5111 3674 5182 cujus
3696 5116 3784 5169 ta-

2109 5216 2240 5254 men
2275 5215 2406 5254 mox
2434 5199 2506 5254 ab
2563 5198 2726 5254 initio
2784 5197 3080 5254 diversum
3139 5197 3468 5256 Chronicon
3532 5199 3777 5275 addidit

2114 5293 2254 5342 tum.
2285 5288 2305 5342 l
2337 5287 2922 5358 Scriptor.German.,
2957 5305 3012 5359 p.
3045 5287 3174 5342 339.
3193 5291 3300 5343 Ast
3320 5287 3613 5344 miramur
3641 5289 3776 5348 viro

2111 5374 2257 5430 alias
2288 5381 2380 5430 sat
2410 5374 2730 5446 perspicaci
2765 5373 2873 5430 hoc
2889 5375 3205 5447 subrepere
3232 5375 3497 5446 potuisse
3518 5379 3606 5446 ut,
3625 5393 3772 5434 cum

2111 5464 2258 5519 duas
2289 5464 2428 5518 adeo
2457 5462 2609 5518 inter
2637 5478 2699 5518 se
2729 5462 2986 5520 diversas
3007 5463 3476 5521 continuationes
3498 5481 3622 5538 pm
3643 5484 3775 5524 ma-

2111 5552 2284 5608 nibus
2309 5549 2598 5617 habuerit,
2633 5551 2904 5608 eumdem
2938 5555 3134 5609 tamen
3193 5550 3506 5625 utriusque
3552 5559 3769 5612 aucto-

2110 5658 2232 5695 rem
2261 5640 2346 5696 vel
2367 5641 2401 5694 d
2413 5639 2507 5695 ubi
2518 5640 2694 5695 tando
2709 5639 3128 5697 existimaverit
3139 5682 3152 5700 .
3163 5643 3444 5698 Auctores
3457 5657 3592 5700 vero
3611 5643 3769 5702 fuis-

2109 5745 2170 5784 se
2189 5729 2449 5784 diversos
2471 5733 2857 5801 presterquam
2888 5730 3044 5802 quod
3075 5729 3190 5786 alia
3219 5730 3336 5786 fere
3365 5729 3618 5802 quilibet
3647 5733 3771 5790 fac-

2103 5821 2165 5873 ta
2189 5831 2376 5886 usque
2389 5817 2458 5872 ad
2478 5832 2572 5872 an.
2596 5815 2738 5874 4066
2751 5822 3003 5887 enarrat,
3021 5816 3111 5876 vel
3123 5818 3181 5875 id
3196 5833 3383 5876 unum
3405 5821 3770 5881 extraomne
