3940 6360
177 464 256 536 83
1097 473 1613 542 DISSER'I‘ATIO
1653 473 1757 538 DE
1798 472 2212 539 HERMANNI
2257 472 2677 539 CHRONIGO.

3494 470 3618 537 δι-

181 602 426 663 dubium
457 604 625 681 ponit
640 606 795 682 quod
819 606 978 683 prior
1005 610 1077 667 ad
1106 612 1341 667 an.1061
1368 610 1759 669 Alexandrum
1782 611 1827 668 II
1856 608 1913 676 Α
2013 610 2227 666 ΧΧνΙΙ.
2257 610 2337 665 Ex
2367 608 2438 665 iis
2463 613 2659 665 autem
2692 622 2818 680 qua
2849 605 2906 663 in
2937 605 3053 663 ista
3087 603 3218 663 Vita
3261 604 3333 664 de
3379 604 3578 681 seipse

179 709 398 770 papam
429 696 592 753 sedis
621 697 949 771 apostolicae
981 705 1387 777 usurpatorem
1418 701 1827 770 nominet,Ho-

180 783 418 841 norium
449 802 586 842 vero
615 802 718 843 seu
746 787 1063 845 Cadolaum
1094 782 1197 845 ceu
1240 790 1563 863 legitimum
1616 806 1828 861 papam

179 871 589 929 habeat.Haud
611 879 805 931 tamen
828 876 963 933 inde
979 878 1351 934 Bertholdum
1377 880 1530 934 hunc
1552 879 1830 934 schisma-

177 961 311 1017 ticis
340 979 748 1029 accensemus,
781 965 995 1037 quippe
1027 965 1126 1037 qui
1156 984 1223 1021 ex
1254 967 1409 1021 fama
1460 967 1540 1021 rei
1588 971 1728 1021 tunc
1766 967 1825 1022 in

176 1050 371 1106 vicina
400 1051 513 1108 sibi
546 1051 771 1108 Basilea
794 1058 852 1108 et
879 1070 986 1109 suo
1017 1058 1276 1126 tempore
1306 1059 1478 1126 gestae
1508 1056 1824 1127 scripserit,

178 1138 426 1195 alterius
443 1155 585 1195 sane
601 1140 816 1195 mentis
832 1140 1062 1197 futurus
1080 1142 1127 1196 si
1147 1143 1641 1198 continuationem
1656 1161 1825 1199 suam

176 1242 371 1299 usque
402 1227 476 1283 ad
506 1244 730 1284 annum
758 1230 897 1285 1067
926 1231 1313 1302 produxisset,
1345 1249 1459 1303 quo
1504 1232 1828 1287 Alexander

179 1315 484 1389 legitimus
533 1333 686 1390 papa
732 1316 793 1373 in
842 1320 1062 1389 synodo
1112 1320 1429 1376 Mantuana
1456 1322 1690 1391 agnitus
1715 1325 1821 1376 est.

178 1406 343 1472 Quod
378 1404 578 1477 ipsum
613 1405 921 1462 manifesto
949 1414 1294 1479 argumento
1342 1413 1429 1464 est
1478 1410 1635 1480 quod
1671 1427 1824 1465 anno

178 1494 318 1549 1066
347 1493 608 1550 scribere
663 1495 900 1551 desierit
954 1495 1048 1550 hic
1106 1497 1470 1563 Bertholdus,
1504 1515 1636 1553 cum
1694 1516 1821 1569 pcr-

176 1598 383 1654 peram
415 1582 581 1655 prius
626 1584 845 1655 scripta
890 1586 1198 1642 emendare
1247 1586 1501 1660 amplius
1534 1587 1687 1642 haud
1721 1605 1821 1659 po-

173 1671 381 1726 tuerit.

240 1758 533 1815 Bernoldo
566 1764 785 1827 autem,
814 1761 922 1817 etsi
965 1764 1167 1818 eodem
1220 1768 1498 1837 tempore,
1533 1766 1820 1837 posterius

168 1850 369 1904 tamen
397 1849 792 1917 scribenti,rei
821 1852 1036 1907 veritas
1056 1868 1123 1907 ex
1153 1859 1356 1908 eventu
1390 1854 1579 1925 magis
1607 1855 1817 1926 patuit;

1940 704 2137 755 narrat
2166 697 2868 763 Bertholdus,monachus
2889 695 3196 769 Augiensis
3215 694 3393 752 fuisse
3413 695 3581 753 facile

1936 788 2257 845 conficitur.
2293 788 2624 843 Hermanno
2648 803 2763 858 prie
2786 785 3011 841 caeteris
3031 784 3370 851 familiaris;
3404 801 3581 856 quem

1935 877 2173 949 insuper
2193 877 2251 932 in
2275 881 2528 931 extremo
2560 876 2761 930 morbo
2792 874 3097 930 assiduum
3122 873 3235 929 sibi
3256 874 3582 945 adjutorem

1936 968 2209 1022 assistere
2237 966 2439 1029 voluit,
2467 964 2637 1035 eique
2663 964 2983 1018 moriturus
3012 961 3245 1018 tabulas
3277 979 3415 1019 suas
3446 979 3582 1018 con-

1936 1055 2207 1127 signavit,
2242 1059 2302 1109 ut
2334 1069 2666 1126 quacunque
2710 1052 2887 1107 adhuc
2927 1051 3222 1106 scribenda
3268 1055 3477 1108 restant
3520 1054 3581 1108 in

1934 1146 2033 1209 eis,
2066 1144 2375 1215 diligenter
2402 1143 2753 1207 emendet,et
2783 1141 3001 1212 scripta
3022 1139 3151 1196 aliis
3184 1141 3576 1209 commendet;

1935 1249 2060 1305 qua:
2092 1232 2355 1287 fortassis
2385 1229 2761 1286 continuandi
2812 1228 2972 1285 illius
3018 1228 3288 1285 Chronici
3341 1229 3575 1287 occasio

1934 1322 2236 1391 fuit._Dum
2267 1338 2398 1376 vero
2430 1320 2784 1375 Hermaeum
2816 1317 3157 1391 magistrum
3186 1335 3362 1375 suum
3383 1322 3571 1385 vocat,

1933 1427 2047 1466 non
2082 1411 2153 1465 de
2186 1409 2464 1481 magistro
2524 1424 2858 1480 puerorum,
2889 1408 2991 1463 sed
3020 1406 3275 1463 virorum
3306 1407 3366 1462 in
3397 1406 3571 1463 altio-

1933 1498 2096 1553 ribus
2125 1497 2473 1570 disciplinis,
2506 1497 2721 1568 quibus
2753 1494 3131 1568 przefulgebat
3176 1495 3569 1563 Hermannus,

1930 1586 2381 1643 erudiendorum
2413 1585 2828 1657 intelligendus
2858 1588 2967 1639 est.
3004 1583 3210 1640 Virum
3242 1588 3412 1649 certe,
3454 1602 3569 1641 non

1924 1676 2196 1748 juvenem
2221 1673 2600 1731 Bertholdum
2624 1676 3031 1745 arguunt,quas
3065 1689 3198 1728 mox
3227 1674 3571 1729 memoravi-

1931 1781 2085 1820 mus.
2120 1765 2234 1819 Nec
2266 1764 2454 1819 adhuc
2481 1764 2753 1833 juvenem
2784 1761 2953 1817 illum
2998 1761 3191 1834 prodit
3238 1762 3393 1833 quod
3432 1762 3573 1818 Her-

1930 1869 2183 1907 mannus
2226 1851 2442 1907 librum
2475 1868 2649 1907 suum
2694 1852 2769 1905 De
2812 1867 3068 1905 mensura
3096 1850 3381 1905 (ιδινοίαὸἰί
3416 1851 3568 1923 apud

166 1937 328 2038 unde
354 1938 535 1993 etiam
567 1939 840 2039 eumdem
870 1938 1259 1996 Alexandrum
1292 1946 1571 2013 tanquam
1617 1961 1817 1999 verum
1851 1975 1898 2039 Β
1932 1946 2058 2006 Pcz,
2092 1941 2510 2006 Thes.Anecd.,
2543 1939 2789 2005 tom.III,
2824 1956 3015 2011 p.ii,p.
3048 1939 3336 2005 95,eidem
3368 1938 3572 1994 inscri-

167 2024 508 2097 pontiticem
542 2024 824 2092 dilaudat,
857 2044 1034 2099 seque
1065 2046 1167 2101 per
1194 2035 1380 2085 totum
1411 2031 1678 2087 Chronici
1726 2032 1818 2087 sui
1852 2024 1897 2039 “’
1930 2029 2128 2102 pserit,
2164 2046 2455 2101 quemque
2486 2030 2613 2099 ejus
2643 2027 3020 2100 potissimum
3050 2026 3328 2082 instantia
3371 2030 3569 2084 motus

166 2114 384 2170 seriem
407 2115 678 2186 juratum
699 2115 1208 2173 schismaticorum
1258 2118 1492 2175 hostem
1535 2120 1814 2175 declarat.

165 2203 310 2269 Quis
339 2219 479 2258 vero
509 2220 692 2259 sanus
723 2207 842 2259 tam
873 2205 1234 2261 diversarum
1269 2208 1521 2279 partium
1554 2208 1815 2263 studium

166 2291 269 2346 nni
300 2291 615 2363 eidemque
646 2293 866 2347 auctori
890 2294 1176 2350 ascribat?
1204 2297 1481 2367 Equidem
1508 2296 1816 2352 Bertholdo

166 2379 426 2451 primam
458 2379 621 2435 illam
649 2384 705 2435 et
736 2382 1052 2437 breviorem
1085 2384 1580 2440 continuationem
1613 2385 1819 2440 tribuit

167 2467 469 2525 Murensis
501 2469 698 2537 codex,
733 2470 812 2525 ita
843 2470 913 2525 ad
946 2471 1160 2526 calcem
1194 2472 1507 2527 Hermanni
1551 2492 1644 2527 an.
1683 2476 1815 2530 1054

166 2556 440 2612 scribens
504 2572 516 2612 :
583 2559 867 2629 ﬂuensque
930 2561 1185 2615 chronica
1235 2563 1551 2616 Hermanni.
1610 2563 1818 2618 Abhinc

164 2643 514 2700 Bertholdus.
547 2645 688 2710 Quis
716 2662 850 2701 vero
880 2646 988 2702 iste
1008 2647 1036 2702 ‘I
1064 2649 1226 2703 Haud
1261 2653 1415 2704 certe
1446 2650 1594 2704 alius
1626 2667 1690 2705 ac
1722 2650 1815 2705 ille

162 2750 229 2789 ex
261 2750 384 2806 quo
416 2733 609 2788 Vitam
641 2733 957 2790 Hermanni
1008 2752 1141 2791 cum
1188 2737 1344 2792 dicta
1391 2738 1647 2792 breviore
1685 2754 1814 2806 ejus

164 2822 614 2877 continuatione
660 2823 992 2895 subjungit,
1022 2829 1080 2879 et
1129 2826 1282 2880 unde
1327 2830 1535 2896 praeter
1581 2829 1814 2882 czeteros

160 2927 273 2966 sua
303 2909 583 2966 hausisse
611 2912 684 2968 ad
716 2928 936 2967 annum
986 2914 1085 2967 741
1140 2914 1353 2968 fatetur
1398 2914 1615 2969 codicis
1654 2913 1813 2969 illius

156 2998 435 3072 scriptor,
462 2998 815 3056 Bertholdus
846 2999 1087 3069 scilicet,
1123 3002 1433 3056 Hermanni
1466 3003 1809 3074 discipulus;

157 3103 334 3159 quem
368 3086 588 3143 ibidem
621 3104 655 3144 a
684 3088 1013 3156 Bertholdo,
1047 3090 1105 3147 S.
1141 3089 1313 3145 Blasii
1351 3091 1702 3163 presbytero,
1728 3092 1814 3146 fu-

154 3175 333 3232 sioris
351 3175 577 3232 scilicet
595 3177 1050 3233 continuationis
1066 3179 1672 3245 auctore,nominatim
1694 3180 1811 3235 dis-

155 3263 564 3337 tinguit,quos
589 3280 722 3321 vero
747 3266 952 3321 ambos
968 3266 1153 3321 caeteri
1177 3267 1485 3338 scriptores
1508 3268 1810 3339 hucusque

1927 2118 2276 2191 composuit.
2313 2118 2377 2173 Et
2409 2117 2646 2189 quidem
2675 2132 2743 2171 ex
2771 2114 2889 2171 illis
2919 2116 3045 2186 jam
3093 2118 3220 2171 tum
3268 2116 3571 2189 presbyter

1928 2208 2109 2263 fuisse
2138 2208 2320 2263 videri
2352 2212 2566 2279 posset,
2594 2206 2886 2277 siquidem
2911 2204 3045 2260 talis
3074 2220 3337 2277 unquam
3371 2204 3566 2271 fuerit,

1926 2315 2059 2353 cum
2092 2296 2411 2369 presbyteri
2436 2296 2673 2350 titulum
2705 2295 2893 2350 eidem
2917 2310 3022 2350 nec
3040 2294 3394 2350 Mellicensis
3418 2298 3568 2350 Ano-

1927 2402 2160 2457 nymus,
2195 2402 2300 2440 nec
2357 2384 2515 2439 citati
2574 2384 2823 2452 codices,
2874 2399 2980 2438 nec
3026 2383 3151 2454 ipse
3197 2382 3567 2438 Hermannus

1925 2474 2207 2539 tribuant,
2240 2478 2412 2544 prout
2441 2476 2637 2527 tamen
2664 2471 2948 2527 Bernoldo
3002 2471 3243 2527 faciunt.
3293 2471 3428 2536 Quzs
3470 2470 3567 2527 hic

1926 2561 2023 2616 alii
2056 2562 2602 2631 comminiscuntur,
2633 2559 2786 2615 intra
2831 2561 2903 2616 ad
2958 2558 3308 2615 Bernoldum
3349 2559 3566 2615 exami-

1925 2655 2159 2705 nantur.

1995 2738 2237 2793 XXVIII.
2298 2740 2612 2809 Quousque
2659 2753 2793 2792 vero
2841 2736 3337 2793 continuationem
3394 2752 3565 2792 suam

1922 2826 2259 2897 perduxerit
2279 2825 2625 2881 Bertholdus
2647 2824 2853 2889 iste,ex
2871 2824 3172 2881 codicibus
3204 2827 3359 2879 certo
3379 2824 3562 2879 statui

1922 2915 2077 2971 haud
2110 2920 2315 2987 potest.
2349 2914 2455 2980 Qui
2486 2915 2724 2970 unicum
2756 2913 3071 2969 Hermanni
3095 2913 3562 2969 continuatorem

1922 3008 2269 3072 agnoscunt,
2301 3004 2445 3057 illud
2478 3003 2548 3058 ad
2582 3018 2801 3057 annum
2843 3003 2981 3056 1100
3029 3001 3349 3057 deductum
3395 3000 3564 3057 fateri

1923 3093 2231 3159 debent,ut
2253 3097 2315 3147 ut
2335 3092 2486 3146 inter
2507 3090 2618 3146 alia
2638 3091 2833 3147 obitus
2865 3090 2991 3162 ejus
3012 3090 3070 3145 in
3092 3089 3362 3147 Bernoldi
3383 3089 3564 3147 Chro-

1922 3181 2051 3236 nico
2085 3182 2155 3236 ad
2186 3197 2405 3236 annum
2440 3180 2578 3235 1088
2617 3183 2975 3235 memoratus
3022 3178 3140 3235 illis
3188 3180 3561 3246 adversetur;

1924 3286 2079 3324 nunc
2110 3269 2264 3323 enim
2298 3268 2491 3339 ipsum
2524 3284 2651 3323 esse
2672 3267 3038 3338 judicamus,
3061 3268 3133 3322 de
3163 3264 3279 3338 quo
3309 3264 3405 3321 ille
3432 3264 3556 3322 l.c.:

155 3351 215 3408 in
248 3334 839 3409 unumBertholdum
870 3334 1372 3411 Constantiensem
1406 3334 1805 3428 presbyterum
1840 3334 1882 3401 (ἶ
1920 3357 2261 3421 Bertholdus,
2317 3334 2501 3411 doctor
2544 3334 2809 3426 egreaius,
2867 3357 2928 3409 in
2982 3356 3159 3410 sacris
3179 3334 3403 3410 dfueris
3455 3370 3558 3425 ap-

157 3457 474 3514 perperam
504 3441 851 3510 conﬂarunt,
883 3442 972 3498 vel
1005 3460 1073 3498 ex
1103 3444 1245 3499 solis
1295 3461 1426 3499 mox
1474 3445 1644 3499 dictis
1673 3462 1808 3499 con-

157 3530 415 3585 trarium
461 3529 762 3599 edocendi,
798 3536 1004 3603 praeter
1051 3549 1120 3587 ea
1165 3532 1383 3604 quibus
1431 3532 1687 3604 idipsum
1737 3534 1807 3588 ad

166 3616 555 3674 Bertholdum
585 3622 729 3676 tom.
756 3621 803 3675 II
827 3620 1095 3691 pluribus
1125 3620 1534 3677 declarabitur.

237 3708 529 3763 Eumdem
558 3724 792 3782 quoque
821 3709 1199 3766 Bertholdum
1221 3711 1364 3767 satis
1382 3716 1577 3783 aperte
1597 3712 1814 3765 indicat

163 3799 517 3868 Anonymus
544 3796 895 3853 Mellicensis
924 3798 1003 3853 De
1033 3798 1230 3871 script.
1255 3799 1814 3871 ecclcs.c.92(MIRJE1

164 3883 432 3940 Biblioth.
478 3885 691 3953 κοῖαι,
724 3902 782 3957 p.
818 3886 943 3956 155)
992 3886 1073 3941 ita
1122 3888 1428 3943 scribens:
1470 3888 1810 3954 Bertholdus,

164 3976 263 4045 qui
290 3972 911 4044 ejusdem(Hermanni)
939 3975 1159 4030 auditor
1184 3979 1232 4030 et
1256 3976 1554 4047 discipulus
1585 3980 1811 4044 exstitit,

167 4063 349 4118 Vitam
378 4063 641 4130 magistri
659 4066 711 4118 et
726 4061 1051 4118 Chronicam
1072 4064 1443 4130 scribit,unde
1473 4066 1649 4120 etiam
1672 4054 1838 4120 Vitae.

163 4148 327 4206 illius
358 4149 615 4221 scriptor
642 4150 973 4216 innotescit,
1005 4152 1175 4222 cujus
1207 4168 1417 4207 nomen
1448 4152 1507 4207 in
1538 4152 1639 4208 illa
1661 4152 1814 4208 haud

165 4237 604 4311 legitur.Vitam
628 4255 799 4311 porro
822 4238 982 4294 illam
1006 4240 1297 4295 Murensis
1318 4242 1495 4296 codex
1513 4258 1578 4296 su
1590 4242 1643 4312 bj
1653 4241 1820 4314 ungit

168 4343 302 4382 mox
334 4330 472 4397 post
500 4326 673 4381 verba
706 4344 719 4381 :
752 4328 963 4382 Abhinc
990 4328 1328 4393 Bertholdus,
1364 4345 1492 4399 qua),
1538 4330 1711 4385 etiam
1759 4331 1819 4385 in

167 4415 561 4471 Gottwicensi
584 4415 857 4482 habetur;
890 4432 1066 4487 quam
1094 4416 1149 4470 in
1178 4418 1349 4472 dictis
1368 4418 1666 4472 codicibus
1690 4436 1821 4473 mox

169 4504 478 4576 excipiunt
506 4519 634 4575 quae
660 4502 719 4557 in
761 4503 1005 4559 Urstisio
1052 4504 1162 4559 sub
1213 4505 1667 4561 continuationis
1719 4525 1821 4562 no-

172 4593 332 4649 mine
382 4596 519 4665 post
570 4591 972 4649 Hermannum
1020 4599 1366 4665 sequuntur,
1399 4599 1570 4667 atque
1618 4596 1821 4650 eadem

1914 3447 2093 3517 prime
2121 3445 2386 3511 eruditus,
2418 3446 2478 3498 in
2512 3446 2776 3498 senectute
2806 3443 2943 3498 bona
2969 3443 3161 3513 plenus
3190 3441 3423 3509 dierum,
3445 3442 3555 3496 mi-

1919 3535 2095 3603 gravit
2125 3532 2195 3587 ad
2226 3533 2513 3587 Dominum
2541 3532 2608 3585 IV
2636 3530 2757 3584 Idus
2788 3530 2974 3585 Martii
2986 3547 3008 3591 ;
3039 3546 3169 3602 quas
3198 3546 3332 3585 cum
3379 3546 3555 3602 supe-

1920 3622 2041 3677 rius
2072 3621 2242 3675 dictis
2272 3620 2489 3692 optime
2519 3618 2823 3674 convenire
2851 3618 3139 3674 videntur.
3171 3617 3347 3686 Editi,
3379 3634 3557 3690 quos-

1920 3702 2149 3781 cc’nque
2179 3710 2485 3772 habemus,
2519 3708 2672 3763 ultra
2698 3724 2921 3762 annum
2952 3708 3092 3761 1066
3135 3706 3293 3763 haud
3323 3723 3558 3780 progre-

1922 3799 2199 3864 diuntur;
2229 3814 2296 3852 ac
2328 3802 2458 3869 post
2490 3796 2655 3851 illum
2687 3812 2908 3852 annum
2939 3795 3169 3851 codices
3210 3794 3395 3852 nostri
3424 3810 3559 3851 cum

1922 3887 2105 3943 altera
2134 3885 2402 3942 Bernoldi
2432 3885 2870 3941 continuatione
2899 3883 3268 3940 conveniunt.

1997 3976 2067 4032 Ut
2099 3976 2240 4030 adeo
2271 3991 2385 4029 non
2414 3990 2563 4029 vana
2592 3973 2670 4029 sit
2699 3974 3052 4044 conjectura,
3084 3971 3372 4027 editorum
3412 3986 3562 4043 quo-

1926 4079 2039 4135 que
2072 4063 2297 4118 codices
2326 4061 2383 4116 in
2419 4060 2727 4117 Bertholdo
2751 4060 2901 4116 ultra
2921 4059 3142 4115 dictum
3172 4074 3396 4115 annum
3424 4058 3566 4114 1066

1924 4151 2080 4206 haud
2114 4151 2495 4221 processisse;
2533 4150 2687 4221 quod
2720 4147 2894 4204 etiam
2923 4164 2993 4203 ex
3018 4163 3195 4219 supra
3238 4146 3317 4218 (η.
3360 4145 3453 4219 26)
3485 4144 3567 4203 al-

1927 4238 2117 4310 legata
2147 4238 2450 4309 utriusque
2482 4236 2733 4292 auctoris
2763 4235 3047 4291 sentiendi
3079 4234 3416 4291 diversitate
3444 4251 3569 4290 ma-

1930 4327 2019 4399 gis
2050 4328 2332 4381 firmatur.
2369 4330 2582 4380 Demus
2611 4326 2767 4380 enim
2798 4324 3176 4379 Bertholdum
3209 4327 3409 4397 postea
3438 4340 3569 4380 sen-

1930 4416 2171 4471 tentiam
2221 4432 2385 4469 suam
2440 4420 2715 4479 mutasse,
2750 4413 3091 4468 correxisset
3134 4412 3339 4469 saltem
3370 4416 3572 4484 postea

1933 4523 2058 4577 quae
2086 4505 2155 4558 ad
2191 4520 2403 4558 annum
2430 4503 2594 4556 illum
2626 4503 2750 4556 1061
2779 4506 2980 4557 contra
3008 4498 3331 4573 legitim'um
3357 4517 3570 4572 papam

1933 4592 2262 4663 scripserat,
2295 4590 2343 4646 si
2374 4592 2443 4645 ad
2478 4590 2751 4645 ulteriora
2780 4589 3114 4645 schismatis
3145 4592 3406 4660 tempora
3435 4606 3572 4644 con-

171 4681 354 4737 ferme
385 4684 552 4748 sunt,
585 4679 696 4735 nisi
732 4681 886 4752 quod
919 4682 1184 4752 quaedam
1232 4682 1482 4738 subinde
1529 4701 1596 4737 ex
1644 4683 1825 4739 altera
1858 4696 1901 4759 [)
1931 4681 2314 4736 tinuationem
2347 4696 2511 4735 suam
2546 4679 2931 4750 perduxisset.

173 4786 410 4843 quoque
468 4767 740 4825 Bernoldi
794 4770 1228 4826 continuatione
1272 4771 1638 4840 inserantur;
1698 4792 1825 4844 qua:

173 4860 358 4916 amba
389 4857 616 4915 ibidem
638 4856 709 4915 .in
740 4874 916 4914 unam
969 4860 1429 4923 confunduntur.
1463 4850 1828 4933 prout'inter

173 4946 284 5004 alia
312 4947 530 5005 exinde
559 4960 795 5018 quoque
827 4950 1068 5019 apparet
1096 4949 1248 5018 quod
1282 4946 1514 5003 illorum
1562 4949 1826 5004 codicum

176 5037 496 5111 scriptores
525 5034 602 5090 ad
634 5050 856 5091 annum
908 5037 1036 5090 1001
1078 5035 1405 5093 Alexandro
1448 5038 1495 5093 II
1546 5040 1827 5111 papaefa-

170 5130 359 5192 veant,
392 5125 667 5197 adeoque
697 5122 1049 5182 Bernoldum
1080 5124 1139 5181 in
1169 5140 1257 5191 eo,
1288 5142 1402 5181 non
1452 5126 1827 5184 Bertholdum

172 5221 514 5292 sequantur.

2007 4770 2258 4824 Tantum
2290 4769 2359 4823 de
2392 4768 2705 4823 Hermanni
2735 4767 3015 4824 Chronico
3046 4766 3394 4823 disseruisse
3416 4766 3575 4822 suffi-

1937 4859 2069 4914 ciat.
2104 4857 2279 4912 Plura
2307 4857 2657 4912 desideranti
2687 4857 2830 4912 satis
2861 4857 3094 4912 abunde
3121 4854 3293 4911 faciet
3319 4854 3578 4912 Joannes

1938 4948 2052 5017 Ego
2082 4944 2140 5000 in
2173 4963 2280 5000 suo
2313 4950 2559 5000 tractatu
2595 4950 2670 5000 De
2700 4945 2839 5001 viris
2870 4943 3580 5015 illustribus,monasterii

1938 5035 2135 5107 Augim
2167 5035 2371 5091 Divitis
2403 5052 2496 5089 an.
2536 5036 2670 5090 1630
2699 5035 3051 5106 conscripto,
3094 5049 3219 5106 cap.
3251 5034 3343 5103 28,
3374 5032 3433 5090 in
3474 5037 3580 5090 Pe-

1936 5125 2008 5180 zii
2034 5124 2331 5180 Thesauro
2364 5123 2577 5179 Anecd.
2606 5126 2727 5179 tom
2760 5123 2805 5193 I,
2834 5139 2891 5195 p.
2926 5140 3011 5190 ιιι,
3042 5139 3099 5196 p.
3130 5124 3257 5178 688.
