3940 6362
193 473 270 540 Μ
1245 487 1252 493 ’
1451 478 1825 543 GERONICI

2021 507 2040 526 -
2066 477 2260 543 SJEG.
2305 476 2354 542 Ι.
3513 465 3597 542 88

1563 639 1795 696 CODEX
1833 639 2232 697 AUGIENSIS.

263 753 312 820 8
341 759 407 818 21
433 757 759 820 Fenestella
773 761 1283 837 bistoriographus
1304 767 1360 820 et
1379 768 1551 837 poeta
1569 765 1837 821 moritur.
1869 765 1925 832 Α
2026 783 2079 821 a.
2110 764 2197 820 43.
2221 797 2287 804 -
2310 763 2516 821 Fames
2546 779 2763 838 magna
2791 763 2943 821 facta
2973 766 3082 821 est.
3107 765 3218 821 Act.
3237 763 3454 832 1528.;
3481 765 3596 822 Dio.

191 852 321 908 Eua.
355 869 410 907 α.
444 869 535 924 pr.

255 942 335 994 22
361 937 635 1003 Tiberius
666 939 883 997 multos
912 956 1080 1014 reges
1102 941 1173 997 ad
1197 957 1258 998 se
1279 946 1512 999 vocatos
1542 939 1674 999 dolo
1703 960 1853 1022 nun;

192 1045 376 1101 quam
405 1027 652 1085 remisit.
685 1030 812 1086 Eua.
841 1043 894 1086 α.
925 1045 1011 1102 pr.

260 1117 338 1173 23
366 1113 627 1190 Pompeii
657 1117 952 1174 theatrum
983 1118 1290 1174 incensum
1324 1121 1413 1174 est
1444 1118 1570 1173 Eua.
1603 1135 1656 1174 a.
1687 1133 1775 1191 pr.

255 1206 334 1262 24
360 1205 638 1262 Tiberius
667 1205 924 1262 Drusum
973 1210 1301 1263 consortem
1354 1207 1516 1280 regni
1562 1207 1715 1274 fecit,
1748 1207 1848 1279 qui

187 1295 399 1351 eodem
429 1311 584 1362 anno
614 1312 835 1351 veneno
867 1294 1057 1366 periit.
1088 1299 1228 1352 Eua.
1259 1313 1312 1351 a.
1344 1313 1432 1368 pr.

255 1385 330 1440 27
361 1375 584 1440 Pilatus
611 1399 827 1458 prmees
855 1385 1067 1440 Judzsaa
1100 1401 1134 1440 a
1161 1383 1391 1441 Tiberio
1423 1385 1693 1441 mittitur.
1717 1387 1849 1450 Eua.

254 1471 332 1528 3O
361 1469 650 1530 Dominus
689 1469 861 1528 Jesus
889 1471 1160 1529 Christus
1196 1491 1230 1528 a
1259 1474 1484 1529 Joanne
1517 1475 1851 1546 baptizatur

189 1559 500 1636 trigesimo
531 1575 685 1617 anno
725 1562 911 1617 aetatis
959 1577 1082 1618 sum
1135 1563 1458 1618 secundum
1490 1577 1722 1620 carnem
1754 1563 1848 1620 in-

189 1649 462 1721 choante,
495 1655 554 1707 et
583 1648 895 1723 praedicare
924 1650 1116 1722 ccepit.

257 1737 322 1798 3i
359 1739 620 1796 Joannes
650 1739 910 1814 Baptista
949 1739 1021 1796 ab
1054 1740 1275 1796 Herode
1321 1741 1612 1796 tetrarcha
1659 1741 1847 1798 decol-

189 1826 374 1885 latur.

257 1916 331 1972 33
361 1911 648 1973 Dominus
678 1917 737 1972 in
769 1913 1172 1989 Hierosolyma
1202 1931 1419 1989 passus
1451 1921 1542 1972 est
1571 1921 1628 1973 et
1657 1934 1850 1974 resur-

188 2004 356 2061 rexit.
379 2001 630 2078 Eclipsis
661 2005 803 2062 solis
833 2004 943 2077 (i5)
972 2010 1028 2061 et
1057 2003 1300 2062 maximi
1325 2011 1693 2063 terrmmotus
1715 2005 1849 2064 facti

188 2097 352 2151 sunt.
383 2098 518 2152 Eua.

252 2183 325 2240 34
355 2173 611 2240 Jacobus
637 2179 820 2239 frater
873 2181 1104 2239 Domini
1154 2181 1687 2257 Hierosolymorum
1718 2187 1841 2257 epi-

185 2287 405 2345 scopus
437 2271 510 2327 ab
540 2271 822 2345 apostolis
843 2271 1169 2340 ordinatus,
1198 2274 1348 2327 sedit
1369 2274 1541 2328 annis
1562 2289 1690 2329 xxx.
1716 2273 1840 2329 Eua.

250 2359 326 2416 35
353 2357 581 2418 Pilatus
609 2357 927 2434 imaginem
959 2361 1204 2416 Caesaris
1233 2360 1292 2416 in
1325 2359 1544 2434 templo
1575 2365 1843 2420 statuens

181 2445 536 2506 seditionem
565 2447 854 2505 exeitavit.
888 2449 1013 2508 Eua.
1046 2465 1099 2504 a.
1132 2448 1221 2504 32.

251 2537 326 2594 36
355 2537 580 2593 Pilatus
611 2535 858 2594 Romam
889 2537 1069 2602 venit,
1103 2541 1160 2593 et
1179 2539 1250 2593 de
1274 2537 1580 2594 miraculis
1611 2538 1844 2596 Domini

183 2624 399 2684 Casari
431 2625 742 2682 nuntiavit.
774 2627 902 2682 Eua.

254 2714 628 2772 37Tiberius
668 2731 757 2780 ea,
790 2733 916 2788 quae
965 2732 999 2774 a
1047 2714 1231 2772 Pilato
1279 2715 1564 2783 audierat,
1611 2717 1840 2773 senatui

185 2801 507 2871 nuntiavit,
539 2805 638 2860 sed
673 2807 913 2860 senatus
945 2805 1316 2875 contempsit.
1350 2805 1473 2860 Eua.
1506 2821 1557 2860 a.
1584 2819 1674 2876 pr.

259 2893 335 2950 38
365 2893 637 2948 Tiberius
671 2893 950 2965 populum
983 2893 1307 2949 Romanum
1340 2894 1591 2966 graviter
1617 2893 1841 2963 afflixit,

186 2984 247 3037 e't
297 2980 430 3053 ipse
478 2995 702 3038 veneno
746 2982 936 3054 periit.
971 2981 1098 3036 Eua.
1139 3000 1192 3036 a.
1217 2999 1308 3054 pr.
1341 2983 1409 3038 1η
1456 2999 1630 3051 marg.
1663 2980 1840 3039 Gaius

193 3081 332 3125 ann.
370 3085 460 3135 ιιι,
491 3087 679 3126 mens.
713 3088 769 3135 x,
804 3070 928 3125 dies
958 3086 1078 3125 vm.
1114 3069 1216 3126 Vir
1246 3070 1716 3126 scelestissimus.

255 3159 331 3215 39
363 3158 621 3216 Herodes
647 3159 903 3232 Agrippa
933 3176 1030 3216 rex
1067 3159 1276 3214 Judaeaa
1317 3177 1351 3215 a
1388 3160 1527 3216 Gaio
1559 3158 1839 3215 constitu-

183 3252 307 3314 tus,
341 3248 608 3321 regnavit
637 3248 810 3304 annis
839 3266 934 3303 vn.
962 3251 1088 3304 Eua.
1120 3266 1174 3304 a.
1204 3267 1292 3320 pr.

251 3337 325 3400 40
352 3337 542 3396 indui
585 3338 749 3409 apud
806 3335 1219 3396 Alexandriam
1276 3337 1690 3409 proﬂigantur,
1737 3355 1841 3409 pro

181 3425 403 3498 quibus
432 3424 601 3482 Philo
629 3425 999 3482 clarissimus
1039 3427 1294 3498 scriptor
1325 3426 1536 3482 Gaium
1567 3425 1865 3510 interpel-I

178 3513 312 3572 lans
341 3513 490 3570 nihil
522 3513 756 3586 profuit.
788 3515 916 3569 Eua.
948 3515 1104 3581 a.38;
1133 3515 1345 3585 Ioseph.
1374 3531 1532 3580 xvm,
1561 3516 1616 3568 9.

179 3603 239 3659 H
277 3601 506 3659 Pilatus
553 3600 936 3674 semetipsum
983 3602 1296 3668 interfecit,
1329 3603 1558 3674 magnis
1605 3620 1642 3659 a
1687 3604 1828 3660 Gaio

179 3690 628 3750 calamitatibus
655 3707 994 3762 Oppressus.
1028 3692 1158 3747 Eua.
1189 3691 1308 3748 chr.

248 3782 322 3836 42
357 3779 671 3836 Mattheus
693 3778 1068 3851 Evangelium
1092 3778 1368 3836 Hebraice
1389 3779 1649 3852 scripsit.
1667 3781 1848 3836 Gaius

177 3867 470 3933 quaiditur
490 3883 533 3932 ,ι
554 3867 706 3928 suis.
728 3869 790 3924 In
812 3884 990 3936 marg.
1015 3866 1296 3924 Claudius
1325 3885 1463 3928 ann.
1499 3885 1624 3936 xm,
1651 3885 1840 3932 mens,

177 3973 304 4027 vni,
337 3955 472 4023 dies
511 3972 713 4024 nam,
745 3957 822 4012 al.
850 3973 904 4012 α.
929 3973 1018 4029 pr.

246 4049 299 4112 4
330 4045 400 4102 44
428 4045 638 4110 Patras
669 4044 968 4118 apostolus
1010 4045 1254 4102 Romam
1298 4046 1475 4112 venit,
1508 4045 1705 4117 ibique
1737 4063 1840 4119 per

178 4151 289 4190 xxv
311 4150 504 4190 annos
527 4132 852 4205 praedicans
873 4132 1274 4206 episcopatum
1298 4134 1505 4190 tenuit.
1524 4133 1649 4190 Eua.
1673 4152 1726 4190 a.
1749 4151 1836 4205 pr.

249 4223 323 4279 45
351 4221 612 4278 Herodes
637 4223 896 4296 Agrippa
937 4223 1010 4279 ab
1040 4222 1246 4294 angelo
1272 4238 1594 4296 percussus
1637 4223 1838 4296 exspi-

1955 871 2008 909 a.
2046 855 2130 908 42.

2026 944 2090 999 47
2122 941 2278 1000 Nova
2306 942 2502 1000 insula
2528 941 2770 1017 triginta
2793 939 3118 1000 stadiorum
3150 943 3210 998 in
3240 941 3389 998 mari
3421 959 3600 1016 appa-

1957 1031 2092 1087 ruit.
2125 1034 2252 1088 Eua.
2286 1049 2338 1087 a.
2375 1034 2460 1087 45.

2029 1120 2096 1174 48
2125 1119 2288 1176 Cives
2333 1119 2600 1188 Romani,
2652 1138 2686 1177 a
2731 1120 2973 1178 Claudio
3021 1117 3333 1189 numerati,
3383 1120 3602 1178 inventi

1957 1215 2098 1265 sunt
2121 1209 2381 1282 sexagies
2411 1209 2609 1266 novies
2641 1214 2882 1265 centena
2929 1213 2985 1264 et
3031 1207 3420 1282 quadraginta
3450 1223 3601 1281 qua-

1957 1301 2090 1354 tuor
2117 1298 2322 1354 millia.
2359 1301 2495 1354 Eus.
2529 1315 2583 1353 a.
2618 1299 2719 1364 46;
2754 1299 2869 1353 Tac.

2030 1387 2100 1442 49
2129 1388 2462 1443 Judaaorum
2492 1386 2552 1442 in
2583 1387 2866 1442 seditione
2896 1386 3134 1459 triginta
3177 1384 3360 1444 millia
3386 1403 3598 1444 necan-

1957 1478 2056 1531 tur
2084 1476 2144 1530 in
2178 1476 2387 1532 diebus
2419 1489 2778 1548 azymorum.
2810 1477 2935 1531 Eua.
2970 1493 3022 1530 a.
3051 1492 3137 1546 pr.

2027 1567 2091 1620 5t
2127 1564 2408 1621 Claudius
2463 1565 2697 1620 Judzeos
2755 1564 2895 1620 urbe
2953 1564 3191 1635 expulit.
3234 1565 3377 1619 Beda
3418 1583 3470 1620 ιι.
3505 1559 3600 1633 49ς

1965 1653 2076 1708 Vz‘d.
2109 1655 2224 1708 Act.
2259 1669 2417 1717 xvm,
2447 1655 2502 1706 2.

2025 1741 2096 1797 52
2127 1741 2338 1815 Magna
2367 1739 2554 1797 fames
2586 1739 2780 1796 Romae
2813 1739 2963 1797 facta
2992 1743 3098 1797 est.
3132 1741 3256 1796 Eua.
3289 1757 3342 1797 a.
3369 1755 3460 1814 pr.

2026 1829 2097 1885 53
2127 1829 2406 1886 Claudius
2448 1828 2694 1886 Felicem
2739 1831 3176 1901 procuratorem
3204 1827 3418 1887 Judma
3448 1825 3603 1887 iecit.

1956 1921 2084 1974 Eua.
2116 1937 2170 1974 α.
2200 1937 2288 1991 pr.

2025 2009 2097 2065 54
2130 2007 2227 2064 liis
2257 2008 2623 2081 temporibus
2653 2007 2851 2062 Simon
2883 2003 3090 2078 Magus
3121 2005 3461 2064 Simoniace
3485 2006 3606 2064 'haa-

1960 2113 2155 2154 reseos
2185 2101 2384 2153 aucter
2413 2093 2652 2152 exstitit.

2025 2188 2098 2241 55
2127 2186 2429 2258 Egyptius
2459 2184 2698 2256 quidam
2729 2183 3240 2256 pseudopropheta
3267 2184 3602 2241 Judasorum

1953 2272 2155 2346 plures
2198 2274 2485 2330 seducens
2531 2288 2565 2329 a
2612 2270 2797 2329 Felice
2845 2269 3215 2344 opprimitur.
3254 2271 3603 2344 Euam-pr;

1951 2363 2078 2419 Vid.
2109 2361 2219 2418 Act.
2257 2378 2376 2428 xm,
2407 2360 2497 2417 38.

2022 2454 2093 2508 56
2123 2450 2404 2508 Claudius
2423 2464 2646 2507 veneno
2670 2453 2936 2506 mortuus
2957 2454 3045 2505 est
3071 2463 3224 2506 anno
3247 2449 3432 2507 astatis
3453 2463 3604 2506 uxv.

1954 2543 2083 2598 Eua.
2112 2557 2166 2596 a.
2195 2558 2284 2613 pr.

2020 2632 2089 2685 57
2122 2632 2204 2701 (In
2237 2647 2412 2698 marg.
2435 2628 2583 2684 Nero
2604 2646 2742 2683 ann.
2767 2645 2891 2693 xm,
2911 2629 3094 2683 Mens.
3116 2645 3215 2694 νιι,
3235 2627 3359 2684 dies
3377 2627 3606 2698 xxvm.)

1951 2749 2020 2760 —
2042 2718 2192 2774 Nero
2219 2715 2548 2791 ﬂagitiosus
2569 2715 2818 2789 primam
2853 2716 2911 2771 in
2943 2716 3305 2773 Christianos
3335 2729 3605 2789 persecu-

1949 2806 2167 2862 tionem
2199 2806 2472 2862 exercuit.
2507 2805 2723 2861 Seditio
2750 2805 3096 2860 in'Czesarea
3125 2805 3250 2860 orta
3273 2803 3466 2877 plures
3494 2803 3602 2861 Ju-

1951 2895 2206 2951 daaorum
2240 2893 2509 2968 perdidit.
2543 2894 2709 2950 Beda.

2018 2985 2090 3040 58
2127 2985 2344 3040 Paulus
2401 2980 2704 3056 apostolus
2759 2979 3008 3037 Romam
3055 2999 3090 3037 a
3129 2979 3297 3037 Festo
3355 2977 3602 3055 praeside

1951 3073 2224 3128 mittitur.
2259 3075 2386 3128 Eua.
2418 3073 2533 3128 chr.
2569 3085 2622 3127 (ι.
2652 3073 2743 3127 56.

2017 3163 2089 3215 59
2120 3161 2433 3232 Hucusque
2476 3159 2692 3215 librum
2742 3162 2918 3214 Actus
2968 3159 3366 3237 apostolorum
3415 3161 3602 3218 Lucas

1949 3249 2306 3320 evangelista
2325 3248 2619 3322 perduxit,
2643 3248 3036 3304 continentem
3062 3265 3248 3304 annos
3269 3265 3302 3304 a
3326 3249 3604 3321 passione

1951 3337 2181 3394 Domini
2211 3356 2385 3394 xxvn.

2017 3428 2091 3482 60
2119 3427 2342 3482 Statius
2369 3431 2541 3499 poeta
2568 3425 2762 3482 clarus
2795 3427 2935 3480 erat.
2967 3426 3095 3480 Eua.
3129 3443 3181 3480 a.
3215 3426 3304 3480 58.

1865 3499 1907 3564 C
2011 3517 2076 3570 6t
2112 3515 2259 3571 Nero
2288 3514 2668 3586 Agrippinam
2711 3518 2958 3569 matrem
3009 3530 3200 3582 suam,
3233 3517 3289 3569 et
3335 3530 3596 3572 sororem

1958 3604 2139 3676 patris
2170 3604 2462 3661 interficit.
2496 3605 2624 3659 Eua.
2656 3621 2709 3658 α.
2739 3619 2827 3674 pr.

2024 3693 2095 3748 62
2124 3692 2270 3748 Nero
2318 3692 2550 3748 inﬁnita
2602 3691 2853 3758 luxnria,
2884 3691 2941 3747 et
2970 3690 3209 3746 lascivia
3255 3691 3601 3764 ignavisque

1954 3781 2291 3837 bacchatur.
2327 3787 2453 3839 Eua.
2485 3799 2540 3835 α.
2569 3799 2655 3852 pr.

2028 3871 2073 3928 δ
2104 3872 2173 3924 63
2202 3870 2456 3927 Jacobus
2486 3870 2662 3925 frater
2705 3867 2933 3924 Domini
2961 3885 2997 3922 a
3036 3865 3252 3923 Judeis
3279 3867 3596 3940 lapidatur.

1951 3959 2076 4014 Eua.
2109 3959 2224 4014 chr.
2256 3976 2309 4012 (ι.
2343 3959 2432 4013 61.
2984 3964 2991 3974 ’

2019 4047 2085 4101 66
2119 4047 2350 4102 Marcus
2377 4044 2735 4118 evangelista
2761 4044 2918 4116 apud
2942 4041 3347 4100 Alexandriam
3377 4061 3594 4117 passus

1947 4141 2053 4191 est.
2087 4137 2211 4190 Eua.
2244 4153 2297 4190 a.
2325 4152 2413 4207 pr.

2015 4225 2089 4279 65
2115 4222 2451 4279 Neronianas
2479 4221 2718 4278 therme
2741 4238 2775 4278 a
2795 4221 3018 4277 Nerone
3046 4219 3430 4276 aediﬁcantur.
3454 4224 3587 4279 Eua.

177 4309 348 4378 tavit.
375 4327 486 4383 pro
518 4326 635 4384 quo
676 4309 836 4366 {ilius
884 4311 1015 4381 ejus
1050 4311 1307 4383 Agrippa
1351 4311 1616 4383 regnavit
1662 4312 1833 4368 annis
1945 4329 1998 4368 a.
2031 4313 2122 4367 63.

172 4417 328 4464 xxvi.
363 4401 532 4461 εἰωά
547 4399 658 4455 Jos.
675 4416 734 4455 α.
760 4399 848 4454 46.
876 4398 1108 4458 Marcus
1129 4399 1487 4472 evangelista
1505 4399 1564 4455 in
1591 4400 1832 4473 (Egypto

173 4485 536 4561 pendissent.

235 4577 313 4638 £6.
340 4575 635 4638 Claudius
653 4575 1015 4636 Britanniam
1048 4577 1300 4650 subegit.
1322 4581 1464 4634 Eua.
1484 4596 1539 4634 α.
1557 4594 1672 4650 pr.;
1705 4579 1825 4635 Dio.

2009 4401 2082 4454 66
2112 4400 2259 4456 Nero
2289 4403 2356 4454 ut
2383 4396 2828 4454 similitudinem
2862 4396 3046 4466 Trojas
3067 4396 3327 4452 ardentis
3347 4395 3590 4464 videret,

1941 4505 2217 4561 magnam
2267 4493 2493 4561 partem
2537 4486 2710 4543 Urbis
2755 4484 3033 4542 incendit.
3065 4487 3196 4540 Eus.
3226 4502 3280 4539 a.
3326 4488 3586 4557 γνωταί.

1937 4595 1992 4635 a.
2023 4579 2115 4634 6t.

1217 4721 1691 4786 COMPENDIUM
1730 4723 1822 4785 sx
1863 4721 2114 4788 GOD‘ICE
2156 4703 2536 4784 BERNO'LDI.

229 4870 310 4926 89
346 4868 622 4924 Mnus
675 4871 830 4926 locus
877 4868 1144 4938 Christus,
1189 4873 1326 4938 etc.,
1373 4871 1442 4926 ut
1487 4875 1636 4943 Aeg.
1686 4881 1825 4927 ann.
1859 4875 1907 4940 Β
1997 4867 2277 4925 θθΑάτιὴ
2308 4886 2321 4924 :
2355 4870 2492 4926 Nero
2539 4869 2596 4934 ν,
2645 4880 2818 4924 amcos
2871 4882 2993 4936 xm,
3051 4879 3259 4924 meme:
3310 4879 3412 4937 m,
3473 4866 3592 4925 dies

171 4974 307 5102 “gi
338 5045 522 5102 Addit
557 5061 583 5102 .:
627 5046 936 5118 διοριιιπαε
991 5045 1295 5120 rapam.
1338 5049 1546 5105 Mue
1597 5063 1825 5107 οοητιεν-

169 5139 212 5188 t'
275 5153 326 5190 r.

191 5139 307 5282 “‘38
337 5223 523 5280 Addit
548 5239 562 5279 :
597 5223 766 5280 Gaius
798 5223 1048 5296 Caligula
1079 5228 1294 5296 tertius,
1316 5243 1488 5285 annos
1520 5245 1594 5295 ιν,
1617 5245 1826 5286 menses

168 5328 250 5385 vi,
271 5313 394 5385 ὁ.ρδ
422 5328 549 5376 um.
577 5313 682 5372 Vir
708 5314 1141 5374 κνισσάίωίωά

233 5403 306 5458 45
334 5402 574 5469 Marcus,
609 5406 744 5473 etc.,
777 5401 886 5459 hoc
917 5403 1078 5460 deest
1111 5403 1170 5459 in
1203 5403 1266 5460 Β.

1935 4972 2134 5015 xum.
2165 4961 2265 5016 tua
2311 4959 2618 5030 ﬂagitiosus
2663 4957 2726 5012 6n
2771 4958 3002 5022 cunctis,
3028 4958 3272 5028 primum
3319 4958 3380 5012 in
3421 4956 3589 5014 Clu-i-

1932 5049 2139 5103 atianoa
2162 5048 2595 5120 persecutionem
2623 5048 2888 5102 exercuit.

1999 5138 2071 5193 57
2102 5136 2305 5193 Seditio
2330 5137 2387 5190 in
2423 5135 2694 5202 στρων-σα,
2726 5138 2860 5202 etc.,
2896 5139 2962 5189 ut
2990 5138 3139 5208 Aug.

2001 5227 2073 5282 59
2101 5227 2386 5298 [lucusque
2417 5225 2560 5280 liber
2585 5224 2746 5279 Actus
2775 5223 3141 5296 apostolorum
3170 5224 3451 5281 continens
3477 5240 3588 5279 an-

1932 5332 2030 5373 nos
2059 5333 2092 5371 a
2115 5317 2375 5388 passione
2404 5314 2623 5370 Domini
2650 5329 2827 5369 xxvu.

1753 5551 1990 5613 NOTAE.

593 5679 836 5760 notatur
855 5677 1053 5760 diem
1077 5681 1234 5760 Sept.
1261 5677 1430 5760 illam
1478 5679 1634 5736 enim
1667 5679 1728 5736 in
1757 5683 1944 5738 morte
1969 5679 2205 5740 Domini
2237 5683 2446 5752 prater
2486 5682 2752 5736 naturam
2786 5677 2844 5732 ia
2878 5674 3196 5748 plenilunio
3220 5667 3570 5737 contigisse,

169 5742 248 5806 ad"
266 5742 337 5806 ὴ.
362 5765 417 5806 a.
443 5742 746 5809 Eusebius
771 5765 846 5808 sl.-
873 5742 1190 5823 summa
1216 5754 1436 5810 uersu.
