3940 6364
350 454 471 521 ὅθι
1135 456 1549 526 HERMANNI
1593 450 2041 526 GONTRAGTI
2085 454 2504 525 AUGIENSIS
2545 456 2925 527 MONAOHI.
3680 451 3790 522 ὅθ’

1713 594 1950 652 CODEX
1985 592 2388 651 AUGIENSIS.

415 713 486 769 67
513 710 661 769 Nero
709 710 989 769 Senecam
1039 711 1389 786 magistrum
1446 727 1621 768 suum
1678 710 1988 769 interfecit.
2022 710 2078 778 Α
2106 708 2354 766 Sabinos
2392 709 2552 767 obiit.
2584 711 2715 767 Eus.
2745 727 2799 768 a.
2839 726 2930 784 pr.
2962 712 3029 768 In
3070 726 3257 786 marg.
3288 708 3461 768 Titus
3491 724 3634 767 ann.
3668 723 3756 771 ιιι,

348 800 476 857 Eus.
510 819 562 857 a.
596 818 681 873 pr.
2102 814 2288 855 mena.
2318 816 2378 854 ιι.

415 892 485 945 68
513 888 910 962 Vespasianus
958 886 1239 944 adversus
1289 887 1524 945 Judzeos
1571 886 1919 944 rebellantes
1955 905 1990 943 a
2094 938 2143 963 LA
2166 888 2229 941 81
2265 887 2434 943 Titus
2460 887 2548 943 vir
2574 891 2699 945 erat
2721 888 2989 945 omnium
3008 903 3219 963 genere
3247 888 3540 944 virtutum
3575 886 3756 943 mira-

345 940 1915 1048 N.;;...'.".;s;i{..i's;.i.11‘.;;.,-';.;i;.i
1959 940 1988 943 ”
2092 940 2699 1043 sissesisse;
2728 940 3757 1049 eius;uisuiggsgsgss-

415 1068 485 1121 69
514 1066 719 1122 Petrus
748 1070 806 1121 et
835 1064 1049 1120 Paulus
1079 1081 1113 1120 a
1150 1064 1376 1119 Nerone
1416 1072 1653 1136 propter
1690 1064 1985 1122 Simonem
2096 1067 2276 1117 retur.
2301 1063 2402 1118 Hic
2434 1063 2936 1136 amphitheatrum
2962 1064 3157 1121 Rome
3187 1064 3539 1132 construxit,
3561 1063 3625 1119 in
3656 1080 3757 1118 cu-

345 1154 578 1228 Magum
609 1153 996 1219 trucidantur,
1025 1158 1080 1209 et
1110 1152 1446 1224 pestilentia
1476 1153 1669 1208 Romae
1699 1154 1849 1211 facta
1876 1158 1985 1222 est,
2086 1151 2192 1222 jus
2230 1150 2595 1209 dedicatione
2640 1151 2900 1225 quinque
2952 1151 3140 1208 millia
3196 1154 3457 1209 ferarum
3512 1150 3753 1209 occidit.

343 1244 607 1315 Neroque
638 1242 899 1315 seipaum
932 1242 1241 1298 interfecit.
1276 1243 1421 1297 Suet.
1447 1260 1499 1297 a.
1525 1243 1624 1309 68;
1649 1244 1723 1297 al.
1747 1260 1799 1298 a.
1822 1244 1986 1298 66.—-
2095 1240 2250 1302 Eus.;
2280 1241 2377 1296 Dio
2405 1257 2460 1295 ιι.
2487 1258 2576 1313 pr.

342 1331 527 1388 Diuus
558 1333 787 1404 primus
815 1348 850 1387 a
876 1331 940 1385 B.
973 1334 1142 1387 Petro
1173 1330 1324 1387 sedit
1364 1331 1537 1387 annis
1564 1349 1665 1386 xu.
1690 1364 1755 1371 -—
1786 1331 1984 1387 Antio-
2163 1328 2235 1383 82
2262 1327 2459 1384 Cletua
2498 1345 2648 1401 papa
2696 1328 2993 1386 secundus
3041 1327 3212 1386 annis
3250 1346 3354 1385 xu.
3386 1330 3517 1385 Eus.
3549 1347 3604 1386 a.
3637 1345 3755 1402 pr.;

343 1421 488 1476 chiaa
516 1421 814 1477 secundus
843 1419 980 1491 (15')
1021 1418 1330 1493 episcopus
1360 1420 1666 1476 ordinatus
1691 1421 1982 1492 lgnatius;
2092 1416 2170 1471 al.
2200 1434 2255 1472 a.
2283 1419 2375 1473 78.
2399 1450 2465 1457 ——
2486 1418 2651 1474 Titus
2678 1418 2736 1473 in
2767 1421 2971 1475 eadem
2991 1416 3151 1483 villa,
3173 1434 3291 1489 qua
3309 1422 3369 1474 et
3394 1422 3581 1491 pater,
3605 1416 3758 1474 obiit

341 1510 420 1565 al.
454 1527 509 1564 a.
540 1512 630 1564 68.
2092 1521 2289 1561 annno
2335 1505 2520 1562 aatatis
2568 1506 2733 1562 XLII.
2765 1508 2893 1563 Eus.
2927 1523 2962 1562 a
2983 1523 3073 1578 pr.
3097 1508 3273 1575 -—(In
3317 1523 3499 1578 marg.
3545 1505 3753 1562 Domi-

409 1600 483 1652 70
512 1597 696 1654 Galba
743 1602 975 1653 menses
1012 1614 1110 1652 vu.
1144 1596 1292 1653 Otho
1335 1613 1564 1653 menses
1596 1615 1679 1652 ιιι.
1714 1597 1984 1654 Vitellius
2093 1591 2289 1649 tianus
2318 1595 2493 1650 frater
2520 1593 2635 1652 Titi
2664 1612 2802 1651 ann.
2835 1611 2928 1663 xv,
2962 1611 3150 1650 mens.
3185 1593 3265 1666 v.)

342 1701 576 1743 menses
596 1703 720 1741 VIII.
742 1684 1135 1756 Vespasianus
1163 1687 1212 1742 ϐ
1242 1685 1298 1740 in
1329 1686 1530 1741 Judaaa
1559 1703 1850 1758 pugnans,
1879 1685 1984 1741 im-
2166 1684 2203 1737 7
2241 1683 2310 1737 83
2342 1682 2708 1739 Domitianus
2730 1682 2981 1739 infectus
3000 1680 3280 1738 omnibus
3300 1680 3626 1739 sceleribus
3658 1699 3751 1739 se-

342 1780 575 1848 perator
603 1775 675 1832 ab
707 1775 956 1831 exercitu
980 1774 1375 1843 constituitur,
1399 1774 1488 1829 vir
1508 1773 1749 1830 militari
1773 1774 1984 1830 virtute
2091 1771 2283 1826 cundo
2313 1772 2681 1843 persequitur
2710 1770 3089 1827 Christianos.
3128 1771 3257 1826 Eus.
3287 1788 3342 1826 a.
3371 1789 3463 1844 pr.
3485 1801 3556 1812 -—
3586 1771 3750 1828 Idem
3863 1795 3873 1803 ν

339 1863 687 1937 praecipuus.
722 1865 875 1929 Eus.;
906 1862 1055 1917 Suet.
1088 1880 1141 1918 a.
1173 1879 1259 1934 pr.
2089 1858 2266 1915 etiam
2297 1858 2596 1915 eunuchos
2628 1858 2752 1916 fieri
2783 1858 3104 1932 prohibuit.
3138 1863 3265 1917 Eus.
3298 1876 3355 1914 a.
3387 1875 3500 1933 seq.

407 1954 470 2008 71
506 1953 591 2025 (In
616 1969 791 2022 marg.
823 1950 1219 2023 Vespasianus
1259 1967 1396 2006 ann.
1432 1968 1509 2016 ιχ,
1540 1968 1727 2008 mens.
1755 1969 1833 2020 χι,
1857 1951 1981 2007 dies
2158 1948 2228 2002 84
2277 1947 2515 2003 Decreto
2563 1951 2805 2004 senatus
2848 1947 3017 2004 Titus
3069 1947 3221 2003 inter
3276 1947 3416 2007 deos
3465 1947 3743 2005 refertur.

335 2041 499 2111 χχιι.)
528 2040 697 2097 Titus
722 2040 956 2096 Judaeos
982 2038 1360 2095 inenarrabili
1386 2039 1538 2096 fame
1567 2040 1856 2096 cruciatos
1886 2041 1982 2096 ob-
2010 2064 2058 2129 B
2091 2036 2219 2091 Eus.
2249 2054 2303 2129 ei.
2335 2053 2427 2108 pr.

337 2129 506 2188 sedit.
536 2132 666 2187 Eus.
2012 2123 2051 2129 ⁷
2158 2126 2229 2180 85
2254 2123 2396 2181 Tres
2423 2124 2677 2197 virgines
2707 2127 2897 2181 Vestis
2937 2124 3011 2182 ob
3049 2127 3324 2197 stuprum
3355 2124 3746 2184 damnantur.

405 2220 478 2273 72
506 2216 867 2275 Hierusalem
892 2234 927 2272 a
945 2217 1075 2273 Tito
1105 2220 1432 2288 expugnata
1462 2216 1806 2283 destruitur,
1828 2234 1981 2272 anno
2090 2212 2239 2268 Suet.
2267 2231 2302 2269 a
2326 2214 2416 2268 83.

338 2323 374 2362 a
401 2306 673 2378 passione
702 2305 927 2361 Domini
948 2323 1039 2371 XL,
1065 2322 1099 2360 a
1119 2304 1307 2376 prima
1329 2321 1461 2360 vero
1487 2304 1983 2361 conditionetem-
2158 2303 2228 2356 86
2254 2300 2516 2357 Anianus
2558 2300 2786 2374 primus
2832 2304 2965 2374 post
3008 2301 3269 2357 Marcum
3316 2301 3743 2375 evangelistam

337 2393 417 2469 pli
447 2395 557 2451 sub
587 2393 895 2450 Salomone
924 2393 1267 2449 MLXXXIX.
1303 2394 1489 2454 Beda.;
1520 2393 1595 2449 al.
1628 2410 1681 2448 a.
1709 2395 1800 2448 70.
2087 2388 2397 2462 episcopus
2444 2389 2800 2445 Alexandria
2848 2392 2981 2462 post
3024 2406 3211 2445 annos
3258 2407 3377 2446 χχιι
3423 2389 3592 2457 obiit,
3637 2407 3745 2463 pro

407 2484 480 2538 75
506 2483 623 2538 Hoc
650 2487 908 2554 tempore
935 2481 1225 2552 Josepbus
1253 2481 1760 2554 historiographus
1789 2481 1981 2539 clarus
2088 2493 2202 2549 quo
2231 2477 2457 2532 Abilius
2487 2477 2640 2533 sedit
2667 2476 2839 2534 annis
2867 2494 2991 2533 χιιι.
3024 2477 3153 2533 Eas.
3186 2495 3241 2533 a.
3272 2494 3362 2550 pr.

339 2570 609 2628 habetur.
2158 2568 2227 2621 88
2256 2565 2622 2622 Domitianus
2653 2581 2717 2621 se
2753 2565 2940 2621 Deum
2985 2569 3043 2621 et
3087 2565 3406 2623 Dominum
3453 2566 3746 2640 appellari

406 2661 476 2714 77
505 2657 776 2716 Colossus
808 2661 1035 2714 erectus
1066 2662 1155 2713 est
1194 2657 1415 2713 habens
1444 2655 1773 2713 altitudinis
1804 2657 1978 2730 pedes
2081 2653 2282 2726 jussit.
2315 2656 2446 2711 Eus.
2478 2671 2532 2710 a.
2559 2671 2656 2727 pr.
3678 2661 3687 2669 '

337 2754 570 2805 centum
601 2751 659 2803 et
687 2751 929 2819 septem.
964 2747 1063 2802 Dio
1094 2763 1147 2801 a.
1179 2747 1268 2801 75.
1969 2806 1973 2811 ,
2158 2741 2230 2797 90
2274 2741 2671 2808 Quintilianus
2718 2741 2914 2799 rhetor
2964 2741 3163 2799 Romae
3210 2741 3405 2800 clarus
3462 2742 3741 2802 habetur.

400 2838 473 2892 79
502 2835 843 2892 Pestilentia
872 2836 1066 2891 Romae
1094 2835 1242 2890 facta
1270 2838 1376 2898 est,
1400 2839 1458 2891 et
1476 2839 1839 2890 terrzemotus
1861 2839 1977 2890 tres
2086 2833 2214 2887 Eus.
2248 2849 2302 2886 a.
2330 2848 2423 2904 pr.

335 2924 596 2981 civitates
626 2924 793 2998 Cypri
827 2923 1129 2980 subvertit.
1160 2926 1285 2980 Eas.
1317 2940 1369 2979 a.
1399 2940 1486 2995 pr.
2156 2921 2219 2974 91
2268 2920 2371 2975 His
2417 2919 2779 2993 temporibus
2824 2917 3065 2976 haeresis
3114 2919 3418 2977 Menandri
3468 2922 3656 2995 magi,
3686 2926 3746 2981 et

404 3015 476 3069 80
503 3012 899 3086 Vespasianus
938 3012 1222 3085 proﬂuvio
1267 3012 1487 3069 ventris
1533 3011 1594 3067 in
1641 3010 1779 3067 villa
1828 3010 1979 3068 circa
2086 3007 2508 3075 Ebionitarum,
2529 3010 2588 3064 et
2611 3006 3040 3065 Corinthiorum
3068 3010 3127 3065 et
3154 3007 3582 3067 Nicolaitarum
3613 3026 3745 3069 exo-

2085 3096 2254 3152 ritur.

1370 3231 1849 3289 COMPENDIUM
1888 3230 1980 3287 EX
2018 3227 2270 3286 CODICE
2309 3226 2690 3284 BERNOLDI.

398 3333 468 3387 67
495 3333 653 3398 Nero,
681 3334 815 3398 etc.,
850 3335 913 3386 ut
940 3337 1088 3404 Aug.
1123 3332 1186 3387 In
1226 3332 1476 3401 margine
1503 3332 1773 3401 primaeva
1800 3345 1970 3385 manu
1997 3329 2039 3397 α
2144 3327 2217 3380 70
2251 3326 2673 3398 Vespasianus...
2703 3325 3071 3381 constituitur.
3110 3327 3474 3398 Vespasianus
3507 3328 3621 3395 VII,
3654 3345 3738 3386 re-

327 3419 441 3476 haec
465 3423 726 3476 notantur
753 3436 772 3474 :
804 3420 1165 3490 Hieronymus
1194 3419 1256 3472 in
1285 3417 1424 3473 libro
1454 3419 1529 3472 De
1562 3417 1698 3472 viris
1727 3416 1969 3472 illustri-
2076 3418 2210 3488 gnat
2244 3430 2415 3471 annos
2445 3432 2522 3484 Ix,
2552 3430 2763 3471 menses
2790 3431 2871 3484 χι,
2899 3414 3015 3471 dies
3042 3431 3181 3470 xxu.
3215 3416 3304 3472 Vir
3329 3416 3574 3472 militari
3613 3420 3733 3473 vir-

331 3508 431 3562 bus
458 3508 607 3579 (cap.
642 3507 731 3579 l2)
766 3522 778 3562 :
807 3529 835 3555 «
870 3507 1067 3562 Lucius
1110 3507 1349 3561 Annaeus
1386 3505 1586 3561 Seneca
1616 3503 1972 3560 Cordubensis
2080 3507 2192 3560 tute
2220 3506 2555 3577 praecipuus.

331 3595 510 3651 Setini
539 3596 649 3667 (16)
678 3597 836 3650 stoici
858 3595 1200 3666 discipulus,
1248 3605 1480 3666 patruus
1527 3595 1737 3670 Lucani
1777 3602 1968 3666 poetae,
2148 3594 2215 3647 71
2244 3594 2389 3648 Titus
2409 3592 2649 3661 Iudaeos,
2672 3594 2808 3661 etc.,
2842 3595 2909 3649 ut
2935 3592 3081 3665 Aug.

328 3684 528 3739 multas
582 3684 841 3755 epistolas
894 3684 1111 3753 scripsit
1161 3681 1229 3737 ad
1284 3683 1524 3737 Paulum
1573 3682 1896 3753 apostolum,
1926 3688 1976 3738 et
2151 3684 2221 3736 72
2252 3680 2656 3737 Hierusalem...
2687 3682 3000 3753 a'passione
3039 3682 3263 3738 Domini
3298 3697 3432 3751 XLII,
3464 3699 3499 3737 a
3525 3685 3742 3755 prima,

328 3773 538 3828 Paulus
560 3772 632 3828 ad
662 3773 826 3827 illum
848 3788 867 3826 :
892 3772 985 3844 qui
1011 3787 1066 3826 se
1102 3771 1270 3826 talem
1296 3772 1444 3826 inter
1470 3786 1593 3826 suos
1612 3786 1725 3827 csse
1750 3771 1972 3840 optavit,
2083 3774 2219 3839 etc.,
2251 3774 2317 3826 ut
2339 3771 2487 3843 Aug.

328 3862 510 3932 qualis
554 3861 769 3917 Paulus
822 3859 1115 3916 haberetur
1141 3861 1289 3914 inter
1318 3858 1678 3915 Christianos.
1704 3880 1732 3908 »
1755 3857 1899 3931 Opp.
1931 3862 1973 3915 t.
2154 3859 2225 3913 80
2258 3859 2611 3930 Vespasianus
2662 3858 2955 3930 proﬂuvio,
3014 3862 3151 3926 etc.,
3201 3864 3265 3914 ut
3310 3860 3458 3933 Aug.
3490 3890 3562 3900 --
3594 3861 3751 3917 Titus

327 3950 422 4015 IV,
455 3967 512 4023 ρ.
550 3968 615 4017 ιι,
643 3967 698 4023 p.
736 3950 838 4004 106
868 3965 997 4004 nov.
1028 3948 1120 4004 ed.
1151 3950 1334 4003 Maur.
2091 3948 2221 4015 VIII,
2254 3947 2569 4019 Vespasiani
2608 3947 2760 4018 ﬁlius
2806 3962 2979 4003 annos
3018 3947 3172 4014 duos,
3204 3963 3419 4004 menses
3467 3938 3627 4017 duos,
3659 3951 3777 4005 vir'

396 4039 468 4095 68
499 4040 857 4112 Vespasianus
912 4038 1028 4093 dua:
1079 4038 1348 4093 exercitus
1400 4036 1676 4105 adversus,
1727 4040 1861 4105 etc.,
1913 4041 1980 4094 ut
2085 4038 2331 4093 omnium
2358 4051 2551 4108 genere
2578 4037 2848 4091 virtutum
2873 4036 3171 4105 mirabilis,
3195 4038 3274 4092 ita
3302 4040 3363 4093 ut
3390 4030 3606 4095 deliciae
3628 4034 3755 4111 (17)

325 4127 473 4201 Aug.
2086 4127 2137 4181 et
2164 4141 2318 4182 amor
2346 4124 2579 4180 humani
2604 4125 2822 4194 generis
2849 4123 3143 4181 diceretur.

394 4217 467 4272 69
494 4217 686 4272 Petrus
742 4219 793 4270 et
851 4215 1121 4270 Paulus...
1172 4213 1525 4269 trucidantur
1572 4231 1635 4269 ιιι
1682 4215 1803 4271 Καὶ.
1858 4216 1976 4272 Jul.
2158 4215 2221 4269 81
2256 4215 2402 4270 Titus
2431 4212 2916 4285 amphitheatrum,
2948 4217 3085 4280 etc.,
3118 4216 3184 4270 ut
3211 4215 3359 4288 Aug.

329 4310 537 4364 caetera
567 4308 632 4360 ut
671 4305 818 4377 Aug.
851 4305 1020 4359 Linus
1049 4304 1091 4359 I.
1124 4320 1157 4358 a
1193 4306 1257 4358 Β.
1292 4308 1455 4359 Petro
1501 4303 1638 4379 sedit
1666 4306 1830 4359 annis
1876 4321 1977 4380 χιι,
2158 4303 2231 4357 82
2277 4301 2557 4357 {nactetus
2582 4308 2587 4383 ς
2599 4317 2748 4374 papa
2792 4296 2873 4369 II,
2908 4302 3051 4359 sedit
3094 4304 3261 4358 annis
3305 4319 3408 4372 xu,
3455 4319 3657 4376 passus
3686 4310 3773 4361 vr

322 4410 521 4468 passus
573 4401 652 4449 est
698 4410 756 4448 v1
804 4392 922 4447 Kal.
980 4393 1102 4447 Dec.
1137 4390 1453 4460 Antiochiae,
1514 4396 1647 4459 etc.,
1710 4395 1776 4447 ut
1827 4395 1975 4465 Aug.
2088 4391 2212 4447 Kal.
2242 4390 2652 4446 Maii—Titus
2699 4392 2760 4445 in
2805 4390 2994 4446 eadem
3037 4388 3195 4462 villa,
3225 4395 3359 4461 etc.,
3390 4395 3457 4447 ut
3496 4397 3755 4466 Aug.—

329 4483 498 4540 Galba
559 4483 637 4548 VI,
696 4498 905 4537 menses
958 4497 1056 4536 vu.
1108 4479 1257 4548 Otho,
1314 4497 1525 4536 menses
1581 4498 1664 4535 ιιι.
1705 4481 1973 4548 Vitellius,
2091 4481 2432 4537 Domitianus
2482 4479 2567 4546 IX,
2618 4478 2799 4553 frater
2851 4481 2974 4547 Titi,
3009 4481 3176 4536 annis
3225 4497 3317 4549 xv,
3366 4470 3654 4537 mensibus
3686 4487 3780 4537 v.’

327 4588 536 4628 menses
568 4588 688 4626 vm.
722 4573 868 4626 Nota
912 4567 1255 4642 marginalia
1305 4568 1574 4625 Bernoldi
1609 4585 1622 4624 :
1658 4571 1780 4624 Hazc
1821 4570 1982 4626 ehro-
2089 4570 2206 4633 Hic,
2238 4569 2492 4624 omnibus
2520 4569 2754 4639 inlectus
2789 4568 3106 4636 sceleribus,
3134 4569 3367 4625 secundo
3390 4572 3757 4643 persequitur

326 4662 455 4716 nica
484 4661 546 4715 in
574 4661 909 4715 successione
956 4660 1326 4765 Romanor'um
1369 4658 1692 4729 pontiﬁcum
1735 4661 1985 4730 sequitur
2012 4699 2060 4765 Β
2094 4656 2451 4713 Christianos.
2473 4685 2543 4696 —
2572 4656 2719 4712 Nota
2748 4655 3091 4730 marginalia
3136 4656 3402 4713 Bernoldi
3438 4674 3451 4713 :
3484 4660 3616 4715 Post
3657 4663 3756 4716 Li-

327 4748 639 4816 Eusebium,
668 4764 780 4804 non
807 4748 1183 4820 pontiﬁcalem
1216 4745 1445 4814 librum,
1474 4747 1566 4801 cui
1598 4749 1780 4803 tamen
1809 4749 1986 4818 magis
2012 4744 2059 4765 ¹¹
2091 4763 2227 4802 num
2250 4761 2455 4818 papam
2482 4744 2709 4816 quidam
2735 4745 2868 4800 libri
2896 4745 3094 4803 habent
3126 4745 3358 4817 Cletum,
3388 4754 3442 4804 et
3469 4750 3591 4820 post
3624 4747 3755 4805 Cle-

327 4851 391 4904 ίπ
422 4834 524 4890 hac
568 4835 930 4907 descriptione
984 4842 1120 4891 esset
1179 4833 1528 4901 credendum,
1558 4842 1622 4889 ut
1647 4837 1777 4907 puta
1816 4851 1985 4907 quem
2090 4844 2329 4891 mentem
2356 4833 2708 4896 Anacletum;
2738 4833 2833 4890 sed
2876 4834 3108 4892 historia
3136 4835 3355 4892 Eusebii
3384 4835 3598 4893 Cletum
3641 4854 3753 4911 pa-

328 4924 597 4979 Damasus
651 4940 793 4995 papa
843 4927 1037 4996 rogatu
1095 4922 1151 4978 S.
1198 4922 1524 4993 Hieronymi
1568 4922 1986 4995 diligentissime
2087 4941 2221 4997 pam
2247 4921 2471 4980 omnino
2493 4923 2739 4993 praeterit
2763 4922 2923 4995 (17').

329 5011 618 5085 descripsit
644 5012 806 5085 (16⁸).
1208 5011 1210 5013 ’
2162 5011 2234 5066 83
2256 5011 2600 5069 Domitianus
2635 5010 2910 5068 eunuchos
2936 5012 3064 5083 ﬁeri
3083 5012 3389 5085 prohibuit.
3482 5030 3487 5033 τ

1918 5136 2153 5194 NOT/E.

403 5232 537 5306 (15")
567 5233 800 5291 Scilicet
842 5238 976 5307 post
1021 5232 1280 5297 Petrum,
1312 5230 1458 5287 alias
1509 5232 1737 5302 tertius,
1778 5234 1978 5291 Evodii
2088 5238 2147 5290 et
2176 5249 2352 5307 p.111,
2384 5247 2443 5304 p.
2474 5231 2639 5307 7IO._V
2881 5303 2892 5307 _
3102 5303 3114 5307 Δ
3151 5305 3159 5307 4
3208 5304 3218 5307 Α
3264 5294 3349 5307 η,

330 5301 656 5380 successor.
846 5301 878 5380 '_
926 5379 931 5380 ί
1001 5375 1052 5380 _
1230 5373 1240 5380 _
1287 5375 1296 5380 Α
1683 5374 1712 5380 _
1789 5376 1798 5380 _
2086 5376 2122 5380 _
2158 5301 2294 5377 (ἰδ’)
2325 5301 2520 5376 Longe
2549 5301 2717 5360 aliter
2744 5303 3008 5361 sentiunt
3035 5303 3242 5362 critici.
3263 5304 3395 5362 Vid.
3428 5305 3652 5380 Pagina
3682 5308 3751 5366 in

402 5375 513 5446 (16)
543 5376 763 5448 Seneca
791 5375 959 5448 epist.
990 5373 1438 5448 49‘magiatrum
1470 5389 1645 5429 suum
1678 5374 1978 5448 Sotionem
2086 5373 2361 5448 Damaao.

330 5443 516 5509 vocat,
552 5447 635 5521 uti
667 5452 722 5521 et
752 5443 1121 5521 Eusebiusin
1155 5443 1759 5521 Chronicoﬁaeterum
1789 5446 1984 5503 Hiero-
2090 5519 2101 5521 _
2158 5447 2273 5518 (17)
2303 5446 2487 5521 [tagax
2514 5444 2686 5500 editis
2716 5444 3339 5521 legendum,quamvis
3368 5447 3606 5505 codices
3634 5450 3747 5508 ha-

331 5534 544 5589 nymus
577 5518 670 5571 hic
701 5518 918 5573 indicat
964 5515 1274 5589 epistolam
1305 5516 1673 5589 undecimam
1706 5518 1978 5589 Senecae,
2088 5515 2265 5575 beant
2292 5516 2524 5589 diuitiae.

332 5585 460 5659 qua:
492 5595 579 5671 est
610 5595 770 5643 sexta
800 5585 1171 5671 aid-Paulum,
1196 5602 1369 5671 quem
1397 5587 1482 5643 ita
1501 5585 1818 5671 alloquitur
1841 5606 1853 5645 :
1879 5591 1983 5658 Qui
2093 5660 2103 5671 _
2128 5589 2305 5671 _(I7‘)_
2327 5586 2545 5671 Nempe
2574 5586 2728 5671 quod
2756 5602 2828 5671 es
2853 5589 2982 5671 ejus
3007 5593 3066 5646 et
3087 5592 3417 5671 Graecorum
3447 5593 3755 5671 sententia

331 5658 657 5742 ρερειδιπιᾳιιξ
685 5660 829 5742 apud
851 5662 927 5742 ‘te
976 5658 1143 5722 locus,
1172 5660 1471 5742 quietius,“
1490 5658 1654 5742 velini
1698 5664 1759 5715 ut
1805 5676 1975 5742 meus.
2089 5658 2246 5742 idem
2276 5658 2453 5742 fuerit
2474 5658 2618 5742 cum
2645 5658 3115 5742 Anacletb,‘_quoa
3145 5663 3343 5742 tamen
3373 5660 3751 5736 Epiphanius

329 5728 461 5783 Vid.
492 5728 736 5786 Fabricii
764 5730 891 5787 cod.
918 5728 1232 5803 apocryph.
1260 5730 1399 5785 Nov.
1425 5730 1582 5786 Test.
1608 5748 1664 5804 p.
1690 5747 1752 5800 ιι,
1777 5747 1832 5805 p.
1855 5734 1980 5801 880,
2092 5736 2151 5789 et
2178 5730 2444 5805 plerique
2474 5729 2814 5792 Latinorum
2843 5728 3239 5807 diatihgu’unt.
3296 5754 3303 5761 ε
3418 5728 3439 5734 “
3482 5728 3504 5736 ’
3643 5752 3649 5759 '
