3940 6364
370 438 450 497 67
1188 433 1603 498 HERMANNI
1646 433 2082 496 CONTRACTI
2124 432 2535 521 AUGIENSIS
2578 434 2961 498 MONACHI.
3700 429 3782 494 68

1757 591 1989 648 CODEX
2024 590 2420 650 AUGIENSIS.

449 689 551 746 184
572 688 927 747 Commodus
945 688 1342 762 Septembrem
1368 704 1629 745 mensem
1651 689 1886 744 nomine
1906 706 2013 745 suo
2039 690 2099 757 Α
2127 690 2357 763 quoque
2386 696 2444 748 et
2470 691 2744 748 Bachilus
2764 690 2990 759 Asiani,
3022 694 3082 747 et
3102 687 3200 745 alii
3221 685 3484 762 episcopi
3512 684 3778 759 insignes

377 777 709 852 appellavit.
739 779 870 833 Eus.
905 794 958 833 ιι.
991 777 1114 833 185.

2127 777 2436 835 habentur.
2469 782 2607 836 Eus.
2640 781 2696 836 ἡ.
2726 797 2781 835 a.
2864 826 2866 829 .

448 867 554 924 185
583 865 996 938 Hierosolymis
1032 865 1205 921 XXVI
1250 864 1554 922 ordinatur
1582 865 1871 922 Maximus
1894 866 2014 938 epi-
2197 868 2300 923 198
2317 868 2632 925 Judaicum
2652 873 2711 926 et
2729 866 3142 926 Samariticum
3163 865 3386 924 bellum
3412 867 3644 922 motum
3665 866 3777 921 est.

379 972 615 1029 scopus.
646 956 773 1011 Eus.
807 972 858 1011 a.
893 954 1014 1009 186.
1041 984 1108 995 —
1132 953 1408 1027 Origenes
1429 954 1584 1025 apud
1607 954 2015 1011 Alexandriam
2125 956 2253 1011 Eas.
2287 961 2342 1012 h.
2374 973 2429 1012 a.

378 1046 661 1101 nascitur.
692 1042 813 1117 Def.
840 1044 917 1099 in.
943 1043 1029 1110 B.,
1057 1041 1115 1097 h.
1143 1060 1197 1097 a.
2195 1045 2301 1100 199
2330 1045 2574 1101 Severus
2594 1045 2839 1101 Parthos
2857 1049 2915 1101 et
2932 1044 3285 1113 Adiabenos,
3310 1042 3660 1114 Arabasque
3674 1056 3775 1097 eu-

447 1134 552 1189 186
582 1133 891 1188 Montanus
934 1129 1173 1203 quidam
1224 1129 1470 1187 hmresin
1517 1130 2015 1204 Cataphrygarum
2126 1133 2368 1204 peravit.
2399 1136 2528 1189 Eus.
2560 1150 2622 1191 a.
2652 1150 2763 1205 seq.

375 1221 590 1278 condit.
625 1223 763 1276 Eus.
795 1236 850 1274 a.
885 1221 1006 1275 172.
2191 1223 2292 1275 201
2328 1222 2591 1277 Thermas
2639 1221 2956 1278 Severiana
2999 1222 3155 1294 apud
3201 1219 3575 1277 Antiochiam
3606 1219 3775 1276 facta

442 1310 547 1365 188
575 1307 926 1381 Capitolium
948 1308 1144 1364 Romae
1176 1310 1233 1363 et
1264 1305 1616 1365 bibliotheca
1635 1306 1880 1364 fulmine
1900 1325 2017 1365 cre-
2123 1314 2283 1365 sunt.
2316 1311 2443 1365 Eus.
2475 1310 2530 1366 Ιι.
2561 1327 2616 1367 a.
3066 1356 3069 1361 .

372 1401 627 1454 mantur.
658 1398 787 1452 Eus.
819 1414 874 1452 (ι.
906 1395 1030 1451 189.
2194 1400 2301 1453 202
2330 1398 2694 1471 Zephyrinus
2733 1415 2883 1472 papa
2911 1398 3034 1454 XIV
3063 1397 3213 1455 sedit
3240 1397 3417 1455 annis
3444 1412 3610 1455 xvm.
3641 1397 3771 1455 Eus.

442 1488 546 1543 189
577 1484 937 1542 Alexandriae
970 1483 1299 1541 Demetrius
1326 1483 1635 1557 episcopus
1663 1484 1815 1540 sedit
1843 1484 2014 1541 annis
2122 1486 2177 1542 h.
2210 1504 2265 1542 a.

369 1592 530 1631 xuii.
562 1576 691 1630 Eus.
722 1592 775 1629 a.
809 1590 918 1646 scq.
949 1605 1018 1613 —
1065 1573 1425 1629 Commodus
1455 1571 1667 1629 colossi
1698 1573 1884 1645 capite
1914 1590 2011 1628 su-
2191 1576 2296 1631 203
2321 1580 2565 1632 Severus
2586 1576 2792 1648 quinta
2810 1576 3213 1649 persecutione
3233 1574 3523 1648 plurimos
3540 1579 3771 1630 sancto-

371 1664 530 1720 blato
560 1680 678 1719 sum
700 1662 977 1735 imaginis
996 1666 1170 1733 caput
1182 1662 1363 1733 jussit
1390 1661 1633 1734 imponi.
1652 1666 1786 1717 Eus.
1813 1679 1865 1717 a.
1885 1663 2011 1717 190.
2121 1681 2251 1719 rum
2284 1665 2602 1729 coronavit,
2630 1664 2780 1721 inter
2811 1681 2960 1736 quos
2991 1670 3157 1737 pater
3184 1663 3453 1736 Origenis
3482 1661 3772 1719 Leonides

449 1771 547 1827 190
575 1770 928 1827 Commodus
958 1766 1176 1823 multos
1205 1767 1487 1823 nobilium
1541 1767 1849 1823 interfecit.
1884 1769 2005 1823 Eus.

1886 1769 2009 1823 Εαε,
2121 1769 2256 1808 cum
2288 1752 2489 1809 multis
2515 1752 2650 1809 aliis
2679 1753 3105 1826 martyrizatur.
3137 1754 3266 1808 Eus.
3299 1752 3356 1808 h.
3387 1769 3442 1807 a.

368 1878 423 1917 a.
459 1858 581 1916 191.
613 1889 681 1899 ——
710 1856 943 1929 Serapio
968 1855 1426 1912 VIlIAntiochiae
1447 1855 1759 1929 episcopus
1778 1856 1924 1912 ordix

2214 1843 2296 1897 :05
2324 1843 2606 1914 Perpetua
2632 1846 2690 1898 et
2714 1841 2981 1899 Felicitas
3004 1842 3112 1897 hac
3136 1841 3543 1914 persecutione
3563 1840 3770 1898 bestiis

368 1953 481 2006 tur.
514 1950 643 2004 Eus.
676 1947 730 2002 Ιι.
761 1963 853 2013 α.;
887 1946 962 2000 al.
999 1961 1053 2000 a.
1089 1945 1211 2000 199.
2119 1931 2476 2001 deputantur
2503 1930 2657 2002 apud
2688 1929 3121 2003 Carthaginem.

437 2057 533 2112 191
570 2052 804 2121 Questio
834 2053 905 2107 de
936 2050 1158 2106 Pascha
1188 2050 1397 2117 oritur,
1431 2054 1486 2107 et
1508 2051 1567 2106 in
1599 2051 1899 2107 Dominica
1920 2050 1993 2105 dic

2213 2021 2295 2073 506
2310 2018 2702 2091 Symmachus
2723 2024 2781 2074 et
2800 2017 3160 2075 Theodotion
3180 2018 3531 2091 interpretes
3550 2018 3769 2076 haben-

366 2108 642 2201 celebra~ri
665 2142 928 2214 jubetur.
963 2141 1090 2194 Eus.
1119 2156 1172 2195 a.
1206 2141 1307 2194 197
1340 2108 1471 2211 (30).
2043 2108 2086 2119 υ
2116 2110 2223 2214 tu:
2241 2108 2751 2214 ξίξηίξξξροτίδιιεο

1134 2245 1179 2269 ε,
1198 2195 1603 2269 ,ῌΔξῌξΔ-,Δ
1633 2245 1687 2269 ,_
1718 2246 1882 2269 μμ-
1906 2244 1984 2269 η,
2186 2197 2665 2252 102078everus
2683 2195 2901 2253 vallum
2918 2196 3074 2268 apud
3098 2195 3408 2253 Britannos
3427 2212 3536 2269 per
3571 2212 3767 2252 cxmi

1134 2245 1145 2256 .
1200 2245 1211 2257 .
1635 2245 1648 2259 .
2195 2244 2224 2251 _
2246 2244 2283 2252 ν
2304 2244 2394 2250 η--
2420 2244 2580 2252 --.-.
2598 2244 2664 2252 --
2694 2244 2901 2253 ...--_...
2919 2244 3074 2268 Ἴ.--
3098 2244 3407 2253 ---η-..--
3431 2244 3526 2269 τ--
3574 2244 3765 2252 -__-

438 2251 543 2356 Ἐςῗῖ
953 2244 2009 2356 θξΫῩίξδξηξξέῖῗοῗιλθέίξξῗιῗῖῗ
2116 2284 2302 2340 millia
2330 2301 2615 2356 passuum
2647 2302 2682 2341 a
2736 2283 2882 2341 mari
2930 2285 3003 2341 ad
3033 2301 3193 2341 mare
3223 2285 3379 2342 fecit.
3409 2286 3545 2342 Eus.
3576 2287 3636 2343 h.
3669 2302 3724 2342 a.
3750 2302 3765 2354 ;

370 2338 503 2396 stali
535 2336 952 2409 strangulatur.
978 2335 1183 2390 Eus.a.
1211 2333 1464 2403 193;sed
1484 2334 1658 2404 legit:
1687 2332 2003 2391 Vestiliani.

442 2445 545 2501 193
600 2443 870 2500 Pertinax
918 2442 1107 2512 major
1156 2439 1601 2513 septuagenario
1645 2457 1713 2495 ex
1769 2444 1998 2496 senatus

2206 2463 2290 2518 :08
2332 2460 2726 2518 Tertullianus
2754 2463 2909 2534 Afer;
2931 2462 3297 2519 clarissimus
3328 2461 3603 2519 habetur.
3637 2462 3762 2518 Eas.

372 2531 636 2590 consulto
659 2532 869 2604 jussus
914 2537 1003 2585 est
1032 2529 1339 2601 imperare.
1383 2530 1507 2584 Eus.
1542 2529 1597 2583 h.
1629 2545 1682 2584 a.
1717 2529 1801 2600 (1η
1828 2545 2005 2597 marg.
2116 2549 2170 2605 ιι,
2202 2567 2257 2606 α,

370 2622 661 2678 Pertinax.
694 2619 838 2689 XVI,
890 2635 1075 2677 mens.
1107 2620 1232 2685 vn.)
1281 2618 1480 2673 Victor
1526 2616 1648 2672 XIII
1680 2634 1831 2712 papa
1859 2632 1926 2673 sel

2209 2641 2289 2695 :09
2315 2639 2593 2712 Origenes
2642 2640 2999 2696 Alexandria:
3049 2638 3271 2696 studiis
3300 2640 3591 2698 eruditur.
3638 2642 3765 2697 Eas.

376 2711 470 2768 l5
503 2709 675 2766 annis
702 2725 758 2764 x.
809 2710 935 2763 Eus.
982 2708 1037 2764 ἠ.
1085 2723 1139 2764 a.
1187 2735 1252 2746 —-
1304 2706 1662 2762 Pertinacem
1710 2704 1920 2762 occidit
1945 2704 2005 2761 in
2116 2728 2171 2783 ιι,
2203 2745 2257 2784 α,

369 2798 584 2873 palatio
610 2796 882 2854 Julianus
902 2794 1302 2868 jurisperitus,
1334 2800 1391 2851 et
1423 2794 1680 2867 regnavit
1708 2810 1811 2866 pro
1841 2811 1907 2850 eo

2183 2817 2291 2871 210
2320 2817 2566 2872 Severus
2598 2818 2655 2871 in
2687 2816 2986 2872 Britannia
3015 2816 3283 2873 moritur.
3315 2818 3445 2874 lius.
3475 2834 3532 2874 α.
3566 2817 3697 2875 211.

371 2903 623 2945 menses.
658 2891 787 2943 Eus-
820 2884 875 2939 h-
907 2902 960 2941 α·
2183 2905 2279 2961 211
2316 2904 2635 2959 Antiochiae
2664 2903 3033 2975 Asclepiades
3061 2908 3141 2959 1X
3181 2905 3500 2978 episcopus
3529 2906 3769 2964 ordina-

440 2994 545 3050 194
574 2993 819 3048 Severus
850 3007 1058 3062 genere
1077 2990 1211 3045 Afer
1228 2989 1530 3045 Julianum
1555 2990 1708 3061 apud
1732 2989 2006 3045 Mulvium
2116 2998 2229 3047 tur.
2256 2995 2391 3047 Eus.
2414 3010 2467 3047 a.
2492 2994 2597 3048 212
2617 2996 2703 3064 (In
2725 3009 2900 3063 marg.
2916 2994 3246 3051 Antoninus
3275 2993 3452 3050 XVIII
3470 3011 3618 3051 ann.
3640 2997 3768 3069 vn.)

373 3086 609 3155 pontem
639 3080 946 3146 interlecit,
978 3082 1036 3134 et
1062 3079 1122 3132 in
1153 3078 1431 3133 honorem
1462 3077 1798 3145 Pertinacis,
1832 3095 2007 3150 quem
2184 3083 2291 3136 212
2314 3081 2635 3138 Alexander
2666 3081 2858 3137 XXXV
2887 3081 3419 3154 Hierosolymorum
3450 3084 3770 3158 episcopus

372 3172 526 3227 idem
556 3168 828 3225 Julianus
882 3166 1189 3233 occiderat,
1222 3166 1581 3221 Pertinacem
1613 3183 1675 3221 se
1712 3166 2007 3238 cognomi-
2116 3170 2418 3225 ordinatur
2443 3169 2667 3225 vivente
2698 3170 2991 3237 Narcisso,
3036 3170 3150 3227 Deo
3199 3188 3303 3244 per
3329 3171 3519 3229 visum
3542 3173 3768 3245 juben-

373 3259 499 3316 nari
521 3257 723 3330 jussit.
755 3258 882 3311 Eus.
915 3256 969 3309 h.
1000 3272 1053 3310 η.
1104 3256 1167 3309 In
1208 3271 1384 3325 marg.
1420 3254 1664 3310 Severus
1693 3254 1835 3311 XVII
1869 3272 2005 3310 ann.
2117 3261 2173 3311 te
2202 3258 2335 3326 (32).
2370 3257 2493 3311 Eus.
2526 3273 2580 3311 a.
2614 3258 2739 3312 213.

369 3364 505 3404 xvn.
2055 3419 2062 3420 γ
2187 3346 2292 3400 213
2336 3345 2664 3400 Antoninus
2694 3344 2991 3401 Caracalla
3036 3351 3270 3419 propter
3319 3364 3510 3420 genus
3561 3351 3764 3420 vestis,

440 3437 544 3492 196
566 3435 685 3491 Hoc
705 3440 966 3506 tempore
988 3432 1316 3488 Narcissus.
1340 3431 1868 3503 Hierosolymorum
1893 3432 2008 3503 epi-
2037 3419 2079 3485 C
2117 3433 2269 3505 quod
2303 3433 2498 3488 Romae
2526 3433 2823 3505 erogabat,
2866 3435 3315 3508 cognominatur
3339 3419 3479 3509 7(33).
3531 3439 3665 3495 Eus.
3708 3419 3763 3495 α.

370 3541 605 3598 scopas,
635 3528 694 3579 et
720 3518 1077 3590 Theophilus
1107 3519 1478 3577 Caesariensis
1496 3519 1844 3593 Polycarpus
1874 3520 2010 3593 (31.)
2118 3524 2219 3576 211
2247 3539 2264 3588 ς
2294 3522 2440 3577 Sext.
2474 3523 2607 3577 Aur.
2644 3523 2772 3577 Vict.
2804 3540 2857 3578 a.
2885 3540 2979 3597 pr.

1412 3616 1883 3673 COMPENDIUM
1923 3617 2015 3673 EX
2053 3618 2304 3674 CODICE
2343 3618 2719 3676 BERNOLDI.

444 3718 549 3775 184
580 3718 685 3774 Hoc
703 3725 938 3788 tempore
967 3716 1301 3782 Panthenus,
1334 3718 1418 3770 ut.
1451 3719 1521 3770 A.
1555 3731 1649 3770 an.
1680 3716 1803 3770 182.
2190 3717 2293 3771 199
2321 3716 2630 3784 Iudaicum,
2663 3721 2800 3786 etc.,
2830 3721 2896 3774 ut
2925 3719 3067 3791 Aug.
3101 3735 3156 3776 a.
3188 3736 3276 3792 pr.

446 3808 547 3863 186
576 3805 1004 3873 Commodianae,
1037 3808 1172 3871 etc.,
1207 3808 1290 3859 ut.
1323 3804 1369 3857 A
1399 3819 1493 3858 an.
1528 3804 1651 3857 183.
2187 3806 2293 3858 2οΟ
2321 3804 2552 3859 Severus
2579 3806 2833 3873 Parthos,
2866 3810 3002 3874 etc.,
3035 3812 3101 3863 ut
3127 3812 3278 3881 Aug.
3309 3824 3363 3864 a.
3395 3824 3487 3881 pr.

443 3896 548 3951 187
577 3895 852 3966 Origenes,
882 3898 1015 3959 etc.,
1047 3897 1130 3948 ut.
1164 3893 1229 3948 A.
1270 3907 1362 3946 an.
1397 3890 1520 3947 185.

2220 3896 2295 3945 :02
2328 3892 2574 3949 Thermas
2610 3893 2941 3963 Severiana,
2989 3899 3122 3964 etc.,
3174 3900 3241 3951 ut
3284 3897 3436 3969 Aug.
3468 3914 3525 3954 a.
3581 3914 3671 3970 pr.
3708 3930 3776 3941 —

442 3979 682 4057 188‘Hoc
709 3987 946 4055 tempore
974 3981 1276 4047 Montanus,
1308 3984 1442 4046 etc.,
1478 3983 1559 4035 ut.
1590 3981 1651 4034 A.
1686 3997 1755 4034 an
1816 3980 1938 4036 186.
2124 3982 2298 4036 lictor
2327 3998 2468 4053 papa
2496 3983 2894 4055 martyrizatus
2918 3992 2996 4039 est
3026 4001 3108 4039 xu
3139 3985 3259 4041 Kal.
3289 3986 3442 4041 Maii.

445 4074 548 4128 189
574 4073 813 4129 Irenwus
843 4070 1217 4143 Lugdunensis
1256 4069 1535 4141 episcopus
1562 4077 1614 4123 et
1644 4070 1749 4124 alii
1772 4068 2011 4126 doctores
2188 4069 2296 4124 203
2330 4070 2669 4141 Zephyrinus
2705 4087 2853 4143 papa
2897 4072 3027 4147 XIV,
3074 4073 3211 4129 sedit
3259 4076 3429 4130 annis
3456 4091 3644 4143 xvm;
3678 4078 3780 4149 qui

371 4161 706 4217 claruerunt.
2120 4158 2362 4213 discessit
2390 4175 2469 4213 vn
2502 4159 2621 4214 Kal.
2654 4159 2798 4231 Sept.

442 4248 547 4305 190
573 4248 926 4321 Capitolium,
959 4251 1042 4303 ut.
1075 4249 1139 4302 A.
1173 4262 1267 4302 an.
1302 4247 1425 4301 188.
2192 4248 2295 4301 204
2325 4248 2552 4303 Severus
2593 4237 2787 4321 quinta
2826 4252 3223 4321 persecutione,
3269 4256 3405 4320 etc.,
3437 4256 3503 4308 ut
3535 4256 3690 4328 Aug.
3724 4272 3777 4312 a.

447 4338 539 4393 191
580 4337 897 4394 Commodus
931 4336 1148 4403 Colossi,
1179 4338 1313 4403 etc.,
1364 4338 1431 4389 ut
1461 4336 1524 4390 A.
1559 4352 1612 4390 a.
1647 4334 1768 4390 189.
1823 4365 1888 4375 —
1927 4334 2011 4391 Vi-
2123 4352 2211 4408 pr.

371 4429 488 4482 ctor
512 4443 658 4500 papa
682 4428 799 4482 XIII
823 4427 962 4482 sedit
1007 4426 1171 4480 annis
1197 4441 1273 4479 x1.
1306 4454 1375 4465 -—-
1424 4423 1773 4479 Alexandriae
1822 4425 2011 4479 Deme-
2052 4465 2096 4531 Β
2330 4425 2617 4531 Perpetua,
2648 4428 2793 4531 etc:
2814 4429 2882 4481 ut
2902 4427 3050 4531 Aug.
3082 4444 3134 4484 a.
3168 4446 3257 4501 pr.

378 4517 520 4571 trius
543 4518 611 4572 XI
634 4518 913 4588 episcopus
941 4516 1105 4571 annis
1132 4530 1291 4568 XLIII.
2055 4513 2093 4531 ν
2195 4514 2300 4567 207
2327 4514 2433 4569 Hoc
2458 4516 2696 4585 tempore
2737 4513 3112 4588 Symmachus,
3144 4521 3279 4588 etc.,
3310 4522 3378 4575 ut
3406 4523 3561 4593 Aug.
3595 4537 3653 4577 a.
3687 4538 3777 4596 pr.

447 4605 551 4660 193
579 4605 773 4675 Magna
821 4605 1048 4677 quaestio
1092 4602 1157 4658 de
1203 4602 1436 4674 pascha,
1486 4606 1617 4665 etc.,
1673 4606 1735 4655 ut
1780 4602 1927 4673 Aug.
1961 4618 2014 4657 a.
2197 4604 2303 4656 208
2331 4602 2561 4657 Severus
2588 4602 2817 4666 vallum,
2849 4606 2985 4670 etc.,
3018 4609 3085 4660 ut
3109 4605 3258 4679 Aug.
3290 4623 3343 4662 a.
3376 4624 3465 4679 pr.

314 4720 319 4723 -
382 4693 508 4750 191.

2220 4691 2303 4744 :10
2334 4690 2715 4757 Tertullianus,
2746 4694 2880 4759 etc.,
2913 4695 2979 4747 ut
3005 4694 3154 4766 Aug.
3185 4711 3239 4751 ι.
3273 4713 3361 4768 pr.
3391 4697 3522 4753 208.
3586 4757 3591 4762 ,

455 4783 558 4841 194
581 4782 896 4839 Commodus
924 4781 1156 4844 cunctis,
1189 4782 1321 4846 etc.,
1353 4781 1418 4834 ut
1448 4776 1508 4832 in
1539 4777 1683 4849 Aug.
1720 4793 1771 4833 a.
1805 4779 1927 4834 192.
1950 4811 2020 4819 —
2195 4779 2291 4834 211
2329 4777 2553 4834 Severus
2582 4780 2642 4833 in
2669 4779 2960 4835 Britannia
2986 4784 3247 4838 moritur.
3268 4786 3583 4841 Antoninus
3614 4786 3784 4843 Cara-

378 4877 557 4932 Ai'lius
602 4875 869 4930 Perlinax
915 4871 1025 4925 XVI
1070 4884 1279 4923 nwnscs
1324 4883 1402 4922 v1.
1441 4866 1593 4920 Hunc
1636 4866 1889 4922 Julianus
1923 4869 2020 4939 ju-
2126 4868 2270 4923 calta
2298 4867 2664 4931 XVIII,annis
2694 4870 2914 4938 septem.

379 4965 666 5037 risperitus
696 4962 941 5017 occidens
988 4957 1237 5027 regnavit
1276 4970 1486 5009 menses
1514 4944 1734 5026 septem.
1768 4987 1833 4997 —
1861 4957 2019 5012 Seve-
2197 4955 2305 5009 212
2334 4955 2639 5010 Antiochiae
2664 4970 2841 5010 nonus
2870 4958 3149 5029 episcopus
3177 4960 3519 5033 Asclepiades
3548 4964 3781 5020 ordina-

377 5070 473 5110 rus
532 5052 682 5116 XVII,
748 5064 943 5119 genere
989 5050 1140 5116 A/er,
1191 5045 1356 5097 annis
1401 5060 1536 5098 xvn.
1590 5044 1686 5097 Hic
1733 5045 2021 5099 lulianum
2130 5048 2239 5098 tur.

377 5143 537 5201 olm-li
566 5140 703 5197 bello
728 5140 878 5203 υίείί,
902 5141 951 5191 ει
981 5152 1036 5190 δε
1063 5134 1404 5187 Pertinarem
1433 5132 1743 5201 appellavit.
2199 5132 2304 5187 213
2335 5134 2444 5188 Hoc
2472 5136 2707 5204 tempore
2735 5133 3045 5189 Alexander
3085 5139 3368 5209 episcopus
3415 5137 3784 5211 Cappadocia?

451 5231 552 5287 197
577 5230 683 5285 Hoc
713 5232 949 5299 tempore
977 5222 1271 5280 Narcissus
1298 5218 1855 5291 Hierosalymitanus,
1886 5223 2019 5292 etc.,
2128 5238 2164 5276 a
2217 5222 2467 5277 Narcisso
2527 5221 3019 5292 Hierosolymitano
3083 5226 3328 5298 episcopo
3387 5229 3781 5285 constituitur,

384 5323 454 5376 ut
482 5323 633 5390 Aug.
666 5334 700 5373 a
728 5333 816 5390 pr.
2130 5309 2261 5365 Vid.
2293 5310 2441 5381 Aug.
2474 5326 2528 5365 a.
2561 5309 2688 5366 212.

1954 5407 2187 5465 NOTAE.

452 5515 570 5598 (ξολ
594 5513 718 5568 Non
754 5527 872 5598 vna,
900 5504 1664 5598 9?£9?3°“3¥‘.9°.‘?E£9FP
1683 5502 2022 5598 11111113995
2132 5505 3519 5598 99P‘f'iaf’.‘“2.2_‘._2:ME"‘§§2¥I‘°E°§2‘¥P‘E“P
3550 5525 3783 5598 990288-

382 5573 500 5644 cilii
533 5573 775 5640 Romani
825 5578 1133 5647 sententia,
1182 5576 1337 5652 quod
1387 5573 1651 5652 plerique
1699 5573 1777 5631 ad
1802 5593 2023 5635 annum
2134 5594 2231 5652 sor
2250 5577 2440 5639 datus.
2464 5575 2536 5632 de
2557 5577 2711 5652 quod
2736 5578 2849 5652 vid.
2871 5579 3144 5652 ‘Bolland.
3169 5581 3239 5638 18
3256 5573 3454 5652 Mart.,
3476 5585 3519 5639 t.
3556 5582 3629 5640 ΙΙ.
3648 5583 3785 5640 Nar-

385 5657 507 5721 196,
539 5660 641 5713 aut
670 5656 1013 5724 sequentem
1046 5646 1357 5724 reponunt.
1391 5646 1540 5724 Pag._
1668 5717 1704 5724 _
1750 5716 1761 5724 _
1914 5722 1920 5724 Α
2131 5649 2323 5724 cissus
2352 5663 2487 5724 vero
2517 5646 2729 5724 ccditur
2755 5650 2828 5724 29
2856 5649 2981 5707 Oct.

454 5715 570 5801 (31)
617 5715 769 5780 Eusf
799 5724 931 5779 Chr.
976 5715 1356 5794 Polycarpum
1406 5715 1618 5774 melius
1667 5716 2024 5791 Polycratem
2206 5720 2319 5794 (33)
2366 5717 2665 5803 paracalla
2705 5720 3033 5803 indumenti
3084 5739 3270 5803 genus
3312 5722 3786 5803 _era1:,_ad_talos

382 5791 573 5859 what;
653 5863 658 5864 γ
952 5863 960 5864 7
997 5862 1004 5864 _
1081 5791 1094 5794 ν
1281 5860 1300 5864 Α
1446 5862 1452 5864 ἒ
1559 5857 1571 5864 _
1823 5861 1849 5864 _
2135 5791 2321 5864 usque
2351 5791 2700 5850 demissum.
2732 5792 2863 5851 Vid.
2897 5794 3052 5852 Sext.
3081 5791 3276 5853 Aurel.
3309 5795 3370 5852 in
3398 5791 3722 5857 Antonino.

454 5870 570 5949 (32)
599 5863 923 5926 Alexander
949 5862 1045 5925 hic
1073 5865 1245 5924 antea
1272 5860 1463 5923 fuerat
1480 5857 1793 5937 episcopus
1812 5861 2030 5935 Cappa.
