3940 6432
105 428 178 509 69
200 492 209 509 .
1347 429 1750 493 CHRONICOI

1927 426 2143 487 ISIEC.
2189 428 2261 488 II.
3415 440 3525 498 τοι

1475 562 1708 618 CODEX
1744 560 2139 616 AUGIENSIS.

168 656 279 712 214
309 657 660 715 Antoniana
690 658 931 714 thermas
960 658 1124 715 dictae
1173 664 1312 715 sunt
1348 659 1652 715 Caracallae
1682 677 1750 715 ex
1778 661 1831 726 Α
1864 657 2035 731 Iytus,
2067 664 2121 712 cl
2152 658 2412 730 Beryllus
2441 660 2750 731 episcopus
2785 660 3099 719 Bostrenus
3128 662 3266 719 clari
3316 666 3496 740 scrip-

102 743 343 802 nomine
371 745 677 803 Antonini.

166 834 280 889 215
309 834 648 892 Antoninus
680 835 873 892 Romae
902 837 1160 893 thermas
1191 837 1282 893 sui
1312 838 1568 894 nominis
1614 836 1750 892 tedi-

102 921 319 979 ﬂcavit.
355 927 487 980 Eus.
519 940 574 979 a.
607 924 731 980 216.

167 1012 280 1065 216
328 1012 660 1067 Antoninus
707 1012 1076 1086 impatientia
1122 1013 1387 1069 lidibinis
1444 1029 1750 1069 novercam

105 1115 281 1155 suam
314 1099 536 1156 Juliam
569 1101 734 1157 duxit
764 1118 1023 1158 uxorem.
1055 1104 1180 1159 Eus.
1213 1121 1269 1158 a.
1302 1104 1429 1158 217.

168 1189 280 1243 217
314 1188 648 1245 Antoninus
679 1190 1029 1247 interﬁcitur
1048 1207 1200 1247 anno
1233 1191 1362 1248 vitis
1392 1191 1588 1247 XLIII.
1622 1193 1749 1247 Eus.

104 1277 156 1334 h.
184 1294 241 1333 a.

171 1367 283 1422 218
316 1366 404 1439 (In
441 1383 621 1439 marg.
675 1366 971 1426 Macrinus
1017 1385 1155 1424 ann.
1188 1369 1254 1440 ι.)
1286 1368 1480 1424 Romae
1525 1367 1751 1439 amphi-

109 1454 407 1511 theatrum
440 1454 764 1511 incensum.
800 1458 922 1512 Eus.
976 1489 1044 1497 —-
1091 1455 1406 1512 Antiochiae
1447 1457 1754 1529 episcopus

107 1543 493 1599 constituitur
538 1543 798 1600 Philetus
846 1546 909 1600 X.
970 1545 1098 1599 Eus.
1132 1544 1187 1602 Ιι.
1224 1561 1289 1606 a;
1318 1545 1393 1600 al.
1426 1562 1478 1600 a.
1524 1561 1633 1617 seq.
1694 1576 1752 1585 —

107 1632 408 1688 Macrinus
436 1648 573 1689 cum
604 1632 722 1688 ﬁlio
752 1632 1115 1689 Diadumeno
1144 1634 1429 1689 occiditur
1457 1634 1515 1689 in
1548 1632 1757 1688 Arche-

108 1721 283 1777 laide.
318 1723 446 1777 Eus.
478 1721 534 1776 h.
567 1739 623 1777 a.

174 1811 277 1865 17
312 1808 424 1865 219
469 1809 555 1882 (In
603 1825 781 1878 marg.
814 1809 1085 1865 Aurelius
1114 1810 1442 1866 Antoninus
1485 1828 1621 1865 ann.
1658 1811 1756 1882 IV.)

103 1896 390 1954 Aurelius
417 1897 753 1953 Antoninus
770 1898 913 1953 adeo
934 1897 1229 1971 impudice
1251 1898 1309 1954 in
1333 1898 1575 1971 imperio
1596 1899 1755 1968 vixit,

1859 750 2013 801 tores
2045 746 2350 801 habentur.
2384 748 2507 802 Eus.
2542 747 2595 802 h.
2625 765 2678 803 a.
2715 748 2848 821 (34).

1929 835 2034 887 229
2063 833 2377 914 Antiochiae
2409 801 3051 911 ordinatunepliscopus
3080 801 3503 915 Zebennus(35)

1859 922 1947 975 XI.
1985 923 2090 976 Eus
2122 922 2175 977 h.
2209 939 2260 977 a.

1929 1009 2037 1063 230
2084 1010 2387 1066 Mammaea
2419 1014 2602 1066 mater
2634 989 2939 1069 Alexandri
3000 1015 3299 1089 Originem
3359 1018 3519 1075 celer

1860 1099 2177 1153 berrimum
2212 1099 2504 1155 doctorem
2538 1101 2605 1155 ad
2641 1117 2703 1155 se
2733 1103 2833 1158 18
2860 1109 3096 1159 vocatus
3129 1106 3503 1165 audivit.Eus.

1863 1187 1987 1241 hist.
2022 1218 2088 1227 —
2114 1186 2468 1242 Alexandriae
2502 1189 2772 1245 Iicraclas
2819 1191 3129 1266 episcopus
3177 1194 3350 1251 annis
3386 1213 3503 1252 xvx.

1863 1278 2001 1330 lius.
2036 1292 2089 1330 a.
2121 1291 2236 1346 seq.

1931 1358 2033 1418 231
2066 1363 2388 1419 Alexander
2418 1365 2477 1419 in
2510 1370 2755 1420 matrem
2787 1366 3145 1426 Mammmam
3171 1370 3339 1429 unice
3371 1372 3504 1447 pius

1862 1451 1994 1517 fuit,
2025 1457 2081 1507 et
2112 1453 2183 1507 oh
2214 1452 2271 1506 id
2303 1453 2575 1508 omnibus
2606 1454 2894 1510 amabilis.
2925 1458 3052 1512 Eus.
3084 1475 3136 1513 a.
3167 1476 3277 1533 seq.

1932 1542 2037 1594 232
2067 1540 2345 1613 Origenes
2376 1543 2446 1595 de
2506 1542 2851 1598 Alexandria
2880 1546 2949 1599 ad
2982 1547 3300 1603 Caasaream
3330 1549 3506 1608 Palae-

1863 1629 2027 1684 stinae
2061 1629 2289 1683 transit.
2325 1632 2451 1685 Eus.
2485 1648 2519 1685 a
2547 1647 2658 1701 seq.

1932 1718 2038 1771 233
2069 1716 2385 1773 Pontianus
2416 1736 2566 1791 papa
2617 1720 2765 1776 XVII
2814 1723 2965 1778 sedit
2997 1724 3167 1781 annis
3196 1743 3250 1781 ν.
3293 1727 3422 1784 Eus.
3455 1746 3509 1784 a.

1864 1822 2003 1878 seq.;
2033 1807 2104 1860 al.
2145 1823 2197 1860 α.
2230 1808 2357 1861 230.

1932 1896 2035 1949 234
2071 1894 2391 1949 Alexander
2421 1896 2615 1951 Romm
2650 1898 2980 1956 favorabilis
3010 1901 3134 1957 fuit.

106 1991 171 2041 ut
206 1984 456 2087 ‘nullum
503 2002 690 2060 genus
732 1987 1110 2042 obscenitatis
1140 1988 1423 2044 omiserit.
1458 1990 1584 2043 Eus.
1614 1988 1668 2043 h.
1699 2005 1753 2043 α.
1789 2023 1836 2087 Β
1882 1985 2041 2087 “235
2072 1982 2395 2087 Alexander
2420 1985 2676 2040 tumultu
2709 1986 2943 2043 militari
2978 1989 3326 2063 Mogontiaci
3357 1993 3507 2049 occi-

104 2072 386 2131 Callistus
418 2090 568 2148 papa
597 2074 689 2130 XV
722 2075 891 2131 annis
920 2093 975 2131 v.
1011 2076 1141 2131 Eus.
1175 2093 1228 2131 a.
1260 2078 1395 2145 220;
1429 2076 1510 2134 al.
1550 2076 1605 2131 h.
1639 2094 1695 2131 a.

174 2163 289 2219 220
309 2162 662 2236 Hippolytus
687 2164 999 2236 episcopus
1028 2162 1222 2219 clarus
1252 2165 1519 2220 habetur.
1554 2165 1715 2221 Beda.

175 2254 278 2306 221
318 2250 384 2307 In
414 2250 718 2307 Palaestina
748 2251 1063 2325 Nicopolis,
1092 2269 1218 2324 quis
1268 2252 1433 2325 prius
1485 2255 1762 2309 Emmaus

106 2340 454 2408 vocabatur,
482 2340 716 2396 condita
737 2343 846 2397 est.
875 2341 999 2395 Eus.
1032 2358 1085 2396 a.
1118 2356 1228 2413 seq.

176 2430 292 2486 222
325 2428 599 2486 Aurelius
629 2430 888 2485 tumultu
930 2428 1165 2485 militari
1218 2431 1409 2486 Romae
1459 2431 1760 2487 occiditur.

114 2520 241 2574 Eus.
270 2517 330 2573 h.
366 2534 421 2573 a.

178 2606 293 2663 223
323 2608 412 2677 (In
446 2622 628 2676 marg.
664 2605 989 2663 Alexander
1016 2605 1139 2661 XXI
1167 2622 1303 2662 ann.
1337 2624 1461 2662 xm.
1496 2607 1763 2678 (Alexan-

109 2696 218 2752 der
247 2700 501 2752 Xerxem
534 2710 729 2767 regem
759 2695 1068 2752 Persarum
1098 2694 1387 2752 vicit.Eus.
1416 2696 1471 2751 h.
1503 2713 1554 2752 a.

177 2785 289 2840 224
343 2784 450 2841 Hic
496 2783 767 2840 militaris
825 2784 1147 2858 disciplina)
1201 2799 1435 2840 severus
1479 2789 1768 2842 corrector

114 2874 243 2930 fuit.
276 2874 408 2930 Eus.
444 2872 499 2929 h.
532 2890 586 2929 a.

177 2964 291 3019 225
322 2962 597 3018 Urbanus
626 2978 777 3035 papa
806 2962 929 3018 XVI
977 2963 1128 3018 sedit
1156 2963 1326 3018 annis
1359 2980 1434 3018 1x.
1470 2963 1570 3018 Hic
1611 2964 1765 3019 mul-

114 3056 203 3109 tos
228 3050 522 3108 nobilium
553 3052 624 3107 ad
658 3052 831 3107 fidem
866 3051 1075 3107 Christi
1108 3052 1406 3108 convertit.
1442 3054 1565 3107 Eus.
1588 3053 1643 3107 h.
1685 3070 1764 3115 a.;

112 3142 188 3197 al.
223 3156 282 3197 α.
314 3140 444 3196 223.

180 3229 295 3286 2%
318 3228 601 3303 Ulpianus
614 3228 1078 3300 jurisconsultus
1096 3228 1345 3302 insignis
1361 3228 1761 3286 habetur.Eus.

115 3318 172 3373 h.
200 3334 257 3374 a.
718 3319 720 3321 ’

1866 2073 2042 2127 ditur.
2078 2073 2205 2126 Eus.
2240 2071 2294 2126 h.
2328 2089 2407 2133 a..'
2437 2074 2594 2128 Paul.
2632 2075 2783 2130 Oros.

1935 2163 2042 2215 236
2071 2162 2161 2231 (In
2190 2178 2364 2231 marg.
2417 2161 2767 2219 Maximinus
2809 2165 2955 2221 XXII
2986 2184 3123 2224 ann.
3176 2169 3284 2241 m.)
3332 2170 3508 2226 Maxi-

1872 2250 2067 2305 minus
2114 2250 2497 2317 Christianos,
2530 2255 2586 2306 et
2634 2252 2885 2309 maxime
2932 2260 3186 2312 rectores
3232 2257 3509 2326 ecclesiae,

1870 2342 2067 2394 sextus
2097 2342 2230 2410 post
2258 2339 2540 2394 Neronem
2573 2342 2960 2413 persequitur.
2991 2345 3120 2401 Eus.
3147 2362 3182 2401 a
3210 2362 3321 2420 seq.

1942 2429 2045 2481 237
2076 2427 2428 2483 Maximinus
2455 2429 2764 2485 adversum
2796 2432 3116 2490 Germanos
3145 2434 3364 2492 bellum
3397 2435 3517 2493 feli-

1873 2517 2015 2572 citer
2044 2515 2249 2588 gessit.

1940 2606 2046 2659 238
2087 2605 2439 2662 Maximinus
2491 2606 2810 2680 Aquiiegiae
2841 2628 2873 2666 a
2909 2611 3163 2684 Pupieno
3210 2613 3512 2672 occiditur.

1872 2694 1999 2748 Eus.
2024 2695 2078 2747 h.
2114 2711 2163 2748 a.

1940 2783 2047 2835 239
2078 2783 2161 2851 (In
2195 2798 2373 2853 marg.
2404 2781 2733 2839 Gordianus
2791 2784 2966 2840 XXIII
3014 2787 3184 2842 annis
3223 2790 3370 2858 sex.)
3397 2789 3512 2845 An-

1871 2876 2030 2926 terus
2061 2870 2236 2925 XVIII
2268 2886 2415 2942 papa
2444 2871 2594 2925 sedit
2624 2888 2884 2928 mensem
2916 2890 3132 2944 unum;
3167 2880 3297 2948 post
3337 2893 3513 2949 quem

1874 2958 2162 3014 Fabianus
2192 2958 2312 3012 XIX
2341 2958 2511 3014 annis
2540 2976 2700 3014 xxm.
2735 2962 2859 3016 Eas.
2892 2963 2945 3015 h.
2979 2979 3059 3030 a.;
3088 2964 3163 3019 al.
3196 2982 3248 3019 a.
3280 2966 3406 3021 236.

1941 3049 2047 3102 240
2078 3047 2372 3118 Pupienus
2400 3051 2458 3102 et
2485 3047 2758 3114 Albinus,
2781 3051 2881 3120 qui
2920 3049 3234 3124 imperium
3265 3054 3521 3127 arri-pue-

1874 3142 2022 3202 rant,
2058 3137 2114 3191 in
2149 3134 2363 3208 palatio
2393 3154 2427 3191 a
2455 3136 2749 3193 Gordiano
2778 3139 2955 3195 occisi
2987 3145 3145 3196 sunt.
3177 3144 3304 3198 Eas.
3336 3148 3392 3200 h.
3426 3161 3479 3200 ιι.

1941 3228 2039 3281 241
2077 3225 2192 3281 Hoc
2213 3230 2474 3297 tempore
2491 3225 2685 3283 Julius
2708 3227 3016 3285 Africanus
3036 3230 3518 3305 chronographus

1875 3315 2068 3372 clarus
2100 3314 2368 3370 habetur.

185 3407 297 3461 227
325 3404 590 3462 Thermas
622 3405 1023 3462 Alexandrinae
1053 3406 1245 3461 Romae
1287 3405 1599 3463 adiﬁcatas.
1632 3409 1759 3463 Eus.
1794 3385 1837 3453 (ἶ
1945 3407 2051 3459 242
2079 3403 2180 3459 His
2205 3402 2569 3476 temporibus
2596 3403 2875 3475 Origenes
2903 3405 3269 3462 Theodorum
3298 3408 3411 3481 (36)
3432 3415 3520 3469 .ot

121 3496 302 3639 ἰ’2ἒ8
331 3582 616 3639 Geminus
671 3583 972 3656 presbyter
1022 3582 1439 3652 Antiochenus,
1469 3586 1528 3639 et
1553 3583 1767 3657 Hippo-

1878 3494 2317 3549 Athenodorum
2350 3492 2577 3561 fratres,
2608 3499 2807 3564 postea
2832 3493 3136 3566 episcopos
3166 3497 3411 3565 nobiles,
3435 3500 3520 3555 di-

1876 3584 2010 3640 vina
2037 3580 2247 3637 imbuit
2275 3579 2665 3652 philosophia.
2700 3585 2831 3638 Eus.
2863 3582 2992 3640 hist.

1167 3697 1633 3755 COMPENDIUM
1673 3700 1761 3756 EX
1802 3698 2057 3756 CODICE
2096 3695 2477 3754 BERNOLDI.

182 3798 299 3856 214
328 3797 637 3854 Antaninus
658 3798 969 3864 IIaracaIla,
998 3800 1132 3864 etc.,
1167 3801 1234 3853 ut
1262 3801 1410 3868 Aug.
1444 3813 1495 3853 a.
1531 3814 1619 3869 pr.

184 3887 295 3943 216
324 3887 636 3942 Antoninus
665 3889 872 3952 Rom,
901 3891 1033 3953 etc.,
1070 3890 1133 3941 ut
1163 3891 1313 3957 Aug.
1349 3902 1401 3941 a.
1436 3903 1524 3958 pr.

180 3977 292 4031 217
330 3974 641 4032 Antoninus
670 3976 1037 4046 impatientia,
1068 3979 1202 4045 etc.,
1236 3977 1301 4028 ut
1319 3978 1469 4046 Aug.
1497 3984 1555 4029 ‘a.
1592 3992 1679 4046 pr.

180 4064 290 4119 218
321 4063 633 4118 Antoninus
690 4061 1036 4132 interﬁcitur,
1083 4076 1229 4118 anno
1274 4063 1408 4118 vitae
1460 4063 1638 4118 XLIII.
1696 4093 1765 4103 —

119 4153 331 4224 Opilius
360 4151 641 4206 Macrinus
664 4150 789 4217 XIX,
812 4167 1020 4205 annum
1046 4166 1223 4205 unum
1245 4151 1513 4218 regnavit.

181 4241 292 4297 219
322 4238 598 4294 Macrinus
642 4254 768 4293 cum
813 4238 929 4309 ﬁlio
976 4237 1308 4294 Diadumene
1362 4238 1646 4295 occiditur.
1697 4271 1765 4279 —

119 4333 195 4385 Μ.
228 4328 494 4384 Aurelius
522 4328 831 4383 Antoninus
861 4328 961 4396 XX,
994 4328 1162 4382 annis
1192 4334 1443 4398 quatuor.

181 4418 294 4473 220
317 4415 587 4473 Callistus
605 4432 753 4488 papa
780 4416 866 4471 XV
889 4415 1027 4473 sedit
1043 4416 1208 4471 annis
1235 4432 1291 4471 v.
1325 4419 1526 4471 Passus
1554 4420 1632 4472 est
1661 4416 1764 4472 sub

118 4505 435 4562 Alexandro
464 4506 811 4577 imperatore,
837 4504 1067 4560 secundo
1096 4504 1222 4560 Idus
1252 4504 1507 4562 Octobris.

183 4594 284 4649 221
308 4593 657 4669 Hippolytus
684 4593 961 4665 episcopus
988 4593 1172 4648 clarus
1202 4592 1448 4648 habetur.

182 4685 294 4737 222
323 4681 391 4737 In
417 4681 725 4747 Palestina,
757 4684 847 4737 etc
877 4722 892 4748 ,
924 4685 989 4737 ut
1016 4686 1165 4754 Aug.
1202 4697 1254 4737 a.
1288 4697 1375 4752 pr.

182 4771 293 4827 223
321 4771 584 4826 Aurelius
613 4771 856 4826 tumultu
882 4771 1122 4826 militari
1166 4770 1345 4827 Romae
1386 4769 1666 4825 occiditur.
1699 4800 1767 4809 —

119 4858 377 4916 Aurelius
422 4857 739 4916 Alexander
785 4858 893 4913 XXI
934 4859 1098 4913 annis
1128 4874 1252 4912 xm.
1284 4856 1381 4912 Hic
1428 4859 1489 4913 in
1534 4862 1768 4913 matrem

122 4964 275 5004 suam
300 4948 470 5004 unice
493 4949 623 5019 pius
652 4949 786 5019 fuit,
815 4955 865 5002 et
884 4948 1114 5012 cunctis,
1143 4944 1360 5001 chorus.

182 5037 288 5092 224
320 5036 641 5092 Alexander
667 5037 875 5092 Xerxen
907 5052 1089 5107 regem
1117 5034 1410 5090 Persarum
1436 5036 1587 5090 vicit.

183 5127 292 5182 225
325 5125 579 5183 Urbanus
606 5141 754 5196 papa
781 5125 890 5181 XVI
915 5125 1051 5179 sedit
1096 5125 1260 5179 annis
1303 5140 1424 5177 vm.
1476 5125 1575 5180 Hic
1621 5126 1763 5179 mul-

124 5222 195 5269 los
221 5215 502 5282 nobilium
529 5214 608 5272 ad
634 5212 797 5285 ﬁdem
845 5214 1058 5271 Christi
1103 5212 1395 5274 convertit;
1424 5219 1605 5268 octavo
1642 5214 1764 5269 Kal.

1872 3798 1986 3866 (37)
2016 3796 2158 3852 Julii
2184 3794 2340 3849 obiit.

1943 3887 2048 3939 227
2076 3885 2248 3939 Neron
2258 3885 2398 3938 iane
2425 3882 2649 3940 thermae
2679 3885 3073 3943 Alexandrinae
3094 3890 3373 3952 uocantur.

1942 3975 2049 4029 232
2080 3975 2383 4029 Pontianus
2420 3989 2565 4044 papa
2608 3974 2745 4028 XVII
2786 3972 2926 4029 sedit
2969 3977 3137 4029 annis
3176 3991 3293 4041 sex,
3322 3991 3518 4046 passus

1874 4064 1950 4117 est
1976 4062 2074 4116 sub
2104 4061 2402 4115 Maximino
2431 4062 2757 4132 imperatore
2782 4078 2863 4115 χιι
2891 4061 3015 4116 Καί.
3053 4066 3180 4117 Dec.

1943 4152 2049 4205 233
2078 4148 2428 4205 Alexandriae
2457 4149 2719 4204 Hcraclus
2746 4151 2839 4204 XII
2858 4152 3250 4222 episcopus,vir
3276 4154 3519 4225 sapiens,

1873 4239 2011 4294 sedit
2038 4254 2161 4293 xm.

1943 4328 2049 4382 235
2077 4325 2238 4381 addit
2284 4342 2298 4380 :
2349 4325 2680 4380 Maximinus
2734 4327 2883 4394 XXII,
2941 4329 3106 4383 annis
3163 4328 3359 4384 tribus.
3417 4329 3521 4383 Hic

1878 4416 2234 4481 Christianos,
2265 4419 2318 4469 et
2341 4415 2583 4469 maxime
2632 4417 2866 4471 rectores
2911 4416 3181 4482 Ecclesiae,
3211 4425 3365 4472 sexto
3397 4424 3519 4488 post

1874 4507 2141 4562 Neronem
2159 4503 2528 4575 persequitur.

1945 4596 2052 4649 236
2091 4592 2401 4648 Alexander
2446 4592 2943 4664 Hierosolymorum
2990 4594 3265 4665 episcopas
3310 4593 3515 4655 XXXV;

1878 4682 1952 4739 al.
1988 4699 2039 4737 a.
2072 4682 2199 4737 212.

1947 4771 2051 4825 237
2106 4770 2408 4824 Pontianus
2462 4785 2605 4840 papa
2659 4772 2713 4825 et
2768 4785 3040 4825 successor
3103 4770 3218 4840 ejus
3282 4771 3523 4828 Anterus

1875 4858 2084 4915 XXVIII
2104 4874 2251 4928 papa
2280 4866 2397 4929 post
2419 4859 2663 4929 primum
2690 4874 2929 4914 mensem
2965 4858 3314 4927 pontiﬁcatus
3361 4876 3520 4914 mar-

1877 4949 2208 5018 tyrizantur,
2241 4947 2399 5000 tertio
2430 4947 2608 5001 Nonas
2635 4947 2911 5001 Januarii.
2946 4947 3058 5017 (38)
3092 4947 3202 5001 Eus
3231 4962 3284 5001 a.
3316 4948 3444 5001 239.

1945 5037 2049 5089 238
2094 5034 2365 5090 Fabianus
2410 5051 2552 5104 papa
2598 5034 2707 5087 XIX
2758 5034 2897 5088 sedit
2956 5037 3119 5089 annis
3166 5049 3277 5090 XIV.
3327 5021 3519 5091 Maxi-

1874 5127 2058 5179 minus
2111 5123 2381 5194 Aquileiw
2435 5122 2717 5178 occiditur.
2783 5122 3088 5179 Gordianus
3144 5124 3299 5179 XXIII
3354 5127 3522 5181 annis

1874 5229 1991 5269 88.13.
3160 5228 3163 5229 ⁷

1710 5321 1941 5386 NOTAE.

189 5427 302 5499 (34)
334 5425 446 5499 Hic
473 5424 721 5499 Eusebio
751 5426 1135 5499 Geminianus
1162 5423 1394 5499 dicitur.

329 5496 486 5584 Aliis
512 5498 767 5584 Zibenus
797 5498 1018 5584 dicitur
1040 5498 1113 5554 ad
1143 5512 1248 5584 an.
1433 5565 1466 5584 Π
1521 5583 1549 5584 η
1580 5583 1586 5584 γ
1640 5568 1650 5578 _

188 5564 301 5641 (36)
329 5568 627 5653 Murensis
656 5569 837 5653 codex
865 5568 1027 5653 addit
1053 5570 1398 5653 cegnomento
1428 5565 1764 5653 Gregorium.

123 5638 654 5773 lgoczggariensem
702 5639 925 5700 scilicet
970 5638 1172 5717 postea
1221 5638 1583 5714 episcopum.
1631 5638 1763 5701 Vid.

161 5729 215 5773 Il.
246 5729 379 5773 τωο.

1949 5426 2058 5508 (37)
2088 5426 2197 5481 Pro
2225 5423 2368 5481 Julii
2398 5423 2713 5498 legendum
2761 5426 2925 5483 Junii
2950 5445 2965 5497 ;
3011 5426 3224 5484 colitur
3263 5426 3418 5484 enim
3446 5427 3518 5481 25

1877 5497 2057 5641 ME(1:28.)
2088 5568 2410 5624 Pontianus
2438 5567 2590 5626 sedit
2617 5568 2691 5626 ab
2720 5586 2773 5626 a.
2803 5570 2909 5627 230
2928 5585 3124 5642 usque
3150 5569 3272 5637 235,
3304 5570 3363 5622 et,
3390 5526 3506 5622 Αῇ.

1875 5642 2037 5698 terue
2070 5655 2185 5698 uno
2217 5653 2437 5697 mense.
