3940 6380
176 378 258 435 73
1202 459 1211 466 ,
1350 466 1359 471 _
1403 391 1878 469 CHRONICON.
1906 422 1987 441 —
2019 396 2204 481 sese.
2249 397 2353 493 III.
3487 406 3573 468 τι

1596 523 1783 579 ODEX
1820 524 2217 580 AUGIENSIS.

1596 523 1638 577 Ο
1738 562 1753 578 .
1820 525 1869 577 A
1952 551 1967 577 ι
2048 567 2060 580 .
2094 530 2149 579 SI
2208 570 2217 580 .
3533 522 3547 531 ’

244 599 357 657 262
384 600 661 659 Germani
686 604 932 672 Italiam,
955 606 1263 663 Alamanni
1287 608 1504 666 Gallias
1522 522 1823 668 θῗῖίξίιξέω
1853 524 2332 686 15(qiiI‘lTi‘egLrSnavit
2351 617 2584 671 Tacitus
2600 617 2901 672 mensibus
2914 634 2991 671 γι.
3011 619 3130 681 Quo
3151 621 3300 689 apud
3319 621 3564 680 Pontum

168 697 562 770 populantur.
594 703 723 759 Eas.
750 703 804 757 h.
836 719 869 757 a
889 719 909 767 ,ο
939 704 1160 775 Eutrop.
1191 722 1244 759 a.
1278 708 1402 761 264.

1932 702 2137 769 occiso,
2152 704 2453 760 Florianus
2472 704 2735 778 regnavit
2757 705 2882 777 dies
2903 722 3168 771 LXXXVIII,
3190 710 3245 760 et
3265 708 3563 766 occiditur.

234 787 740 856 %3Macedonia,
798 788 1037 856 Graecia,
1098 792 1337 859 Pontus,
1395 794 1534 850 Asia
1590 798 1648 850 ct
1694 795 1816 851 alia:
1930 791 2053 846 Eus.
2086 809 2139 846 a.
2171 808 2279 863 seq.

165 873 483 945 provincia
514 875 945 949 depopulantur
972 895 1075 949 per
1104 878 1341 935 Gothos.
1376 882 1502 937 Eus.
1536 900 1570 937 a
1594 900 1683 954 pr.

239 962 355 1019 265
378 962 694 1036 Dionysius
739 981 890 1038 papa
935 966 1085 1022 sedit
1134 968 1304 1024 annis
1332 986 1406 1024 1x.
1438 972 1564 1026 Eus.
1596 988 1649 1025 ιι.
1682 987 1815 1041 seq.,

165 1049 248 1104 al.
281 1065 340 1106 α.
363 1052 492 1107 259.

236 1139 351 1194 266
378 1138 497 1195 Hoc
545 1144 807 1213 tempore
846 1142 1203 1210 Theodorus,
1263 1145 1363 1216 qui
1396 1149 1450 1200 et
1480 1146 1812 1217 Gregorius,

160 1226 552 1285 Neocasareie
576 1230 887 1302 episcopus
914 1231 1232 1287 virtutibus
1264 1233 1492 1289 claruit.

156 1404 202 1460 Ε
229 1317 356 1458 26:l
370 1315 788 1389 Hierosolymis
802 1319 1147 1391 Hymenaeus
1165 1321 1473 1393 episcopus
1487 1322 1809 1378 ordinatur.

203 1419 292 1460 us.
362 1445 376 1458 .
410 1421 465 1460 a.

203 1419 292 1460 us.
319 1419 376 1458 η.
410 1421 465 1460 a.

232 1500 349 1557 269
375 1499 676 1559 Gallienus
704 1504 1016 1560 Mediolani
1046 1506 1346 1561 occiditur.
1380 1507 1503 1561 Eus.
1533 1507 1584 1563 h.
1618 1525 1675 1564 a.

230 1589 343 1644 270
371 1590 456 1660 (In
505 1607 682 1661 marg.
715 1590 991 1647 Claudius
1042 1610 1177 1648 ann.
1212 1611 1251 1660 ι,
1286 1611 1471 1650 mens.
1506 1594 1605 1666 Ix).
1640 1594 1808 1650 Clau-

155 1677 298 1734 dius
328 1678 551 1734 Gothos
572 1678 697 1750 jam
729 1695 832 1752 per
888 1696 1074 1737 annos
1122 1699 1195 1736 xv
1222 1681 1514 1754 Illyricum
1541 1683 1807 1739 Macedo-

154 1765 443 1838 niamque
488 1770 785 1823 vastantes
846 1773 1084 1841 superat
1131 1772 1256 1825 Eus.
1290 1787 1324 1825 a
1350 1786 1457 1840 seq.
1491 1801 1558 1811 —-
1589 1770 1806 1827 Paulus

148 1857 582 1911 Samosatenus
641 1856 959 1912 Antiochiae
1004 1858 1312 1929 episcopus
1342 1858 1648 1915 haereticus
1679 1875 1807 1914 esse

1997 881 2103 933 276
2136 881 2286 936 Felix
2308 898 2458 954 papa
2480 881 2801 947 XXV,sedit
2822 881 2993 938 annis
3013 899 3066 937 v.
3090 884 3214 937 Eas.
3239 899 3291 950 a,
3323 900 3456 957 seq.,
3490 887 3563 942 al.

1926 982 1980 1021 a.
2013 966 2136 1021 269.
2843 991 2848 995 τ

1995 1057 2098 1109 277
2121 1057 2203 1126 (In
2233 1074 2408 1126 marg.
2442 1058 2664 1114 Probus
2712 1075 2847 1114 ann.
2893 1076 2969 1125 γι,
2996 1062 3180 1115 mens.
3213 1062 3312 1131 IV.)
3350 1062 3565 1118 Probus

1927 1142 2141 1197 Gallias
2164 1162 2196 1199 a
2216 1146 2480 1201 barbaris
2502 1132 3046 1218 occupatasingenti
3059 1147 3265 1204 virtute
3288 1149 3561 1206 restituit.

1922 1232 2144 1303 Eutrop.

1992 1323 2096 1375 278
2126 1321 2427 1379 Anatolius
2453 1323 2726 1379 Laodicia:
2749 1324 3055 1396 episcopus
3078 1325 3269 1382 clarus
3291 1326 3556 1384 habetur.

1920 1414 2048 1464 Eus.
2079 1428 2131 1464 a.
2165 1426 2274 1481 seq.

1991 1497 2095 1550 279
2126 1498 2325 1553 Manes
2355 1500 2613 1570 quidam,
2647 1516 2856 1571 genere
2900 1501 3093 1570 Persa,
3135 1502 3403 1559 insanam
3435 1503 3556 1557 Ma-

1921 1585 2272 1641 nichaeorum
2292 1586 2559 1641 haeresim
2587 1589 2803 1643 condit.
2837 1594 2965 1645 Eus.
2999 1607 3051 1644 a.
3081 1607 3168 1661 pr.
3244 1623 3260 1635 ο

1991 1674 2088 1729 23
2119 1674 2224 1727 280
2255 1675 2571 1730 Antiochiae
2593 1676 2907 1747 episcopus
2938 1678 3318 1733 constituitur
3348 1678 3558 1744 Quiril-

1917 1759 2010 1815 lus
2040 1760 2234 1815 XVIII.
2268 1763 2393 1816 Eus.
2427 1768 2482 1818 h.
2506 1780 2560 1817 a.
2595 1768 2748 1818 vocat
2778 1764 3071 1837 Cyrillum.

1986 1849 2085 1903 281
2119 1849 2511 1920 Eutychianus
2568 1867 2719 1921 papa
2776 1853 2926 1906 sedit
2980 1868 3210 1909 menses
3271 1871 3370 1910 vm
3423 1855 3554 1927 (44).

152 1942 549 1999 convincitur.
592 1944 718 1999 Eus.
752 1962 805 1999 a.
840 1946 964 2000 267.
1000 1946 1099 2002 22
1145 1946 1422 2002 Claudius
1440 1947 1654 2003 Sirmio
1679 1963 1797 2001 mo-

1965 1936 2023 1990 ui
2054 1937 2336 1992 successit
2365 1937 2542 1993 Gaius
2574 1955 2723 2009 papa
2751 1939 2921 1994 annis
2951 1957 3063 1994 xvx.
3096 1942 3222 1996 Eus.
3254 1943 3309 1996 h.
3344 1960 3396 1997 a.

152 2030 334 2096 ritur,
364 2048 471 2103 pro
518 2048 636 2103 quo
690 2032 867 2088 frater
890 2034 1017 2104 ejus
1039 2033 1354 2099 Quintilius
1402 2034 1805 2107 regnavitdies

148 2140 297 2195 xvn,
333 2131 392 2183 et
423 2127 698 2199 Aquileia:
730 2129 1033 2184 occiditur.
1065 2132 1192 2184 Eus.
1225 2148 1278 2184 a.
1311 2148 1423 2201 seq.

221 2217 355 2270 271.
389 2216 475 2286 (In
503 2232 685 2285 marg.
718 2216 1066 2273 Aurelianus
1096 2235 1231 2273 ann.
1264 2235 1316 2284 ν,
1350 2235 1534 2275 mens.
1567 2220 1667 2289 vr.)
1694 2222 1805 2273 Au-

148 2303 418 2360 relianus
436 2302 682 2376 publicae
724 2305 802 2359 rei
827 2305 1008 2373 utilis,
1042 2306 1229 2377 primo
1252 2306 1506 2362 clemens
1528 2307 1805 2362 Christia-

148 2389 266 2459 nis,
300 2394 507 2463 postea
535 2396 875 2462 persecutor
904 2393 1033 2447 fuit.
1073 2396 1279 2449 Trebel.
1310 2412 1361 2449 a.
1396 2412 1480 2465 pr.

218 2478 862 2552 272Zenobia'regina
908 2480 1159 2536 Orientis
1202 2481 1470 2536 vincitur.
1516 2480 1802 2536 Eusebius

152 2567 536 2624 Laodicensis
564 2566 869 2640 episcOpus
890 2568 1141 2640 insignis
1163 2569 1426 2625 habetur.
1460 2572 1585 2625 Eus.
1610 2587 1664 2624 a.
1688 2585 1796 2639 seq.

222 2656 336 2711 273
366 2655 749 2712 Aurelianum
809 2657 1002 2712 Roma:
1045 2657 1507 2727 triumphantem
1538 2658 1801 2712 Tetricus

152 2748 212 2800 et
234 2742 496 2801 Zenobia
521 2744 733 2815 captivi
766 2750 1205 2815 praecesserunt.
1238 2748 1366 2800 Eus.
1401 2762 1452 2799 a.
1484 2762 1593 2816 seq.

220 2833 333 2887 274
364 2832 690 2903 Imperator
736 2832 844 2886 soli
892 2832 1174 2903 templum
1226 2833 1488 2899 aedificat,
1521 2836 1581 2889 et
1611 2849 1800 2888 nonus

148 2918 524 2976 Christianos
553 2919 942 2991 persequitur.
975 2922 1105 2977 Eus.
1146 2937 1199 2976 a.
1224 2938 1334 2991 seq.

216 3009 331 3064 275
360 3008 447 3078 (In
476 3023 653 3079 marg.
685 3008 922 3063 Tacitus
970 3025 1156 3063 mens.
1199 3010 1300 3080 v1.)
1331 3007 1675 3062 Aurelianus
1705 3007 1797 3061 di-

1988 2027 2094 2079 282
2116 2025 2335 2080 Probus
2368 2026 2518 2096 apud
2549 2025 2825 2081 Sirmium
2857 2027 3110 2083 tumultu
3134 2028 3371 2084 militari
3403 2030 3552 2085 occi-

1913 2112 2091 2168 ditur.
2116 2112 2468 2168 Alexandriae
2490 2115 2797 2185 episcopus
2818 2114 3081 2171 Theonas
3101 2118 3269 2172 annis
3286 2135 3398 2172 x1x.
3421 2120 3551 2175 Eus.

1913 2201 1966 2254 h.
2000 2218 2054 2255 a.

1982 2289 2087 2341 283
2117 2289 2199 2355 (In
2230 2305 2403 2357 marg.
2459 2290 2639 2344 Carus
2671 2305 2805 2343 cum
2850 2288 2986 2344 iiliis
3017 2290 3221 2345 Carino
3252 2294 3308 2345 et
3336 2290 3551 2346 Nume-

1913 2376 2075 2430 riano
2099 2394 2233 2430 ann.
2260 2378 2344 2446 II.)
2370 2376 2571 2443 Carus,
2594 2377 2776 2431 victor
2796 2377 2864 2431 de
2886 2377 3140 2443 Parthis,
3164 2395 3339 2450 super
3360 2379 3550 2452 Tigri-

1913 2466 2045 2519 dem
2078 2464 2320 2519 l'ulminc
2350 2465 2499 2519 ictus
2532 2464 2769 2519 interiit.
2800 2467 2925 2520 Eus.
2960 2465 3014 2519 h.
3047 2482 3101 2520 a.

1982 2554 2085 2607 284
2115 2552 2504 2606 Numerianus
2535 2552 2766 2607 insidiis
2792 2552 2930 2623 Apri
2962 2553 3147 2608 soceri
3200 2554 3291 2609 sui
3320 2540 3546 2612 occisus

1910 2646 2018 2696 est.
2054 2642 2177 2695 Eus.
2213 2640 2267 2693 h.
2300 2656 2353 2694 a.
2389 2671 2454 2679 —
2487 2640 2753 2705 Carinus,
2788 2642 2942 2712 apud
2975 2641 3242 2713 Margum
3275 2659 3307 2697 a
3335 2643 3549 2698 Diocle-

1910 2729 2067 2783 tiano
2095 2727 2288 2799 praelia
2306 2728 2888 2791 victus,interﬁcitur.
2913 2730 3040 2783 Eus.
3075 2746 3127 2784 a.
3163 2745 3278 2798 seq.
3300 2760 3367 2769 ——
3398 2730 3551 2785 Huc-

1911 2833 2097 2886 usque
2126 2816 2197 2869 ab
2229 2815 2624 2870 incarnatione
2656 2815 2884 2870 Domini
2915 2819 3310 2887 supputantur
3338 2833 3547 2873 secun-

1908 2906 2047 2960 dum
2071 2904 2409 2976 Dionysium
2433 2902 2569 2957 anni
2600 2920 2887 2958 CCLxxxw.

1976 2994 2082 3049 285
2136 2992 2220 3063 (In
2260 3009 2437 3060 marg.
2496 2992 2890 3047 Diocletianus
2932 3010 3068 3048 ann.
3122 2993 3240 3065 xx.)
3291 2995 3376 3049 Ab
3434 2993 3545 3050 hoc

145 3096 284 3153 vino
311 3094 562 3151 fulmine
591 3095 849 3162 territus,
884 3096 1226 3151 interficitur
1254 3113 1288 3150 a
1345 3095 1650 3162 militibus,
1692 3110 1795 3165 pro
1907 3102 2058 3143 anno
2091 3081 2270 3136 Grznci
2302 3080 2605 3152 paschales
2634 3080 2882 3136 circulos
2913 3080 3267 3137 inchoabant
3298 3082 3434 3152 (45).

1190 3193 1662 3248 COMPENDIUM
1702 3192 1799 3246 EX
1844 3182 2095 3242 CODICE
2134 3177 2513 3234 BERNOLDI.

222 3282 335 3337 265
367 3280 715 3337 Alexandria;
772 3282 1041 3336 Maximus
1071 3281 1180 3337 XIV
1225 3282 1503 3353 episcopus
1543 3281 1681 3337 sedit
1705 3296 1805 3335 an-
1836 3278 1879 3345 α
1982 3272 2090 3326 276
2118 3268 2447 3323 Aurelianus
2474 3266 2659 3321 divino
2685 3266 2919 3334 fulmine
2969 3267 3234 3332 territus,
3262 3268 3405 3322 inter
3430 3268 3546 3336 By-

146 3371 241 3426 nis
268 3385 435 3436 xvm,
468 3368 545 3424 al.
579 3385 632 3425 a.
664 3369 792 3424 264.

220 3458 333 3512 268
363 3454 661 3527 Dionysius
685 3472 838 3527 papa
885 3454 1044 3510 XXIV
1085 3456 1219 3511 sedit
1253 3457 1415 3511 annis
1447 3473 1522 3510 ιχ.
1554 3455 1807 3511 Discessit

151 3545 343 3605 eral
367 3546 495 3600 Jan.
526 3544 704 3613 Paulo
733 3543 1076 3599 Samosateno
1095 3544 1350 3600 ha’retico
1369 3544 1626 3616 deposito,
1652 3544 1808 3597 Dom-

140 3620 261 3689 vnus
292 3633 407 3689 XVI
457 3632 762 3688 Antiochiae
817 3633 1095 3704 episcopus
1138 3632 1447 3700 ordinatur,
1480 3630 1555 3687 al.
1592 3648 1645 3686 a.
1676 3631 1802 3698 270,

151 3721 294 3778 Eus.
331 3736 386 3788 a,
417 3720 547 3775 267.

170 3862 177 3867 .
219 3808 334 3865 269
372 3806 587 3865 Addit:
635 3806 904 3866 Claudius
946 3808 1161 3878 XXVIII,
1213 3822 1357 3862 anno
1410 3822 1539 3872 uno,
1593 3806 1804 3861 mensi-

154 3897 250 3954 bus
280 3912 362 3953 Ix.
391 3892 496 3952 Iste
527 3894 738 3964 Gothos,
767 3898 900 3963 etc.,
931 3899 995 3951 ut
1024 3899 1092 3951 A.
1127 3912 1221 3951 an.
1255 3911 1377 3965 seq.

214 3985 335 4044 270
389 3970 594 4039 Paulus
618 3976 623 3983 ’
649 3983 717 4039 de
761 3984 1045 4040 Samosata
1094 3982 1470 4038 Antiochenus
1526 3984 1802 4054 episcOpus

155 4066 457 4131 haereticus
471 4086 582 4127 esse
597 4074 966 4127 convincitur.
985 4071 1134 4126 Nota
1147 4069 1484 4143 marginalis
1501 4069 1768 4126 Bernoldi
1790 4087 1802 4125 :

135 4161 253 4235 ﬂia
284 4157 588 4218 Antiochiae
617 4159 890 4229 episcopus
917 4159 1251 4229 feminarum
1279 4159 1545 4213 consortio
1573 4157 1808 4213 delecta-

157 4246 345 4317 batur,
377 4243 521 4319 quod
550 4252 601 4302 et
627 4243 843 4301 clericis
870 4246 985 4301 suis
1013 4246 1292 4312 concessit,
1323 4261 1394 4300 ne
1422 4245 1530 4299 sibi
1558 4244 1654 4300 hoc
1699 4246 1807 4299 cri-

309 4336 531 4406 possent
562 4334 853 4405 imputare,
889 4336 1087 4406 quippe
1111 4335 1321 4389 astricti
1349 4332 1531 4388 eodem
1556 4333 1805 4388 crimine.

136 4414 264 4483 illic
314 4421 486 4478 etiam
515 4420 793 4478 Christ
820 4421 1095 4477 hominem
1123 4422 1425 4476 communis
1451 4428 1671 4476 natura?
1697 4435 1810 4475 esse

153 4511 415 4568 asseruit.
448 4510 546 4565 Hic
593 4526 719 4565 cum
745 4510 1036 4565 damnatus
1086 4510 1255 4565 nollet
1284 4509 1351 4563 ab
1380 4508 1603 4563 ecclesia
1631 4507 1809 4562 disce-

132 4598 308 4675 ‘dere,
340 4596 413 4653 ad
430 4597 713 4652 cumulum
739 4598 829 4652 sui
852 4597 1123 4653 dedecoris
1140 4597 1367 4667 publica
1385 4611 1555 4649 manu
1576 4596 1806 4665 expelli-

136 4667 246 4763 ἰξυῖ·
274 4684 345 4741 ab
405 4684 654 4753 ecclesia,
685 4692 746 4740 ut
774 4694 969 4740 narrat
996 4683 1365 4739 ecclesiastica
1399 4684 1641 4737 Historia
1672 4682 1805 4753 (46).

221 4772 325 4829 271
367 4771 633 4827 Claudius
689 4771 891 4827 Sirmio
944 4773 1199 4839 moritur,
1270 4786 1367 4841 pro
1453 4786 1558 4842 quo
1632 4772 1811 4840 frater

157 4850 467 4931 Quintilius
498 4860 749 4929 regnavit
779 4859 892 4915 dies
922 4876 1060 4929 xvn,
1111 4863 1160 4914 et
1208 4858 1475 4928 Aquileiae
1524 4857 1806 4912 occiditur.

142 4934 499 5004 Aurelianus
557 4946 704 5001 XXIX
756 4948 920 5002 annis
949 4948 1210 5017 quinque,
1265 4945 1538 5000 mensibus
1567 4961 1683 5000 sex.
1716 4947 1812 5001 Hic

154 5036 482 5109 reipublicw
521 5036 699 5101 utilis,
728 5036 928 5106 primo,
963 5039 1098 5101 etc.,
1129 5038 1194 5089 ut
1224 5040 1370 5105 Aug.

140 5110 143 5113 Α
222 5122 337 5180 273
365 5122 605 5178 Zenobia
632 5124 826 5194 regina
864 5123 1104 5178 Orientis
1125 5123 1385 5177 vincitur.

138 5206 141 5209 ’
224 5210 337 5265 2⁵74
369 5208 737 5265 Aurelianum
766 5210 965 5277 Romae,
995 5213 1128 5275 etc.,
1162 5213 1227 5262 ut
1256 5213 1403 5280 Aug.
1438 5224 1488 5262 a.
1524 5224 1611 5280 pr.

1912 3361 2157 3417 stantium
2212 3360 2261 3411 et
2319 3356 2634 3409 Heracleam
2662 3371 2697 3408 a
2749 3354 3018 3408 militibus
3068 3354 3348 3408 occiditur.
3393 3354 3546 3408 Taci-

1911 3454 1998 3504 tus
2054 3446 2172 3501 XXX
2216 3443 2498 3497 mensibus
2553 3457 2627 3494 vr.
2688 3440 2798 3507 Quo
2859 3439 3004 3509 apud
3057 3443 3287 3495 Pontum
3354 3441 3544 3509 occiso,

1912 3536 2201 3591 Florianus
2247 3530 2497 3597 regnavit
2537 3527 2651 3582 dies
2698 3543 2960 3595 Lxxxvm,
2991 3531 3043 3582 et
3088 3528 3242 3598 apud
3288 3527 3549 3582 Tharsum

1913 3622 2200 3680 occiditur.

1980 3712 2085 3766 277
2115 3708 2278 3765 Felix
2301 3721 2447 3776 papa
2492 3705 2619 3760 XXV
2656 3704 2792 3760 sedit
2813 3706 2975 3759 annis
3024 3706 3259 3776 quinque
3284 3720 3304 3766 ;
3334 3706 3547 3775 marty-

1912 3802 1995 3855 rio
2041 3802 2329 3853 coronatus
2372 3800 2450 3849 est
2509 3808 2572 3847 In
2620 3793 2738 3848 Kal.
2789 3794 2963 3850 Junii.
3011 3824 3077 3834 —-
3136 3794 3341 3848 Probus
3404 3788 3553 3847 XXXI

1914 3888 2078 3943 annis
2098 3901 2214 3950 sex,
2247 3882 2525 3938 mensibus
2556 3889 2805 3953 quatuor.

1986 3977 2091 4030 278
2148 3971 2344 4028 Galliae
2388 3986 2422 4024 a
2453 3968 2702 4024 barbaris
2744 3972 2974 4025 vastatae
3014 3984 3048 4023 a
3090 3966 3267 4024 Probo
3318 3968 3549 4023 Romano

1914 4064 2280 4119 restituuntur
2309 4059 2559 4128 imperio.

1984 4152 2089 4205 279
2118 4148 2421 4213 Anatolius,
2454 4148 2586 4213 etc.,
2620 4148 2684 4199 ut
2714 4148 2780 4198 A.
2806 4161 2857 4200 a.
2893 4161 2978 4216 pr.

1984 4240 2090 4292 280
2114 4236 2288 4291 Manes
2318 4234 2612 4304 quidam...
2641 4232 2904 4303 condidit,
2950 4235 3015 4288 ut
3042 4234 3188 4303 Aug.
3231 4248 3283 4287 a.
3316 4246 3406 4302 pr.

1983 4328 2082 4381 281
2119 4322 2435 4387 Antiochia,
2466 4325 2550 4376 ut.
2587 4323 2649 4375 A.
2683 4337 2778 4375 an.
2810 4337 2896 4391 pr.
3184 4382 3191 4387 υ

1985 4417 2093 4470 282
2119 4412 2485 4482 Eutychianus
2540 4424 2687 4479 papa
2751 4409 2903 4463 XXVI
2968 4407 3105 4462 sedit
3174 4406 3447 4485 mensibus
3493 4421 3551 4473 x,

1912 4518 2105 4570 passus
2157 4516 2254 4572 pro
2314 4498 2522 4552 Christo
2578 4512 2680 4551 vm
2720 4494 2845 4551 Kal.
2905 4498 3040 4565 Aug.
3091 4495 3222 4551 Vid.
3282 4498 3402 4550 not.
3452 4510 3550 4549 an.

1961 4607 2086 4647 P830.

1918 4609 2090 4733 prii;
2124 4677 2287 4733 Gaius
2335 4691 2475 4746 papa
2496 4674 2687 4738 XXVII,
2736 4673 2876 4728 sedit
2892 4673 3052 4727 annis
3081 4688 3172 4726 xv.
3197 4669 3552 4726 Alexandriae

1923 4768 2157 4823 Theonas
2209 4766 2488 4836 episcopus
2518 4762 2618 4831 XV,
2673 4763 2835 4815 annis
2882 4778 3036 4815 xvm.
3072 4791 3137 4800 ——
3167 4760 3375 4815 Probus
3401 4756 3553 4828 apud

1918 4856 2181 4910 Sirmium
2208 4852 2445 4908 tumultu
2486 4850 2731 4905 militum
2779 4849 3060 4911 occiditur.
3095 4879 3162 4888 -ο
3194 4862 3360 4902 carus
3386 4846 3557 4900 XXXII

1916 4960 2039 4999 cum
2068 4943 2201 5012 ﬁliis
2234 4940 2431 4995 Carino
2458 4947 2507 4993 et
2538 4938 2873 4993 Numeriano
2892 4938 3054 4992 annis
3083 4937 3310 4992 duobus.

1985 5031 2089 5083 284
2122 5031 2290 5085 Carus
2320 5030 2508 5091 victor,
2542 5030 2607 5080 ut
2637 5030 2702 5081 A.
2738 5043 2789 5081 a.
2823 5043 2907 5096 pr.
3430 5088 3437 5095 η

1986 5120 2092 5173 285
2120 5117 2480 5171 Numerianus
2538 5114 2820 5168 occiditur.
2875 5114 3107 5168 Carinas
3139 5113 3283 5184 apud
3313 5113 3559 5184 Margum

1917 5225 1953 5262 a
1982 5206 2312 5261 Diocletiano
2339 5201 2688 5269 interﬁcitur.
2722 5204 3025 5272 IIucusque,
3058 5204 3191 5267 etc.,
3224 5206 3289 5258 ut
3319 5206 3468 5273 Aug.
3502 5215 3555 5256 α.

221 5299 335 5354 275
373 5296 725 5353 Aurelianus
764 5298 1027 5369 templum
1066 5297 1171 5352 soli
1213 5296 1469 5365 aediﬁcat,
1513 5300 1563 5351 et
1608 5312 1814 5351 nonam
1922 5312 2007 5366 pr.
2045 5325 2109 5333 —
2135 5292 2499 5347 Diocletianus
2529 5290 2721 5344 XXXIII
2750 5291 2913 5344 annis
2942 5290 3168 5360 viginti.

153 5387 595 5460 persecutionem
613 5387 674 5441 in
704 5385 1043 5442 Christianos
1071 5385 1286 5440 excitat.

1745 5479 1974 5537 NOTIE.

226 5568 545 5654 (MlSedit
574 5570 744 5628 annis
771 5569 894 5641 vni,
928 5585 1117 5645 mens.
1148 5585 1242 5640 XI;
1275 5568 1452 5627 Gaius
1479 5585 1610 5626 vero
1642 5567 1813 5626 annis

159 5659 266 5714 xu,
299 5660 493 5700 mens.
527 5659 603 5697 Iv.
972 5661 977 5667 ~

228 5716 357 5797 (45)-
382 5714 487 5774 Est
513 5712 635 5771 hac
667 5711 912 5770 celebris
941 5713 1074 5772 Era
1129 5710 1489 5772 Diocletiano.
1529 5724 1632 5771 seu
1659 5708 1811 5770 Mar-

488 5839 758 5908 ΡΑτιοι..
801 5835 1059 5906 CXLIII.

1919 5570 2134 5641 tyrum,
2170 5564 2337 5636 cujus
2369 5560 2602 5619 initium
2636 5561 2916 5688 repetitur
2943 5578 2977 5617 a
3004 5560 3075 5616 29
3090 5562 3240 5644 Aug.
3263 5556 3396 5616 anni
3422 5557 3553 5617 284.

1991 5640 2103 5688 (46)
2145 5638 2281 5688 Eus.
2332 5633 2371 5688 ι.
2425 5651 2523 5688 vn.
2559 5650 2608 5688 c.
2663 5637 2700 5687 2
2741 5634 2872 5688 .24.
2905 5631 3193 5688 Murensis
3239 5629 3362 5687 cod.
3398 5626 3553 5688 hanc

1991 5626 2281 5715 (46)'I_Eu§.
2332 5633 2371 5715 Ι.
2425 5651 2523 5715 vn,
2559 5650 2608 5689 c.
2663 5626 2753 5699 23,
2905 5626 3215 5689 Μαι-θηεῘέ
3239 5629 3362 5687 cod.
3398 5626 3553 5691 hanc

1923 5707 2121 5780 notam
2151 5708 2212 5773 in
2243 5709 2574 5769 contextum
2605 5707 2878 5781 reposuit.

3190 5822 3234 5907 3.
