3940 6350
370 428 450 488 ’75
1191 424 1597 484 ΗΕΠΜΑΝΝΙ
1643 422 2077 486 GONTRACTI
2121 424 2528 486 AUGIENSIS
2573 421 2954 486 MONACHI.
3708 415 3784 476 76

1745 554 1975 610 CODEX
2013 554 2412 610 AUGIENSIS.

445 687 553 742 286
583 685 982 742 Diocletianus
1041 685 1453 742 Herculianum
1507 686 1923 741 Maximianum
1958 686 2016 740 in
2046 689 2100 752 Α
2203 687 2300 741 25
2333 688 2438 742 300
2467 684 2735 742 Galerius
2766 681 3176 748 Maximianus,
3229 679 3423 736 victus
3472 693 3509 734 a
3540 677 3788 746 Narceo,

383 774 745 832 consortium
781 774 940 846 regni
974 774 1242 830 assumit.
1277 777 1396 829 Eus.
1431 792 1484 830 ιι.
1522 778 1645 828 288.

451 865 556 919 287
585 863 975 919 Maximianus
998 863 1056 918 in
1081 861 1264 918 Gallia
1283 863 1613 917 Amandum
1635 879 1766 918 cum
1787 861 2021 918 rusticis

381 952 539 1010 vicit.
574 953 698 1007 Eus.
727 968 780 1006 (ι.
813 968 922 1022 seq.

454 1041 555 1098 24
574 1041 682 1096 288
710 1039 825 1096 Hoc
854 1043 1114 1110 tempore
1141 1042 1320 1093 Carus
1345 1039 1492 1109 [Eus.
1527 1038 1862 1107 Carausius)
1896 1037 2019 1091 Bri-

379 1128 664 1198 tanniam,
682 1127 933 1183 Narseus
951 1143 1047 1182 rex
1071 1127 1375 1183 Persarum
1395 1111 1712 1194 Orientem,
1729 1125 2022 1182 Achilleus

379 1215 724 1290 Egyptium,
747 1215 1269 1287 Quinquegentiani
1293 1215 1544 1270 Africam
1571 1215 2019 1281 infestaverunt;

380 1304 453 1360 ob
484 1320 611 1376 quae
651 1303 1068 1359 Constantinus
1101 1304 1226 1374 [leg.
1286 1302 1702 1369 Constantius],
1761 1302 2022 1357 Galerius

379 1395 438 1448 et
466 1390 854 1448 Maximianus
879 1392 938 1446 in
971 1408 1216 1463 regnum
1241 1395 1642 1446 assumuntur.
1676 1391 1797 1444 Eas.
1824 1408 1875 1444 a.
1910 1407 2019 1461 seq.

448 1479 557 1534 290
583 1478 976 1536 Diocletianus
1039 1479 1445 1535 Constantium
1511 1478 1871 1533 Constantini
1921 1496 2020 1550 pa-

380 1573 532 1626 trem
583 1571 864 1624 Caesarem
913 1567 1068 1632 fecit,
1100 1567 1201 1639 qui
1257 1567 1518 1639 regnavit
1548 1567 1718 1622 annis
1748 1584 1859 1621 xw.
1893 1569 2017 1621 Eas.

385 1674 439 1712 a.
461 1673 550 1730 pr.

451 1744 549 1800 29l
589 1744 910 1816 Imperator
961 1743 1251 1799 Galerium
1286 1743 1702 1798 Maximianum
1736 1745 2018 1798 Cursarem

385 1833 539 1890 fecit.
578 1837 710 1888 Eus.
745 1850 798 1888 α.
831 1835 956 1888 289.

453 1922 560 1976 292
589 1921 706 1976 Hoc
737 1924 994 1992 tempore
1025 1921 1290 1976 Pbierius
1322 1920 1640 1992 presbyter,
1673 1923 1727 1974 et
1763 1917 2020 1974 Achillas

381 2013 438 2066 et
468 2007 702 2064 Melitus
733 2007 1082 2064 Alexandriae
1115 2007 1468 2062 claruerunt.

451 2098 557 2151 293
587 2096 687 2151 His
736 2095 1097 2168 temporibus
1155 2095 1396 2150 diversis
1453 2101 1512 2150 et
1559 2094 1760 2150 multis
1811 2095 2022 2167 proeliis

382 2185 581 2242 hostes
611 2184 824 2240 diversi
849 2185 1180 2239 vincuntur.
1215 2185 1343 2238 Eas.

452 2273 560 2327 295
587 2271 981 2327 Diocletianus
1012 2289 1074 2327 se
1102 2275 1168 2326 ut
1196 2271 1369 2327 deum
1397 2271 1623 2326 adorari
1661 2269 1861 2342 jussit.
1897 2275 2022 2327 Eus.

385 2359 443 2416 h.
473 2377 552 2428 a.,
582 2360 658 2414 al.
691 2376 745 2414 a.
776 2359 900 2413 293.

453 2448 562 2502 296
589 2447 729 2503 Gaio
761 2463 920 2518 papae
945 2462 1047 2518 per
1071 2444 1416 2518 martyrium
1438 2448 1711 2503 coronato
1743 2446 2028 2502 Marcelli-

387 2553 502 2594 nus
529 2534 752 2590 XXVIII
785 2533 1084 2590 successit.
1115 2536 1242 2588 Eus.
1276 2550 1328 2589 a.
1362 2550 1468 2604 seq.

455 2624 561 2679 297
591 2620 984 2678 Diocletianus
1041 2621 1192 2676 victo
1243 2620 1503 2676 Achilleo
1537 2620 1942 2676 Alexandriam
1975 2625 2031 2676 et

391 2713 706 2784 Egyptum
737 2710 971 2782 recepit.
1005 2711 1127 2764 Eus.
1161 2727 1212 2764 a.
1246 2726 1354 2780 seq.

456 2799 564 2854 298
594 2800 752 2855 Idem
783 2798 1072 2872 plurimos
1103 2815 1206 2870 per
1236 2801 1415 2852 totam
1447 2799 1754 2870 {Egyptum
1787 2798 2030 2869 proscri-

390 2887 690 2961 ptionibus
721 2890 776 2942 et
805 2886 1024 2942 exsiliis
1055 2886 1372 2941 damnavit.
1407 2888 1534 2940 Eus.
1567 2887 1622 2939 h.
1654 2903 1708 2942 a.

459 2975 568 3030 299
596 2973 970 3030 Constantius
1002 2974 1302 3045 sexaginta
1333 2973 1517 3028 millia
1568 2973 2028 3029 Alamannorum

395 3061 568 3134 juxta
595 3062 891 3134 Lingonas
937 3061 1168 3117 occidit.
1217 3062 1346 3117 Eus.
1379 3079 1430 3116 a.
1463 3062 1588 3117 301.
1631 3065 1784 3117 Eutr.
1817 3079 1870 3118 a.
1902 3064 2028 3117 297.

2135 779 2267 828 ante
2298 778 2635 844 carpentum
2685 769 3021 850 Diocletiani
3079 772 3443 841 purpuratus
3493 763 3788 822 cucurrit.

2134 867 2262 917 Eus.
2295 880 2345 916 a.
2379 861 2503 917 301.

2202 951 2298 1003 301
2335 950 2720 1004 Maximianus
2768 947 3052 1002 Narseum
3099 945 3417 1016 superavit,
3451 947 3509 999 ot
3543 958 3790 998 uxorem

2131 1039 2261 1108 ejus
2310 1055 2376 1093 ac
2406 1038 2619 1093 liberos
2668 1035 2992 1108 captivavit.
3047 1039 3174 1091 Bus.
3234 1051 3289 1089 a.
3348 1034 3476 1088 302.
3539 1034 3702 1088 Eutr.
3736 1048 3789 1086 a.

2130 1129 2255 1180 297.

2199 1217 2243 1270 3t
2261 1215 2302 1269 I2
2336 1213 2720 1269 Diocletianus
2743 1217 2797 1267 et
2820 1211 3209 1267 Maximianus
3231 1209 3449 1283 insigni
3470 1225 3697 1282 pompa
3718 1209 3792 1264 de

2131 1303 2398 1358 hostibus
2431 1302 2812 1373 triumphant.
2849 1304 2974 1356 Eus.
3009 1317 3060 1355 a.
3089 1315 3198 1370 seq.

2200 1393 2303 1445 303
2338 1389 2725 1445 Diocletianus
2756 1393 2811 1444 et
2832 1388 3224 1444 Maximianus
3245 1386 3525 1442 ecclesias
3546 1386 3792 1442 subver-

2132 1484 2279 1543 tunt,
2313 1479 2490 1534 libros
2522 1478 2746 1533 divinos
2777 1477 3116 1544 incendunt,
3157 1481 3215 1532 et
3244 1475 3617 1532 Christianos
3651 1490 3790 1530 cru-

2130 1568 2304 1622 ciant.
2337 1568 2464 1622 Eus.
2496 1584 2550 1622 a.
2573 1583 2684 1637 seq.

2198 1656 2300 1709 30':
2335 1655 2723 1709 Diocletianus
2753 1654 3119 1717 Nicomediae,
3151 1657 3206 1708 et
3237 1653 3638 1708 Maximianus
3672 1652 3796 1708 Mc»

2132 1743 2347 1798 diolani
2370 1759 2688 1814 purpuram
2723 1746 2778 1796 et
2809 1757 3052 1814 regnum
3077 1741 3396 1813 deponunt.
3426 1741 3554 1796 Eus.
3588 1759 3646 1796 a.
3678 1758 3794 1812 seq.

2130 1863 2195 1870 ———
2218 1830 2501 1886 Eusebius
2519 1848 2667 1903 papa
2698 1831 2848 1885 sedit
2880 1845 3111 1886 menses
3136 1847 3258 1897 vm,
3281 1833 3415 1902 post
3443 1845 3625 1902 quem
3661 1828 3796 1886 Mil-

2128 1920 2312 1975 tiadcs
2343 1935 2527 1974 annos
2567 1937 2620 1973 ιν
2666 1921 2796 1990 (47).
2833 1921 2957 1973 Eas.
2991 1935 3046 1975 ιι.
3078 1936 3188 1989 seq.

2199 2007 2305 2060 305
2333 2005 2684 2060 Maximinus
2739 2009 2795 2060 et
2825 2007 3074 2062 Severus
3127 2006 3380 2062 Ctesares
3429 2006 3569 2062 facti
3624 2011 3794 2063 sunt.

2134 2099 2259 2150 Eas.
2295 2112 2346 2149 a.
2378 2111 2486 2166 seq.
2542 2093 3014 2150 —Constantius
3072 2098 3375 2167 Augustus
3432 2095 3602 2163 obiit,
3654 2099 3797 2168 post

2130 2198 2303 2253 quem
2333 2183 2750 2238 Constantinus
2784 2181 2939 2238 ﬁlius
2961 2183 3112 2254 ejus,
3140 2185 3262 2238 Eus.
3297 2200 3350 2238 a.
3371 2183 3498 2237 307.
3533 2215 3604 2224 -
3634 2183 3795 2239 Con-

2137 2271 2432 2326 stantinus
2461 2269 2778 2325 Constantii
2809 2287 2878 2326 ex
2903 2271 3228 2327 concubina
3250 2269 3469 2327 Helena
3491 2271 3655 2329 ﬁlius
3676 2272 3799 2344 pri-

2136 2375 2268 2413 mus
2297 2358 2631 2429 imperator,
2665 2363 2898 2430 excepto
2929 2358 3219 2431 Philippo,
3249 2358 3620 2415 Christianus
3652 2359 3793 2428 fuit,

2135 2450 2192 2501 et
2231 2447 2301 2500 ab
2345 2445 2453 2501 hoc
2501 2446 2813 2500 Christiani
2865 2447 3246 2519 imperatores
3297 2463 3429 2503 esse
3459 2451 3794 2520 coeperunt.

2136 2538 2264 2589 Eus.
2296 2551 2347 2588 a.
2380 2535 2507 2588 307.

2207 2623 2312 2676 306
2343 2622 2424 2690 (In
2475 2639 2652 2693 marg.
2683 2622 3100 2678 Constantinus
3129 2640 3266 2678 ann.
3300 2640 3432 2691 xxx,
3466 2639 3662 2680 mens.
3711 2625 3798 2696 x.)

2140 2709 2464 2764 Maxentius
2480 2710 3079 2767 Maximianilierculii
3096 2710 3252 2767 ﬁlius
3268 2715 3578 2784 Augustus
3598 2711 3802 2786 appel-

2142 2799 2311 2852 latur.
2345 2799 2468 2852 Eus.
2502 2815 2556 2853 a.
2588 2800 2713 2854 308.

2214 2887 2313 2941 20
2342 2887 2446 2940 307
2477 2887 2864 2942 Maximianus
2894 2889 3048 2960 apud
3079 2888 3408 2945 Massiliam
3430 2889 3692 2961 turpiter
3711 2889 3801 2946 in-

2143 2974 2439 3029 terﬁcitur.
2464 2976 2686 3046 Eutrop.
2719 2993 2771 3030 a.
2803 2977 2927 3032 310.

1439 3228 1906 3285 COMPENDIUM
1947 3228 2034 3284 EX
2071 3228 2327 3285 CODICE
2364 3229 2738 3285 BERNOLDI.

455 3371 564 3428 286
590 3370 666 3426 Ab
703 3371 802 3426 hoc
827 3385 994 3437 anno,
1027 3374 1092 3425 ut
1121 3371 1181 3426 Α.
1217 3387 1270 3426 a.
1303 3387 1390 3442 pr.

457 3461 564 3515 287
591 3459 958 3514 Diocletianus
987 3459 1305 3514 Herculium
1352 3459 1748 3514 Maximianum
1791 3461 1851 3514 in
1900 3475 2026 3514 eon-

385 3548 616 3602 sortium
659 3548 818 3614 regni
845 3549 1091 3611 assumit,
1143 3545 1218 3600 al.
1252 3563 1303 3601 a.
1335 3549 1460 3602 285.

457 3635 564 3688 288
593 3633 980 3697 Maximianus,
1011 3637 1144 3700 etc.,
1179 3637 1244 3688 ut
1273 3650 1324 3688 a.
1358 3651 1446 3705 pr.

455 3720 562 3776 289
593 3721 698 3776 Hoc
745 3723 980 3792 tempore
1029 3719 1386 3777 Carausius...
1436 3729 1798 3789 vastarerunt,
1845 3727 1910 3777 ut
1957 3727 2021 3776 A.

393 3824 446 3865 a.
478 3824 566 3881 pr.

454 3896 551 3953 29l
605 3896 976 3952 Diocletianus
1027 3895 1423 3962 Constantium,
1474 3901 1605 3965 etc.,
1667 3901 1731 3953 ut
1780 3898 1836 3953 in
1870 3903 2018 3971 Aug.

389 4003 441 4042 α.
476 4001 563 4058 pr.

457 4075 563 4128 292
589 4073 982 4140 Diocletianus,
1015 4076 1080 4128 ut
1108 4076 1178 4126 A.
1211 4088 1262 4128 a.
1294 4089 1382 4144 pr.

455 4160 560 4214 293
591 4159 698 4216 Hoc
720 4163 956 4231 tempore
985 4159 1262 4230 Phierius,
1295 4164 1360 4214 ut
1387 4163 1454 4214 A.
1490 4177 1542 4215 a.
1579 4178 1663 4232 pr.

454 4247 559 4302 294
589 4247 683 4302 His
711 4247 1059 4317 temporibus,
1101 4251 1167 4302 ut
1206 4249 1272 4301 A.
1306 4264 1357 4302 a.
1391 4264 1479 4319 pr.

450 4335 557 4389 296
583 4334 952 4390 Diocletianus
979 4349 1057 4402 se,
1092 4337 1158 4389 ut
1182 4335 1248 4388 A.
1281 4351 1376 4390 an.
1411 4351 1498 4407 pr.
1570 4349 1573 4352 ·

448 4423 556 4478 298
585 4421 714 4478 Gaio
736 4437 898 4494 papa:
927 4440 962 4477 x
1013 4423 1132 4478 Kal.
1165 4423 1293 4476 Maii
1348 4425 1704 4494 martyrimto
1750 4423 2018 4479 Marcelli-

377 4526 484 4566 nus
508 4509 728 4566 XXVIII
757 4512 1010 4566 successit
1041 4512 1203 4564 annis
1229 4526 1438 4577 novem,
1463 4513 1558 4581 qui
1587 4513 1716 4566 item
1735 4527 1836 4582 pro
1866 4511 2019 4567 Chri-

373 4607 457 4654 sto
500 4615 689 4670 pussus
734 4607 812 4654 est
856 4615 911 4654 v1
966 4599 1084 4652 Kal.
1136 4599 1288 4652 Maii.
1320 4597 1468 4652 Nota
1513 4599 1853 4669 marginalis
1883 4601 2018 4654 Ber-

377 4685 537 4742 noldi
565 4703 579 4743 :
612 4689 897 4758 Hucusque
925 4685 1290 4740 ecclesiastica
1345 4687 1586 4741 Historia
1629 4687 1847 4742 Eusebii
1891 4705 2017 4742 suc-

373 4776 633 4830 cessiones
649 4775 947 4846 prmsulum
970 4774 1356 4838 Romanorum,
1374 4775 1488 4828 sive
1518 4774 2016 4830 Alexandrinorum

375 4865 498 4935 apte
525 4861 801 4928 describit,
833 4861 974 4914 sicut
1025 4869 1076 4914 et
1121 4861 1210 4914 hic
1256 4859 1544 4932 descripta:
1576 4862 1848 4918 habentur
1877 4865 2010 4934 (18).

444 4949 552 5004 299
581 4949 951 5004 Diocletianus
1005 4949 1142 5003 victo
1200 4947 1457 5012 Achilleo,
1519 4953 1650 5016 etc.,
1685 4955 1750 5004 ut
1801 4954 1868 5005 A.
1916 4969 2011 5008 an.

447 5122 555 5178 300
602 5121 943 5180 Constantius
988 5124 1276 5193 sexaginta
1330 5124 1514 5180 millia
1585 5126 2018 5184 Alamannorum

377 5207 593 5268 occidit.

2057 3370 2100 3435 α
2207 3371 2307 3424 301
2340 3371 2686 3426 Alexandriae
2742 3371 2849 3427 XVI
2874 3371 3064 3428 Petrus
3091 3375 3368 3444 episcopus
3429 3372 3574 3430 sedit
3623 3377 3799 3430 annis

2137 3475 2234 3512 xu.
2270 3459 2400 3513 Eus.
2437 3476 2488 3514 a.
2523 3461 2647 3524 333,
2682 3457 2757 3514 al.
2799 3477 2852 3514 a.
2883 3459 3007 3514 300.

2205 3546 2310 3600 302
2335 3547 2580 3602 Galerius
2611 3548 2986 3602 Maximianus
3015 3549 3302 3618 Narseum,
3332 3553 3468 3618 etc.,
3497 3553 3564 3605 ut
3589 3551 3656 3606 Α.
3689 3567 3792 3607 an.

2135 3651 2304 3706 praec.

2203 3721 2308 3774 303
2336 3722 2774 3778 Diocletianus...
2831 3724 3189 3796 triumphant.
3235 3729 3300 3780 ut
3345 3729 3416 3780 Α.
3450 3741 3547 3781 an.
3605 3742 3788 3798 prec.

2203 3811 2307 3864 304
2337 3811 2706 3866 Diocletianus
2735 3814 2794 3866 in
2838 3813 3074 3880 Oriente,
3097 3821 3148 3868 et
3169 3813 3456 3870 Herculius
3479 3814 3795 3872 Maximia-

2131 3913 2233 3952 nus
2266 3897 2635 3953 inDcciJente
2663 3898 2922 3955 ecclesias
2965 3901 3304 3968 subvertunt,
3355 3902 3523 3958 libros
3568 3902 3795 3962 divinos

2130 3985 2450 4058 incendunt,
2483 3994 2534 4040 et
2595 3988 2932 4044 Christianos
2984 3988 3196 4045 decima
3240 3989 3626 4064 persecutione
3658 4002 3789 4064 post

2129 4072 2392 4129 Neronem
2423 4077 2829 4132 cruciaverunl.

2199 4162 2304 4215 305
2333 4164 2706 4220 Diocletianus
2759 4165 3081 4221 Nicomedia
3136 4169 3188 4222 et
3236 4167 3610 4223 Maximianus
3666 4173 3791 4227 He-

2128 4248 2340 4305 diola-ni
2365 4268 2640 4322 purpuras
2681 4256 2733 4307 et
2766 4269 3013 4324 regnum,
3047 4255 3111 4308 ob
3149 4257 3437 4311 senectutis
3478 4255 3788 4328 delectum,

2127 4346 2312 4408 sponte
2341 4339 2633 4409 deponunt.
2674 4369 2756 4410 --,
2783 4339 3032 4396 Galerius
3060 4349 3112 4397 et
3145 4343 3498 4399 Constantius
3525 4344 3786 4416 Augusti.

2128 4453 2198 4466 —
2227 4427 2560 4482 Maximinus
2606 4433 2914 4498 persecutor
2945 4428 3386 4486 Christianorum
3443 4434 3494 4487 et
3542 4431 3791 4491 Severus

2130 4510 2369 4570 Ca'sares
2397 4516 2697 4585 eliguntur.

2197 4604 2303 4658 306
2334 4603 2675 4658 Constantius
2722 4613 2982 4680 angustus
3039 4607 3126 4660 vir
3174 4614 3488 4662 mansuetus
3537 4610 3596 4663 in
3651 4611 3788 4666 Bri-

2125 4693 2318 4748 tannia
2349 4691 2576 4746 Eboraci
2598 4693 2748 4747 obiit.
2783 4693 2944 4748 Paul.
2979 4693 3140 4748 Oros.
3173 4693 3234 4748 h.
3268 4711 3321 4749 a.
3357 4725 3428 4735 —
3461 4697 3787 4754 Constanti-

2120 4796 2225 4834 nus
2258 4779 2562 4834 Constantii
2592 4780 2810 4835 XXXIV
2852 4797 2920 4835 ex
2973 4782 3278 4838 concubina
3329 4784 3532 4840 Helena
3599 4786 3786 4858 ﬁlius,

2123 4869 2286 4922 annis
2318 4869 2570 4936 triginta,
2601 4867 2876 4923 mensibus
2906 4868 3104 4923 decem.
3139 4871 3236 4924 Hic
3276 4873 3496 4940 primus
3527 4873 3787 4946 impera-

2125 4963 2275 5011 tor...
2309 4963 2598 5025 ceperunt,
2634 4959 2700 5010 ut
2731 4961 2798 5010 A.
2834 4973 2927 5011 an.
2963 4973 3131 5027 princ.

2193 5045 2298 5096 307
2327 5043 2648 5108 Maxentius,
2679 5043 3007 5098 Μαχίιηίαηί
3062 5045 3306 5102 Herculii
3349 5047 3524 5117 ﬁlius,
3582 5049 3780 5122 Augu-

2123 5133 2238 5186 stus
2267 5130 2597 5202 appellatur.
2631 5161 2697 5171 —
2743 5132 3040 5187 Marcellus
3073 5132 3243 5188 XXIX
3283 5135 3394 5208 (49)
3435 5152 3585 5208 papa
3636 5137 3782 5196 sedit

2124 5221 2288 5274 annis
2313 5221 2569 5292 quinque,
2597 5233 2789 5292 passus
2811 5228 2890 5276 est
2918 5237 3036 5277 xvn
3074 5223 3194 5279 Kal.
3225 5224 3382 5281 Febr.

1947 5367 2179 5424 NOT/E.

443 5497 960 5584 (42).Marcel.lip.us
991 5501 1223 5584 quidem
1257 5503 1382 5584 hoc.
1397 5519 1549 5558 anno
1579 5503 1740 5574 obiit,
1773 5507 1864 5584 cui
1895 5527 2009 5584 non
2118 5511 2296 5584 gitur.

372 5570 680 5644 Eusebius,
710 5571 812 5628 sed
845 5570 1148 5644 Marcellus
1164 5583 1292 5644 post
1313 5573 1490 5628 trium
1525 5570 1810 5633 annorum
1833 5578 2009 5636 inter-

370 5642 735 5719 pontitigium
763 5643 955 5719 _a._3_08
985 5642 1284 5719 successit.
1315 5647 1451 5718 Pag.

445 5713 554 5795 (t8)
584 5713 646 5772 In
677 5714 803 5772 cod.
833 5712 1088 5774 Murensl
1132 5715 1252 5776 hac
1288 5712 1424 5776 nota
1465 5713 1646 5773 textui
1681 5714 1896 5776 inserta
1927 5717 2008 5779 lc-

2189 5580 2838 5674 tulﬂseelleasepes
2855 5598 2938 5674 ,ξς
2955 5584 3098 5674 ἒρδί
3137 5583 3612 5674 eiectantem.
3631 5595 3776 5674 post

2117 5653 2404 5711 anno3l0
2436 5653 2754 5711 defunctus
2775 5671 3170 5714 successorem
3214 5653 3418 5718 habuit
3440 5653 3772 5724 Eusebium

2119 5730 2368 5806 quatuor
2388 5727 2618 5783 tantum
2646 5725 2938 5787 mensium
2971 5727 3328 5802 pontificem.
