3940 6358
446 456 524 517 79
1251 454 1658 515 HERMANNI
1706 451 2142 515 CONTRACTI
2189 454 2601 516 AUGIENSIS
2649 454 3028 515 MONACHL.
3279 473 3290 494 ι
3529 411 3538 418 ’
3778 446 3854 507 80

1824 654 2055 711 CODEX
2090 655 2483 712 AUGIENSIS.

529 798 629 852 334
654 797 1071 853 Constantinus
1100 796 1444 854 eumliberis
1477 796 1598 851 suis
1625 795 1976 852 honorificus
2016 797 2087 852 ad
2117 799 2170 864 Α
2270 800 2376 853 345
2405 797 2648 870 Eclipsis
2674 796 2813 852 solis
2836 797 2990 852 facta
3022 799 3128 864 est,
3149 798 3384 852 etterraa
3406 795 3611 849 motus
3631 788 3854 848 multas

459 885 781 941 Antonium
804 884 1242 940 litteras‘mittit.
1281 887 1426 939 Hier.
1460 901 1513 938 a.
1539 885 1664 940 337.

529 973 634 1028 335
655 973 1094 1028 'l‘ricennalibus
1134 973 1497 1029 Constantini
1534 972 1864 1027 Dalmatius
1912 975 2102 1028 Ca'sar

461 1061 805 1134 appellatur.
829 1063 972 1116 Hier.
1007 1080 1060 1116 a.
1094 1064 1217 1117 337.

532 1151 630 1207 29
651 1151 754 1204 336
773 1150 1356 1216 Constantinus,dum
1371 1149 1594 1206 bellum
1617 1150 1673 1204 in
1700 1155 1904 1204 Persas
1929 1167 2099 1220 para-

461 1244 568 1304 ret,
591 1239 744 1312 apud
775 1239 1171 1295 Nicomediam
1205 1239 1346 1294 obiit
1369 1256 1518 1294 anno
1553 1239 1737 1294 {etatis
1759 1257 1883 1295 LXVI
1927 1240 2100 1293 al.an.

475 1329 598 1384 337.

535 1417 638 1472 337
671 1418 757 1484 (In
783 1433 958 1485 marg.
997 1415 1372 1470 Constantius
1413 1415 1627 1481 XXXV,
1692 1415 2110 1469 Constantinus

468 1510 526 1560 et
555 1509 838 1560 Constans
870 1519 964 1558 an.
989 1521 1146 1571 xxrv,
1174 1521 1357 1570 mens,
1381 1522 1436 1572 v,
1471 1505 1596 1558 dies
1619 1491 2110 1574 xm.)Dalmatius

471 1596 658 1650 Caesar
690 1592 934 1648 factione
955 1593 1253 1648 Constanti
1275 1591 1580 1663 patruelis,
1597 1601 1652 1646 et
1676 1592 1931 1646 tumultu
1959 1591 2110 1646 mili-

471 1682 584 1738 tari
603 1681 964 1736 interﬁcitur.
989 1682 1135 1736 Hier.
1167 1699 1220 1735 α.
1244 1682 1366 1734 339.

551 1771 654 1823 338
678 1769 1053 1824 Constantius
1075 1770 1286 1824 Ariana
1317 1768 1518 1822 haeresi
1546 1785 1646 1839 per
1678 1769 1956 1822 Arianum
1983 1785 2112 1838 prce

475 1860 874 1930 sbyterum,et
903 1858 1213 1912 Eusebium
1269 1857 1769 1912 Nicomediensem
1831 1857 2111 1929 pollutus.

472 1947 856 2004 Athanasium
888 1947 1247 2018 episcopum,
1282 1951 1336 2000 et
1367 1963 1572 2002 omnes
1597 1963 1709 2001 non
1751 1964 1866 2001 sum
1929 1946 2114 2017 partis

476 2036 778 2108 episc0pos
808 2036 1195 2106 persequitur.
1230 2037 1386 2089 llier.
1421 2052 1473 2090 a.
1507 2037 1629 2089 340.

2213 887 2386 940 urbes
2419 885 2719 940 subvertit.
2750 888 2898 940 Hier.
2933 903 2992 940 a.
3025 901 3137 956 seq.
3161 893 3212 940 et
3240 884 3364 938 348.

2280 975 2375 1030 30
2406 975 2510 1028 346
2541 974 2755 1029 Tribus
2779 973 2983 1028 diebus
3015 989 3080 1028 ac
3098 971 3367 1028 noctibus
3407 971 3596 1025 Roma
3621 968 3858 1034 natavit,

2211 1067 2268 1117 et
2295 1063 2620 1132 Campania:
2651 1063 2826 1117 urbes
2853 1066 3085 1117 vexatae.
3118 1063 3270 1117 Hier.
3301 1061 3357 1114 h.
3389 1076 3445 1114 a.
3490 1057 3659 1114 habet
3693 1061 3860 1112 nuta-

2212 1151 2312 1206 vit.

2284 1240 2388 1294 347
2420 1238 2638 1294 Bellum
2688 1244 2888 1295 contra
2934 1245 3110 1296 Pesas
3132 1237 3353 1311 geritur
3369 1236 3533 1309 gravi
3571 1235 3862 1291 Romano-

2217 1345 2347 1382 rum
2377 1328 2610 1383 damno.
2649 1330 2794 1382 Hier.
2820 1346 2872 1383 a.
2905 1329 3034 1384 349.

2287 1418 2392 1470 348
2423 1417 2616 1470 Horme
2637 1417 2940 1472 ordinatur
2981 1415 3268 1483 Liberius,
3321 1431 3439 1486 quo
3485 1413 3560 1468 ab
3636 1409 3866 1466 Arianis

2219 1503 2456 1576 expulso
2479 1505 2630 1558 Felix
2652 1505 2710 1559 in
2734 1506 2860 1575 ejus
2891 1505 3084 1560 locum
3115 1503 3498 1560 substituitur
3518 1501 3656 1572 (57).
3711 1501 3860 1555 Hier.

2220 1611 2272 1649 a.
2307 1594 2432 1647 350.

2290 1682 2397 1736 349
2427 1682 2711 1737 Constans
2743 1681 3090 1737 interficitur
3111 1697 3263 1736 anno
3314 1679 3503 1736 aetatis
3547 1695 3686 1734 xxx.
3750 1677 3869 1732 Ma-

2223 1769 2496 1842 gnentius
2512 1769 2677 1825 etalii
2699 1769 2869 1824 multi
2889 1769 3239 1825 conturbant
3259 1767 3870 1841 rempublicamﬂien

2222 1878 2276 1914 a.
2309 1858 2430 1912 351.

2292 1947 2396 1999 350
2428 1946 2528 2000 llis
2557 1947 2917 2017 temporibus
2940 1963 3074 2001 ossa
3102 1945 3392 2001 Timothei
3437 1948 3496 2000 et
3530 1945 3591 2000 S.
3626 1943 3872 2000 Andreae

2224 2034 2638 2106 apostolorum,
2655 2040 2712 2089 et
2733 2035 2896 2089 Luca:
2918 2035 3284 2107 evangelista:
3305 2031 3875 2105 Constantinopolim

546 2125 652 2180 339
689 2124 1108 2179 Constantinus
1141 2121 1356 2179 bellum
1387 2123 1552 2178 fratri
1593 2123 1927 2179 Constantio
1977 2121 2116 2176 infe-
2148 2160 2194 2224 Β
2225 2123 2450 2178 invecta
2481 2128 2640 2178 sunt.
2674 2125 2822 2178 Hier.
2857 2141 2910 2178 a.
2943 2124 3068 2191 357,
3090 2125 3214 2178 359.

479 2213 820 2284 rens,juxta
848 2211 1172 2282 Aquileiam
1205 2211 1508 2266 occiditur.
1539 2214 1682 2267 Hier.
1717 2230 1768 2267 a.
1803 2212 1926 2279 341,
1959 2212 2032 2266 at.
2063 2229 2114 2265 a.

477 2302 602 2356 340.

546 2389 652 2443 340
681 2390 866 2444 Terrm
898 2393 1090 2442 motus
1124 2387 1337 2442 multas
1369 2388 1542 2441 urbes
1564 2388 1869 2442 subvertit.
1905 2390 2115 2442 Hiemi.

479 2479 603 2533 342.

547 2566 647 2620 341
685 2565 886 2622 Franci
920 2582 954 2620 a
984 2565 1294 2620 Constante
1316 2565 1621 2636 perdomiti
1651 2564 1706 2618 in
1739 2581 1937 2636 pacem
1963 2581 2114 2620 rece-

479 2653 563 2726 pti
594 2657 750 2710 sunt.
771 2656 916 2709 Hier.
952 2671 1004 2709 a.
1037 2670 1146 2724 seq.

543 2743 648 2798 342
677 2741 1174 2813 Constantinopoli
1199 2742 1380 2812 ejecto
1414 2741 1486 2796 ab
1520 2740 1748 2796 Arianis
1771 2741 1948 2796 Paulo
1995 2741 2113 2812 epi-

471 2849 667 2904 scopo,
690 2831 1062 2886 Macedonius
1085 2829 1498 2886 hzeresiarches
1522 2831 1582 2884 in
1601 2829 1792 2885 locum
1823 2831 1952 2901 ejus
1975 2829 2118 2887 sub-

475 2909 758 2974 stituitur.
792 2921 940 2974 Hier.
969 2937 1022 2973 a.
1057 2919 1181 2972 343.

543 3008 648 3062 343
676 3007 1063 3077 Hoctempore
1093 3006 1446 3060 Maximinus
1479 3005 1846 3060 Trevirorum
1887 3005 2110 3076 episco-

475 3111 586 3168 pus
617 3094 847 3160 claruit,
879 3112 914 3149 a
943 3111 1056 3166 quo
1097 3093 1452 3148 Athanasius
1485 3111 1518 3148 a
1549 3094 1883 3148 Constantio
1913 3095 2111 3165 profu-

476 3201 588 3256 gus
611 3183 944 3254 suscipitur.
982 3185 1128 3237 Hier.
1163 3199 1215 3236 a.
1243 3199 1350 3252 seq.

541 3272 644 3326 344
689 3271 1044 3326 Athanasius
1079 3271 1148 3324 ad
1192 3270 1524 3324 Constantis
1584 3269 1806 3326 litteras
1865 3270 2110 3326 Alexan-

466 3360 652 3418 driam
681 3361 1024 3432 regreditur.
1058 3361 1203 3414 Hier.
1238 3376 1296 3414 a.
1331 3359 1454 3412 346.

2296 2212 2390 2266 351
2431 2211 2631 2266 Gallus
2655 2212 2982 2266 Constantii
3000 2211 3282 2284 patruelis
3311 2211 3504 2268 Caesar
3531 2209 3874 2267 factus.Ma-

2227 2298 2498 2369 gnentius
2531 2299 2788 2371 scipsum
2823 2299 3054 2356 occidit.
3074 2301 3232 2356 Hier.
3260 2300 3318 2356 h.
3350 2318 3403 2356 a.

2297 2389 2399 2441 352
2430 2388 2714 2443 Antonius
2737 2388 3060 2444 monachus
3088 2406 3157 2444 cv
3187 2389 3374 2444 sitatis
3404 2405 3526 2444 sua:
3584 2404 3748 2442 anno
3825 2387 3879 2440 in

2226 2492 2418 2531 eremo
2451 2477 2714 2531 moritur.
2761 2476 2928 2532 Multi
2967 2477 3220 2533 eremitie
3269 2475 3634 2545 claruerunt,
3689 2477 3768 2530 at.
3825 2491 3876 2528 a.

2227 2566 2350 2619 356.

2294 2654 2399 2708 353
2438 2652 2636 2709 Gallus
2669 2655 2858 2711 Caesar
2877 2653 3178 2710 occiditur.
3213 2653 3553 2712 Victorinus
3593 2657 3802 2716 rhetor
3825 2666 3878 2716 et

2223 2740 2482 2798 Donatus
2512 2742 2932 2815 grammaticus
2963 2743 3225 2816 insignes
3253 2742 3568 2800 habentur.
3600 2747 3766 2804 Hier.
3823 2767 3873 2804 a.

2224 2831 2349 2884 355.

2291 2919 2395 2971 354
2416 2917 2510 2973 Jul
2521 2918 2690 2974 ianus
2701 2919 2892 2974 Caesar
2909 2918 3162 2974 efﬁcitur
3175 2919 3805 2980 aConstantio.Eusebi
3816 2939 3879 2978 us

2221 3005 2604 3062 Vercellensis
2629 3011 2685 3060 et
2705 3007 3017 3078 Dionysius
3049 3007 3504 3066 Mediolanensis
3535 3027 3680 3068 cum
3742 3012 3872 3068 aliis

2221 3093 2584 3149 exsulantur.
2627 3096 2774 3149 Hier.
2799 3112 2850 3149 α.
2874 3096 2998 3150 356.

2295 3182 2401 3236 355
2430 3183 2654 3253 Magna:
2683 3181 3141 3238 Alamannorum
3173 3184 3348 3256 copim
3375 3185 3532 3258 apud
3583 3188 3872 3262 Argenta-

2221 3270 2372 3326 rium
2391 3272 2504 3341 (58)
2527 3269 2724 3326 delete:
2748 3275 2887 3326 sunt
2916 3288 2950 3326 a
2993 3271 3230 3328 Juliano
3261 3274 3507 3331 Caesare.
3550 3276 3728 3332 Zos.a
3747 3278 3874 3332 357.

1499 3526 1967 3582 COMPENDIUM
2008 3526 2099 3582 EX
2145 3526 2398 3582 CODICE
2441 3526 2817 3583 BERNOLDI.

542 3670 648 3724 334
675 3668 1058 3724 Constantinus
1091 3669 1150 3722 in
1178 3668 1447 3722 Ariannm
1493 3667 1685 3736 dogma
1732 3667 1936 3722 labitur
1968 3668 2097 3738 (59).
2133 3669 2176 3734 C
2283 3668 2387 3722 343
2415 3669 2639 3724 Marcus
2677 3685 2825 3740 papa
2866 3669 3066 3726 XXXIII
3093 3671 3206 3741 (60)
3234 3671 3378 3728 sedit
3405 3675 3586 3730 annis
3622 3675 3881 3745 duobus,

538 3760 644 3814 335
675 3758 1080 3824 Constantinus,
1100 3756 1230 3811 dum
1262 3757 1461 3810 bellum
1493 3758 1552 3810 in
1601 3761 1794 3812 Persas
1857 3765 2102 3828 pararet,

469 3847 614 3918 apud
638 3846 1007 3905 Nicomediam
1037 3846 1189 3912 obiit,
1223 3861 1367 3899 anno
1397 3845 1680 3899 :etatis66.
1715 3843 1869 3900 I-Iier.
1903 3862 1955 3899 a.
1979 3846 2102 3898 338.

467 3967 536 3979 -—
567 3935 911 3992 Constantius
939 3935 1088 4004 ﬁlius
1117 3934 1467 3990 Constantini
1504 3949 1624 3986 cum
1652 3931 2001 3988 Constantino
2058 3935 2106 3987 et

469 4026 756 4082 Constante
773 4025 1038 4096 fratribus
1067 4023 1229 4076 ruinis
1266 4038 1418 4088 xxxv,
1479 4021 1754 4075 mensibus
1804 4037 1860 4088 v,
1918 4021 2108 4076 diebus

467 4131 577 4178 xm,
594 4116 976 4181 regnaverunt.

532 4203 638 4258 336
668 4202 1018 4257 Constantius
1046 4215 1142 4270 per
1170 4199 1438 4254 Arianum
1483 4198 1862 4268 presbyterum
1910 4206 1961 4253 et
2005 4199 2108 4252 Eu-

462 4290 671 4347 sebium
695 4289 1150 4346 Nicomediensem
1177 4287 1238 4356 fit
1271 4289 1508 4342 Arianus
1535 4296 1589 4341 et
1635 4287 1924 4342 catholicos
1977 4303 2103 4358 per-

461 4382 730 4452 sequitur.

529 4471 634 4525 337
652 4469 879 4526 Jacobus
912 4468 1192 4523 Nisibinus
1222 4467 1517 4520 virtutibus
1544 4467 1765 4521 claruit.
1821 4464 1974 4520 Hier.
2039 4481 2091 4520 a.

465 4560 590 4614 339.
623 4589 692 4600 —
717 4559 1020 4612 Dalmatius
1056 4557 1246 4612 Cwsar
1271 4555 1557 4610 occiditur.

535 4647 642 4702 339
673 4648 853 4703 Terra:
880 4655 1060 4702 motus
1092 4645 1297 4699 multas
1330 4644 1488 4699 urbes
1515 4643 1712 4697 diruit.

536 4737 642 4792 340
666 4737 878 4801 Franci,
911 4740 1044 4797 etc.,
1078 4737 1142 4788 ut
1172 4735 1318 4803 Aug.
1353 4749 1406 4786 a.
1441 4748 1564 4802 seq.

539 4825 637 4880 341
675 4806 1207 4893 Constantinopoli...
1239 4821 1604 4873 substituitur.
1639 4821 1702 4872 ut
1748 4821 1812 4873 A.
1847 4837 1942 4874 an.
1977 4836 2100 4892 seq.

536 4914 643 4968 342
673 4915 777 4967 Hoc
805 4917 1037 4982 tempore
1067 4911 1398 4965 :lttuciminus
1435 4909 1773 4962 Trevirorum
1828 4911 2104 4978 cpiscopus

462 5004 645 5058 clarus
677 5002 923 5065 habetur,
955 5017 988 5054 a
1019 5017 1120 5069 quo
1150 4998 1501 5060 Athanasius,
1537 4997 2101 5068 Alexamlrireepiseo-

452 5108 580 5164 pus,
609 5109 642 5147 a
665 5091 976 5147 Constantio
999 5089 1266 5160 profugus
1295 5085 1591 5155 honori/tce
1619 5088 1930 5156 suscipitur.

2215 3756 2464 3812 discessit
2493 3757 2666 3812 Nonis
2699 3759 2965 3813 Octobris.

2255 3845 2390 3986 ¹345
2416 3845 2627 3986 ἒάάὶη
2658 3847 2839 3902 Julius
2869 3847 3073 3903 XXXIV
3090 3864 3237 3920 papa
3277 3852 3463 3906 omnis
3516 3853 3874 3924 quindecim.

2281 3973 2294 3986 .
2329 3949 2380 3986 a.
2423 3935 2540 3986 ~37.

2217 3935 2294 3987 al.
2329 3949 2380 3987 a.
2416 3935 2540 3986 337.

2286 4021 2391 4074 346
2421 4021 2662 4092 Bellum,
2695 4025 2828 4089 etc.,
2853 4026 2918 4078 ut
2935 4025 3000 4078 A.
3035 4041 3129 4080 an.
3164 4041 3286 4096 seq.

2219 4170 2226 4177 λ
2285 4109 2389 4163 347
2416 4109 2682 4164 Constans
2703 4109 2856 4165 haud
2883 4109 3042 4183 longe
3065 4114 3134 4168 ab
3192 4115 3465 4186 Hispania
3515 4117 3877 4190 interﬁcitur

2215 4214 2364 4253 anno
2391 4199 2581 4254 (etatis
2611 4198 2824 4264 xxx,a1.
2857 4216 2909 4256 a.
2943 4201 3068 4256 350.

2284 4287 2390 4342 349
2419 4288 2513 4342 His
2533 4288 2862 4358 temporibus
2891 4304 3078 4346 ossa...
3102 4290 3270 4347 illata
3318 4301 3465 4361 sunt,
3516 4299 3586 4350 ut
3615 4298 3772 4370 Aug.
3815 4315 3870 4354 a.

2215 4391 2336 4430 SOU.

2280 4393 2380 4518 351
2413 4464 2680 4518 Antonius
2706 4467 3005 4521 monachus
3025 4467 3314 4522 centisimo
3344 4469 3538 4540 quinto
3567 4487 3694 4530 suae
3722 4481 3870 4532 crta-

2211 4554 2285 4608 tis
2315 4568 2459 4608 anno
2491 4554 2547 4607 in
2579 4569 2756 4608 eremo
2786 4556 3029 4609 moritur
3050 4573 3069 4610 :
3099 4571 3203 4626 quo
3249 4565 3495 4628 tempore
3537 4563 3716 4618 multi
3758 4581 3886 4620 ere-

2212 4643 2370 4697 mitee
2396 4643 2693 4696 virtutibus
2723 4643 3064 4699 claruerunt.
3100 4644 3254 4698 Hier.
3291 4661 3345 4699 a.
3377 4647 3508 4702 358.

2284 4730 2386 4785 352
2426 4731 2732 4785 Victorinus
2751 4731 2939 4787 rhetor
2965 4735 3016 4787 et
3043 4733 3288 4788 Donatus
3307 4741 3743 4802 grammaticus
3774 4742 3884 4797 Ro-

2213 4833 2320 4875 ma:
2351 4818 2587 4887 insignes
2617 4819 2903 4874 habentur.
2937 4820 3288 4876 Hier.a.355.

2283 4908 2387 4960 3.33
2412 4907 2672 4961 Julianus
2700 4912 2832 4974 etc.,
2867 4912 2929 4962 ut
2953 4910 3018 4962 A.
3053 4927 3146 4963 an.
3175 4927 3298 4980 seq.

2285 4997 2385 5050 354
2416 4995 2653 5066 Magna),
2692 5000 2826 5063 etc.,
2860 5001 2924 5051 ut
2953 5002 3102 5069 Aug.
3127 5014 3220 5052 an.
3245 5014 3372 5071 seq.

2273 5086 2380 5139 355
2406 5084 2661 5154 Julianus
2691 5085 2873 5140 Rheno
2904 5083 3198 5141 Germanos
3227 5088 3378 5143 vicit.

2047 5271 2257 5327 ΝΟΤίΕ

525 5417 639 5489 (57)
671 5411 1213 5489 Ordinatio__L_iberii
1237 5409 1478 5482 contigit
1508 5427 1606 5466 an.
1646 5411 1769 5479 352,
1804 5415 1860 5466 et
1889 5412 2101 5468 substi-

461 5486 609 5545 tutio
639 5486 844 5543 Felicis
873 5503 926 5540 a.
960 5486 1084 5538 355.
1117 5489 1256 5551 Pag.

531 5559 731 5630 (58)Id_
753 5556 1099 5630 hodiernum
1145 5561 1232 5610 est
1263 5554 1733 5630 Argentoratum.
1774 5552 1904 5607 Vid.
1963 5555 2100 5609 Am-

462 5623 643 5686 mian'.
678 5625 933 5684 Marcell.
966 5625 1006 5680 l.
1032 5641 1146 5690 xw,
1179 5642 1227 5680 c.
1263 5625 1362 5690 42;
1396 5625 1623 5694 Eutrop.
1649 5623 1763 5679 1.x.

533 5700 646 5773 (59)
675 5698 761 5756 Ab
793 5697 900 5773 hac
930 5695 1212 5773 h_a_3reseos
1241 5694 1392 5773 labe,
1427 5711 1602 5773 quam
1634 5695 2096 5773 ConstantinoS.

2209 5415 2607 5481 suaetempore
2641 5409 2712 5465 ab
2731 5409 2975 5466 Eusebio
3000 5411 3427 5470 Nicomediensi
3489 5417 3718 5476 Ariauo
3776 5422 3890 5476 ba-

2209 5483 2780 5608 ptismaperperam
2830 5481 3061 5546 inussit,
3112 5483 3278 5539 illum
3333 5489 3573 5560 egregie
3611 5492 3888 5548 vindicat

2230 5555 2424 5608 ’aeius
2455 5568 2514 5606 in
2544 5553 2755 5608 Critica
2780 5554 3012 5608 Barouii
3047 5555 3117 5608 ad
3151 5573 3246 5608 an.
3301 5556 3432 5608 324.
3467 5575 3526 5608 n-
3585 5561 3677 5608 H-
3735 5563 3888 5608 ιιιῑί-

2211 5643 2247 5697 (1

2255 5555 2424 5625 agius
2455 5551 2514 5606 in
2544 5551 2755 5608 Critica
2780 5554 3012 5609 Barouii
3047 5555 3117 5611 ad
3151 5573 3246 5611 an.
3301 5551 3432 5625 321,
3467 5551 3526 5614 ii.
3585 5561 3678 5630 14,
3735 5563 3888 5620 alii-

2251 5641 2396 5776 ἝΟ)
2427 5692 2967 5776 Marcusﬁiivestro
2995 5697 3232 5776 _an_._336
3254 5698 3564 5769 suffectus,
3593 5709 3737 5776 post
3759 5717 3888 5776 Ase-

460 5763 922 5845 Hieronymusin
949 5767 1228 5829 Chronico
1241 5767 1314 5828 ob
1337 5763 1679 5842 susceptum
1703 5769 1956 5823 extremo
1971 5767 2099 5826 vitae
2210 5763 2631 5848 ptem'menses
2657 5763 2883 5828 Julium
2912 5766 3120 5830 habuit
3148 5763 3561 5833 successorem
3593 5763 3720 5838 'an.
3751 5773 3888 5834 337.
