3940 6358
1224 407 1630 476 HERMANNI
1675 409 2116 475 CONTRACTI
2160 409 2576 476 AUGIENSIS
2619 410 2996 477 MONAGHI.
3757 406 3832 474 ει

1797 570 2028 628 CODEX
2066 569 2464 629 AUGIENSIS.

507 689 761 776 373‘Hoc
811 695 1072 766 tempore
1127 695 1370 751 docente
1427 675 1728 752 Ambrosio
1786 695 1956 751 Italia
2001 695 2074 750 ad
2104 706 2158 771 Α
2188 698 2246 751 et
2276 695 2552 768 religione
2579 695 2960 769 priecipuum,
2992 694 3214 754 Orienti
3235 695 3660 770 imperatorem
3692 711 3833 769 pra-

435 775 650 835 Christi
688 781 860 837 fidem
895 784 1266 840 convertitur.
1299 786 1446 840 Hier.
1479 803 1533 840 a.
1567 785 1692 840 376.

504 867 612 922 371i
632 867 1076 928 Valentinianus
1099 873 1292 928 subita
1309 873 1617 943 sanguinis
1633 871 1940 944 emptione
1965 889 2082 926 mo-

437 955 606 1023 ritur,
628 973 731 1028 pro
763 974 877 1028 quo
910 961 1219 1016 Gratianus
1255 961 1410 1016 [ilius
1442 978 1574 1016 cum
1607 967 1812 1032 patruo
1844 959 2080 1016 Valente

440 1046 720 1115 regnavit.
743 1047 890 1101 Hier.
924 1065 976 1102 (ι.
1004 1050 1128 1104 376.

507 1133 614 1187 375
642 1135 721 1198 (In
755 1152 928 1206 marg.
962 1137 1172 1193 Valens
1203 1154 1337 1193 cum
1389 1137 1664 1193 Gratiano
1712 1143 1769 1192 et
1817 1135 2078 1192 Valenti-

437 1219 610 1276 niano
629 1239 764 1276 ann.
790 1226 889 1295 iv.)
911 1225 1226 1280 Gratianus
1248 1226 1389 1280 XXX
1413 1226 1596 1280 millia
1622 1226 2078 1280 Alamannorum

437 1309 666 1367 delevit.
704 1313 976 1368 Ammian.
1010 1333 1062 1369 α.
1094 1316 1220 1368 378.
1257 1314 1408 1369 Oros.

507 1399 614 1453 376
643 1399 856 1454 Valens
901 1401 1087 1472 legem
1120 1403 1304 1470 dedit,
1337 1408 1400 1456 ut
1423 1402 1691 1456 monachi
1743 1403 2078 1466 militarent,

437 1485 702 1541 nolentes
733 1488 987 1544 fustibus
1012 1489 1194 1559 jussit
1225 1490 1489 1545 interﬁci.
1525 1490 1644 1544 Soz.
1669 1508 1721 1544 a.
1753 1492 1896 1558 375;
1928 1492 2075 1545 Hier.

440 1571 496 1630 h.
529 1591 583 1628 a.

509 1663 615 1716 377
641 1662 834 1729 Gothi,
879 1665 1030 1720 datis
1073 1682 1108 1720 a
1153 1665 1391 1721 Valente
1445 1665 1674 1722 Arianis
1721 1666 2077 1733 doctoribus,

435 1749 636 1804 Ariani
659 1751 1011 1807 efficiuntur.
1047 1753 1245 1808 Chron.
1277 1755 1432 1810 60th.

504 1839 608 1897 84
635 1839 742 1893 378
775 1837 1006 1907 Valens,
1038 1841 1286 1896 Arianus
1325 1842 1662 1914 imperator,
1713 1846 1844 1913 post
1893 1841 2079 1897 multa

431 1931 588 1988 mala
619 1951 748 2001 sua,
779 1934 838 1990 in
871 1937 1118 1992 Thracia
1162 1939 1450 1994 trucidato
1483 1956 1517 1994 a
1565 1937 1772 1994 Gothis
1817 1939 2076 1994 Romano

430 2021 704 2091 exercitu,
739 2023 861 2095 ipse
883 2025 1100 2097 sagitta
1117 2027 1436 2093 sauciatus,
1457 2027 1710 2098 fugiens,
1743 2032 1798 2082 et
1827 2026 1885 2082 in
1903 2027 2074 2083 vilem

429 2123 648 2176 casam,
683 2127 820 2167 cum
853 2129 1004 2185 saepe
1035 2130 1184 2186 equo
1218 2113 1534 2183 laberetur,
1585 2116 1894 2181 deductus,
1926 2115 2078 2170 inse-

431 2198 867 2271 quentibusque
892 2201 1163 2258 hostibus
1194 2203 1358 2259 vivus
1380 2203 1439 2258 in
1467 2203 1592 2274 ipsa
1621 2219 1758 2258 casa
1778 2203 2076 2268 incensus,

433 2285 734 2356 sepultura
756 2287 931 2344 etiam
945 2291 1154 2344 caruit.
1170 2295 1308 2346 Post
1320 2308 1496 2362 quem
1515 2291 1826 2347 Gratianus
1841 2291 2076 2359 XXXIX,

432 2372 630 2428 fratris
661 2376 789 2446 ejus
818 2376 992 2442 filius,
1029 2394 1162 2433 cum
1195 2379 1370 2434 fratre
1402 2396 1508 2434 suo
1555 2377 1962 2434 Valentiniano
1991 2396 2076 2434 re-

433 2461 634 2533 gnavit
653 2479 837 2518 annos
869 2482 946 2519 v1.
969 2467 1119 2520 Hier.
1153 2483 1207 2520 a.
1239 2467 1344 2520 379
1368 2485 1381 2533 ;
1404 2468 1482 2522 al.
1519 2467 1573 2521 h.
1607 2483 1659 2521 a.
1700 2498 1764 2508 —-
1797 2469 2080 2538 Hucusque

436 2547 703 2605 Chronica
730 2554 962 2608 Eusebii
1006 2555 1368 2626 Hieronymus
1413 2555 1691 2626 perduxit.
1745 2557 1882 2610 Hinc
1921 2557 2076 2610 Heri-

431 2653 672 2693 mannus
699 2641 832 2711 (65).

499 2726 607 2780 379
635 2728 946 2786 Gratianus
979 2731 1299 2803 imperator
1323 2732 1396 2788 ob
1415 2731 2074 2804 perturbatumjmperii

429 2816 654 2870 statum
685 2816 1094 2886 Theodosium,
1118 2835 1326 2891 genere
1357 2820 1703 2892 Hispanum,
1737 2821 1938 2887 armis,
1962 2819 2076 2874 fide

2191 783 2350 851 fecit;
2383 785 2483 856 qui
2511 801 2628 839 xvu
2657 785 2827 840 annis
2859 801 3111 856 regnans
3127 783 3374 852 Gothos,
3399 784 3675 852 Hunnos,
3707 785 3836 841 Ala-

2190 888 2415 944 nosquc
2443 877 2502 928 et
2529 871 2676 928 alias
2705 878 2908 944 gentes
2937 872 3134 945 plures
3154 873 3415 930 coercuit
3439 874 3633 946 deque
3655 879 3843 944 tyran-

2189 960 2281 1015 nis
2312 961 2706 1016 Romanorum
2736 977 2888 1033 saepe
2909 960 3224 1033 imperium
3245 961 3588 1017 vindicavit.
3611 961 3758 1018 Idat.
3780 993 3843 1004 —

2189 1047 2588 1103 Priscillianus
2615 1049 2685 1103 de
2715 1048 2918 1104 Galliis
2957 1050 3070 1120 (66)
3101 1051 3415 1122 episcopus
3439 1049 3552 1105 hoc
3579 1055 3842 1122 tempore

2189 1137 2280 1192 sui
2317 1137 2572 1191 nominis
2603 1137 2867 1192 heresim
2899 1137 3116 1194 condit.
3147 1138 3302 1194 Oros.
3334 1139 3528 1210 Prosp.

2257 1224 2362 1278 380
2389 1224 2474 1278 Ab
2495 1223 2600 1278 hoc
2623 1240 2774 1279 anno
2793 1223 3153 1296 Theophilus
3167 1223 3603 1280 Alexandrinus
3623 1222 3847 1296 episco-

2190 1328 2300 1383 pus
2331 1311 2630 1383 paschales
2661 1309 2854 1382 cyclos
2885 1311 3124 1367 inchoat
3153 1313 3290 1381 (67).
3341 1311 3699 1367 Ambrosius
3731 1311 3848 1367 Me-

2188 1399 2544 1457 diolanensis
2571 1399 3044 1472 archiepiscopus
3073 1399 3262 1457 multa
3288 1399 3398 1456 hoc
3419 1405 3694 1472 tempore
3717 1401 3850 1456 sub-

2187 1487 2406 1544 limiter
2434 1488 2687 1559 scripsit.
2723 1489 2910 1558 Prosp.
2944 1488 2998 1543 h.
3031 1505 3086 1542 a.

2256 1578 2356 1634 85
2387 1579 2486 1632 381
2522 1577 2791 1648 Synodus
2815 1576 3072 1632 secunda
3103 1576 3450 1632 universalis
3479 1577 3600 1646 (68)
3626 1593 3702 1632 CL
3729 1576 3848 1649 epi-

2187 1662 2997 1737 scoporumConstantinopoli
3013 1663 3208 1736 agitur
3219 1664 3841 1721 contraMacedonium

2187 1753 2659 1819 haeresiarcham,
2691 1753 2878 1824 ipsius
2911 1752 3075 1807 urbis
3105 1751 3474 1825 episcopum,
3512 1754 3629 1809 sub
3659 1753 3849 1810 Theo-

2185 1843 2352 1898 dosio
2381 1845 2642 1914 Augusto
2673 1846 2732 1896 et
2759 1841 3012 1897 Damaso
3044 1857 3213 1913 papa.
3245 1846 3438 1912 Prosp.
3471 1841 3622 1898 Μαι.

2258 1935 2363 1986 382
2391 1930 2800 1996 Athanaricus,
2853 1945 2951 1983 rex
3008 1929 3333 1985 Gothorum
3383 1935 3850 2003 persecutorque

2187 2021 2673 2085 Christianorum,
2705 2017 3207 2090 Constantinopoli
3230 2023 3499 2090 receptus
3519 2035 3555 2074 a
3573 2019 3845 2076 Theodo~

2187 2109 2296 2176 sio,
2331 2109 2579 2164 moritur
2607 2108 2742 2179 (69).

2257 2199 2361 2252 383
2389 2196 2693 2263 Arcadius,
2722 2195 2882 2251 illius
2920 2194 3229 2251 Theodosii
3280 2193 3557 2266 Augusti,
3591 2212 3629 2252 a
3677 2199 3841 2268 patre

2185 2287 2245 2342 in
2267 2284 2626 2342 consortium
2643 2283 2804 2356 regni
2825 2288 3193 2356 assumptus,
3214 2284 3477 2355 regnavit
3490 2284 3672 2340 annis
3685 2301 3840 2341 XXVI.

2185 2377 2374 2445 Prosp.

2253 2464 2358 2518 384
2389 2461 2719 2517 Theodosio
2749 2461 3020 2532 Augusto
3047 2459 3202 2515 ﬁlius
3229 2457 3524 2515 Honorius
3553 2461 3844 2517 nascitur.

2186 2552 2381 2607 Romae
2413 2554 2545 2622 post
2574 2548 2892 2604 Damasum
2925 2563 3135 2618 papam
3158 2547 3424 2614 Siricius,
3447 2547 3552 2618 qui
3577 2548 3641 2603 in
3663 2549 3848 2606 Chro-

2185 2640 2333 2695 nicis
2365 2637 2630 2708 Prosperi
2665 2635 2911 2692 Ursinus
2941 2637 3056 2707 (70)
3082 2635 3320 2705 dicitur,
3364 2651 3520 2708 papa
3545 2635 3646 2692 XL
3695 2639 3849 2695 sedit

2184 2727 2352 2782 annis
2383 2743 2496 2782 x1v.
2525 2727 2716 2796 Prosp.
2751 2723 2990 2780 Cassiod.

1469 2969 1944 3026 COMPENDIUM
1985 2969 2074 3025 EX
2113 2967 2366 3024 CODICE
2413 2963 2790 3022 BERNOLDI.

500 3080 606 3134 373
654 3082 1075 3140 Valentinianus
1147 3085 1347 3140 bellum
1404 3088 1460 3140 in
1517 3087 1796 3141 Sarmatas
1866 3101 2070 3156 parans
2101 3091 2142 3157 C
2185 3081 2370 3138 duxit.
2402 3081 2548 3136 Hinc
2579 3085 2773 3135 autem
2813 3094 3000 3150 usque
3047 3077 3120 3133 ad
3173 3093 3396 3133 annum
3444 3077 3844 3137 millesimum

431 3169 689 3240 apoplexi
718 3173 970 3227 moritur.
1035 3173 1226 3229 Valens
1283 3175 1468 3229 XXXIX
1499 3178 1617 3246 post
1671 3177 1898 3229 mortem
1953 3175 2069 3243 fra-

431 3258 534 3312 tris
561 3275 686 3313 eum
719 3261 979 3317 Gratiano
1005 3266 1055 3317 et
1092 3263 1474 3318 Valentiniano
1512 3265 1674 3318 annis
1723 3266 1957 3334 quatuor
1986 3278 2070 3317 re-

434 3349 646 3414 gnavit,
679 3347 753 3402 al.
787 3366 840 3404 a.
873 3352 997 3404 375.

508 3434 611 3488 374
642 3435 930 3492 Gratianus
959 3440 1192 3510 triginta
1234 3441 1415 3494 millia
1455 3441 1885 3495 Alamannorum
1929 3437 2075 3492 dele-

439 3523 537 3577 vit.
571 3523 725 3578 Hier.
758 3543 810 3578 ιι.
843 3528 966 3581 378.

503 3611 612 3664 375
643 3614 847 3668 Valens
877 3615 1048 3684 legem
1089 3617 1254 3684 dedit,
1287 3621 1418 3683 etc.,
1452 3622 1517 3672 ut
1557 3618 1703 3690 Aug.
1751 3634 1784 3672 a
1832 3633 1953 3688 seq.
2005 3647 2071 3658 —

435 3695 591 3752 Gothi
617 3696 782 3767 datis,
815 3707 948 3770 etc.,
984 3709 1050 3758 ut
1075 3710 1225 3776 Aug.
1259 3722 1312 3760 a.
1343 3707 1466 3762 377.

502 3787 607 3841 377
637 3789 824 3844 Valens
855 3808 888 3844 a
935 3793 1141 3862 Gothis,
1190 3795 1359 3849 occiso
1405 3797 1669 3860 exercitu,
1719 3795 1959 3865 fugiens,
2011 3795 2070 3848 in

427 3873 583 3930 domo
613 3878 852 3947 quadam
881 3882 1034 3935 vivus
1057 3891 1349 3950 crematur,
1383 3881 1459 3938 al.
1493 3900 1544 3938 a.
1578 3901 1700 3954 seq.

496 3964 602 4020 378
621 3969 745 4020 Post
773 3976 1001 4024 mortem
1036 3971 1274 4026 Valentis
1304 3973 1500 4027 Ariani
1546 3973 1890 4043 imperatoris
1938 3969 2068 4026 Gra-

427 4052 612 4108 tianus
643 4070 764 4110 cum
798 4057 1174 4114 Valentiniano
1203 4062 1380 4130 fratre
1408 4077 1506 4115 suo
1537 4062 1699 4115 annis
1734 4077 1830 4116 sea:
1875 4075 2068 4132 regna-

423 4140 521 4194 uit.
555 4171 620 4182 ——
643 4141 954 4216 Hucusque
975 4146 1260 4203 Chronica
1281 4148 1513 4204 Eusebii
1537 4148 1920 4220 Hieronymus
1941 4164 2065 4220 per-

2183 3169 3046 3243 quinquagesimuquuartum
3067 3165 3139 3222 ab
3165 3165 3570 3223 incarnatione
3591 3165 3832 3224 Domini

2181 3259 2454 3336 dominus
2481 3257 2881 3314 Hcremannus
2913 3271 3022 3311 sua
3056 3253 3341 3310 Chronica
3379 3254 3660 3326 perduxit
3702 3258 3840 3329 (⁸71).

2252 3347 2360 3402 379
2400 3346 2692 3401 Gratianus
2731 3345 2864 3415 imp.
2929 3342 3274 3399 Theodosium
3330 3342 3548 3399 Orienti
3590 3345 3840 3417 impera-

2180 3437 2351 3492 torem
2378 3434 2628 3507 prwﬁcit.
2662 3431 3070 3501 Priscillianus,
3099 3436 3232 3500 etc.,
3265 3434 3332 3486 ut
3353 3438 3504 3504 Aug.

2251 3525 2356 3580 380
2385 3525 2462 3578 Ab
2520 3523 2617 3579 hoc
2671 3530 2922 3592 tempore.
2946 3559 2962 3578 .
2992 3562 3005 3574 .
3079 3519 3377 3592 paschales
3431 3521 3676 3579 circulos
3757 3525 3841 3579 in-

2179 3614 2354 3758 Chggtt.
2395 3699 2642 3771 Synodus
2695 3698 2994 3754 secunda...
3075 3698 3308 3753 Damaso
3359 3713 3508 3769 papa
3530 3715 3550 3753 :
3610 3704 3667 3756 et
3715 3709 3843 3773 post

2177 3791 2583 3846 damnationem
2617 3787 2873 3862 praedicti
2901 3787 3148 3845 haeretici
3197 3791 3307 3844 tres
3338 3801 3577 3844 canones
3625 3792 3841 3846 consti-

2338 3895 2425 3932 ur.

2177 3882 2348 4023 “£33:
2377 3967 2645 4023 Maximus
2673 3965 2781 4021 sibi
2809 3980 3034 4036 regnum
3061 3978 3339 4036 usuram
3362 3963 3714 4022 Gratianum
3735 3971 3844 4025 LW

2173 4057 2350 4128 gduni
2375 4055 2570 4112 occidit
2601 4055 2738 4126 (72).

2008 4287 2240 4346 NOTIE.

496 4395 607 4477 (65)
635 4399 859 4478 Abhinc
888 4403 1316 4478 ordituricodex
1358 4421 1537 4478 novus
1569 4405 1902 4478 Urstisianaz
1933 4405 2054 4460 edi-
2089 4413 2134 4478 ι)

421 4465 620 4548 tionis,
645 4487 744 4525 seu
781 4473 1308 4548 LanfGeorgiaiios,
1340 4477 1590 4548 quicum
1624 4477 1895 4548 Bavarico
1929 4478 2054 4548 Ber-

423 4539 580 4620 noldi
612 4545 968 4620 autographa
991 4539 1327 4620 aii‘vcrlium
1349 4539 1671 4620 concordat.
1709 4547 2060 4620 lnitiumghic

423 4615 640 4680 pariter
661 4617 822 4692 ponit
841 4615 1019 4692 eodeig
1039 4618 1703 4692 San-Emmeramensis,
1722 4619 1796 4692 ad
1819 4617 2062 4692 Augien-

424 4697 546 4736 sem
579 4685 763 4759 magis
793 4685 1051 4742 exactus.
1113 4690 1274 4755 Quod
1307 4706 1437 4744 vero
1483 4687 1630 4742 .hinc
1681 4685 2056 4759 potissimum

424 4757 792 4827 exordiantur
825 4761 1125 4814 memorati
1171 4760 1418 4827 codices,
1469 4759 1623 4813 haud
1673 4757 1785 4814 alia
1832 4760 2057 4814 videtur

422 4823 586 4891 ratio,
628 4843 803 4898 quam
854 4833 1009 4901 quod
1058 4823 1427 4884 Hermannns
1475 4830 1684 4884 abhinc
1729 4830 2053 4886 Chronicon

419 4908 590 4949 suum
620 4901 954 4973 auspicatus
987 4909 1361 4973 memoretur.
1387 4901 1652 4973 quamvis
1681 4903 1874 4973 priora
1893 4919 2052 4972 inque

416 4980 482 5018 ac
507 4971 808 5046 sequentia
829 4989 896 5026 ex
917 4973 1163 5028 aliorum
1190 4971 1540 5044 scriptorum
1562 4971 1864 5028 Chronicis
1887 4971 2053 5028 colle-

461 5047 586 5093 erit.

421 5049 698 5182 ῗθὲἆῂω
713 5112 949 5182 quidem
972 5113 1223 5180 codices,
1251 5115 1348 5168 sed
1376 5117 1622 5182 Prosper
1646 5113 1855 5168 melius
1878 5113 2052 5170 habet

411 5175 483 5232 de
494 5175 780 5256 Gallfecia;
797 5184 1117 5239 Priscilliau
1128 5203 1193 5240 us
1207 5175 1362 5239 enim
1381 5203 1492 5239 non
1507 5175 1838 5251 Gallus,sed
1852 5185 2051 5256 Hispa-

412 5263 524 5302 nus
558 5253 683 5306 l‘uit.

479 5321 591 5460 ((37)
623 5322 750 5377 Vid;
789 5325 897 5380 Leo
931 5325 1004 5380 M.
1034 5325 1205 5396 epist.
1241 5340 1392 5380 xuv.

499 5393 588 5456 68)
621 5393 774 5448 Nova
805 5413 967 5460 mque
997 5413 1062 5450 ac
1093 5401 1338 5460 antiqua
1369 5395 1392 5450 Ε

499 5393 588 5456 68)
621 5393 774 5448 Nova
805 5413 967 5466 mque
997 5393 1338 5466 acantiqua
1369 5395 1630 5466 Prosperi
1661 5397 1836 5452 editio
1867 5415 2046 5454 cnxxx

404 5474 1016 5532 episcoposnuumrat;
1051 5471 1232 5520 czetci-i
1267 5467 1654 5522 communiter
1683 5485 1814 5522 cum
1849 5475 2046 5525 nostro

405 5529 648 5610 faciunt
682 5535 809 5589 Vid.
845 5529 1053 5610 Lahbei
1087 5537 1305 5591 collect.
1337 5539 1548 5610 (Joncil.
1577 5548 1714 5593 tom.
1743 5541 1814 5603 ll,
1837 5542 2040 5610 p.911.

405 5668 420 5680 .
447 5669 459 5680 _
479 5604 590 5680 (GU)
614 5604 860 5676 Prosper
881 5609 1576 5680 habetocciditarJdatius
1599 5618 1654 5665 ct
1678 5604 2046 5666 Marcellinus

404 5669 462 5752 id
497 5669 818 5752 adiaunuiu
853 5679 1210 5745 Superiorem
1245 5682 1524 5752 referunt,
1548 5699 1613 5734 ac
1641 5681 1922 5751 posterior
1947 5699 2045 5736 uo.-

407 5741 583 5797 turali
616 5760 749 5800 eum
783 5741 961 5805 morte
993 5753 1232 5822 periisse
1263 5749 1483 5806 scribit.

2233 4403 2344 4474 (70)
2376 4405 2484 4474 Ast
2512 4401 2620 4456 hoc
2651 4401 2710 4457 in
2741 4401 3112 4474 quibusdam,
3128 4401 3361 4474 tantum
3400 4397 3752 4474 codicibus;
3778 4403 3844 4459 in

2165 4468 2312 4530 nova
2328 4468 2497 4528 enim
2529 4468 2776 4544 operum
2800 4474 2851 4544 ej
2861 4473 3032 4528 udem
3051 4471 3304 4544 editione
3326 4468 3554 4544 pariter
3570 4468 3840 4544 Siricius

2169 4544 2514 4627 appellatur.
2531 4539 2880 4627 U‘iscrepaiis
2899 4561 3032 4627 vero
3055 4539 3685 4627 cod'icum‘lecti‘o'inde
3697 4549 3845 4626 ,οι-ιο.

2166 4609 2413 4687 videtur,
2435 4616 2589 4687 quod
2613 4609 2886 4670 una'cum
2907 4615 3111 4671 Siricio
3128 4612 3380 4687 Ursinus
3399 4609 3490 4668 vel
3513 4611 3843 4687 Ursicinus

2167 4688 2364 4759 sedem
2398 4683 2720 4741 Romanam
2743 4702 3032 4759 occupare
3055 4683 3298 4759 tentarit
3311 4703 3330 4759 _;
3357 4698 3509 4759 quos
3530 4685 3684 4742 adeo
3707 4703 3844 4744 am-

2167 4757 2270 4812 bos
2295 4760 2348 4811 in
2377 4774 2550 4812 unum
2572 4773 2878 4828 personam
2893 4754 3245 4812 conﬂarunt.
3265 4754 3514 4828 Siricius
3536 4759 3790 4828 prazt'uit
3807 4777 3844 4816 ιι

2163 4829 2259 4884 die
2278 4832 2347 4902 22
2369 4834 2497 4902 pec.
2523 4826 2617 4883 an.
2641 4829 2747 4883 384
2768 4830 3058 4902 usqueh25
3075 4828 3215 4883 Nov.
3269 4841 3344 4881 an
3388 4826 3519 4902 39_8_,
3543 4826 3839 4902 adeoque

2161 4916 2234 4955 an
2246 4900 2339 4970 nis
2369 4901 2481 4970 l'ere
2499 4915 2613 4968 xxv,
2647 4896 2912 4970 quamvis
2943 4899 3192 4970 Prosper
3208 4914 3278 4953 xv
3301 4896 3689 4970 pontiﬁcatus
3715 4896 3830 4957 an-

2163 4987 2268 5042 nos
2297 4969 2484 5025 eidem
2506 4966 2741 5042 tribuat.
2777 4971 3056 5042 Caeterum
3080 4966 3414 5042 optime—hic
3437 4971 3609 5024 notat
3633 4972 3837 5028 codex

2162 5041 2451 5096 Murensis
2475 5059 2487 5096 :
2515 5039 2726 5112 seriem
2750 5040 3064 5112 praesulum
3084 5039 3507 5112 Romanorum,
3525 5043 3834 5112 eteorum

2159 5129 2344 5193 annos
2373 5111 2768 5169 diversissima
2796 5115 3046 5185 scriptos
3075 5112 3134 5166 in
3154 5111 3515 5183 quibusdam
3537 5111 3718 5170 libris
3738 5113 3833 5170 in-

2161 5200 2365 5240 vellll‘l.

2229 5257 2340 5325 (71)
2374 5253 2501 5308 Haec
2537 5251 2801 5325 clausula
2844 5253 2901 5309 in
2955 5253 3226 5311 Bavarico
3275 5252 3474 5325 codice
3518 5255 3659 5325 post
3709 5271 3830 5312 an-

2155 5321 2299 5380 num
2327 5321 2434 5396 377
2467 5324 2734 5396 habetur,
2757 5326 3132 5382 conformiter
3152 5341 3363 5396 nempe
3383 5321 3690 5396 prioribus
3709 5343 3830 5383 an-

2156 5395 2270 5470 nis,
2304 5395 2402 5450 ubi
2434 5395 2778 5470 plerumque
2797 5397 3019 5470 integro
3040 5413 3196 5470 anno
3217 5395 3575 5470 Augiensem
3597 5395 3830 5454 subse-

2156 5467 2378 5539 quitur,
2413 5473 2476 5520 ut
2507 5471 2701 5539 tamen
2732 5467 2802 5539 ab
2833 5467 2985 5539 anno
3032 5468 3138 5522 379
3169 5467 3228 5522 in
3275 5468 3554 5539 computo
3599 5483 3833 5527 rursus

2155 5537 2388 5609 cumieo
2410 5537 2738 5593 concordet.
2757 5537 2856 5594 Vel
2878 5539 3014 5594 inde
3039 5546 3232 5594 tamen
3255 5537 3566 5609 discimus,
3591 5553 3831 5609 quous-

2154 5626 2265 5682 que
2294 5608 2660 5682 llcruiannus
2691 5626 2864 5682 suum
2897 5611 3220 5666 Chronicon
3257 5608 3584 5682 scripserit.

2225 5681 2337 5752 αξ)
2365 5679 2448 5732 Ita
2461 5677 2673 5752 pariter
2691 5681 2934 5737 adhunc
2947 5697 3165 5738 annum
3182 5677 3445 5752 Socrates
3457 5681 3516 5736 et
3529 5679 3825 5752 Prosper,

2154 5751 2254 5808 sed
2286 5747 2659 5806 Marcellinus
2691 5754 2748 5807 et
2777 5753 2968 5810 caeteri
3000 5753 3058 5810 id
3089 5768 3242 5810 anno
3273 5749 3464 5824 priore
3513 5747 3822 5811 referunt.
