3940 6362
345 421 439 523 εἰτ’
1159 466 1570 537 emensum
1615 467 2053 534 CONPRAC'I‘I
2097 467 2514 536 AUGIENSIS
2560 465 2938 533 nossem.
3685 431 3764 526 ss

1713 629 1944 687 CODEX
1984 627 2384 686 AUGIENSIS.

1713 631 1753 687 C
1805 630 1944 686 DEX
1984 629 2384 686 AUGIENSIS.
3735 653 3742 659 -

424 725 806 787 398,8anctus
833 727 1177 786 Ambrosius
1220 726 1664 784 Mediolanensis
1711 629 1994 800 sibiepi-
2019 730 2072 795 Α·
2104 743 2202 782 ma
2229 727 2289 782 in
2322 726 2576 783 Ecclesia
2600 725 2904 782 constituit
2943 724 3195 791 decreta,
3225 727 3284 780 et
3311 721 3630 780 ecclesiam
3659 719 3762 778 SS.

355 831 570 887 scopus
610 815 812 871 doctor
864 815 1131 872 Ecclesiae
1188 815 1494 882 miriﬁcus,
1553 815 1624 870 ad
1685 815 1998 871 Dominum

358 903 651 974 migravit.
684 904 920 959 Marcell.
954 935 1022 944 -—-
1053 904 1247 958 Romae
1295 903 1642 958 Anastasius
1696 919 1846 974 papa
1878 902 2000 957 XLI

359 990 512 1048 sedit
538 991 708 1047 annis
739 993 982 1048 idecm.
1008 1023 1072 1032 —
1104 992 1204 1048 88
1237 991 1299 1046 In
1323 991 1516 1046 Africa
1544 991 1710 1045 Gildo
1741 1007 1936 1046 comes
1969 1007 2004 1046 ξι

360 1077 538 1134 fratre
569 1079 894 1147 Mascezele,
928 1081 1044 1136 Deo
1069 1080 1330 1150 juvante,
1381 1095 1580 1150 pugna
1626 1079 1813 1134 victus
1860 1079 2004 1134 inte-

361 1166 478 1222 riit.
515 1166 750 1222 Marcell.
781 1170 932 1224 Jorn.

430 1255 536 1309 399
559 1255 800 1326 Templa
829 1255 1120 1310 idolorum
1149 1257 1324 1326 jussu
1371 1254 1791 1326 imperatorum
1821 1253 1879 1308 in
1911 1253 2004 1308 di-

359 1343 544 1398 versis
573 1343 840 1414 partibns
873 1345 1028 1398 orbis
1060 1344 1527 1408 destruuntur,et
1565 1341 1687 1397 ludi
1719 1341 2004 1410 gladiato-

361 1447 496 1488 rum
525 1429 831 1486 tolluntur.
865 1431 1004 1499 Aug.
1047 1431 1234 1485 l.xvm
1265 1431 1329 1484 (le
1359 1431 1654 1501 Civ.capite
1683 1431 1783 1484 ult.
1809 1431 2008 1484 Eutro-

361 1517 496 1590 pius
525 1517 855 1584 eunuchus,
883 1519 981 1588 qui
1015 1517 1124 1573 hoc
1168 1535 1320 1574 anno
1368 1535 1502 1573 cum
1553 1518 1850 1573 Theodoro
1877 1533 2008 1573 con-

362 1605 622 1662 sulatum
653 1605 964 1670 invaserat,
996 1605 1214 1662 honore
1243 1610 1298 1661 et
1328 1607 1445 1661 vita
1474 1607 1732 1678 privatus
1765 1605 2003 1660 interiit.

363 1697 554 1764 Prosp.
587 1693 826 1748 Marcell.

437 1782 542 1836 400
567 1781 736 1836 Gothi
760 1780 984 1836 Alarico
1017 1787 1072 1838 et
1131 1781 1456 1853 Radagaiso
1515 1780 1750 1852 regibus
1781 1780 2008 1836 Italiam

364 1868 763 1942 ingredientes
793 1870 1319 1941 devastant.Prosp.
1351 1870 1497 1924 Cass.
1531 1870 1719 1924 -—-Hoc
1750 1874 2010 1940 tempore

363 1957 710 2014 Anastasius
743 1974 894 2030 papa
925 1975 1030 2014 sua
1059 1959 1238 2014 etiam
1285 1959 1517 2013 decreta
1569 1957 1893 2022 constituit,
1924 1956 2009 2011 in-

2107 816 2350 872 Protasii
2379 821 2435 871 et
2464 813 2720 872 Gervasii
2749 817 3078 887 martyrum
3128 812 3326 870 Romae
3354 815 3768 869 constructam

2109 903 2416 972 dedicavit,
2449 907 2506 959 et
2532 901 2771 958 titulum
2803 903 2863 958 in
2893 903 3046 958 Urbe
3077 900 3402 957 constituit.
3429 898 3762 956 Anast.Bed.

2179 991 2284 1046 405
2313 989 2588 1046 Romanis
2618 991 2764 1046 duce
2798 989 3074 1046 Stilicone
3106 988 3168 1044 in
3199 987 3463 1046 Thuscia
3491 1003 3765 1060 pugnan-

2109 1077 2268 1134 tibus
2301 1078 2669 1151 Radagaistis
2700 1077 2812 1150 (81)
2843 1093 2977 1133 cum
3006 1091 3073 1132 cc
3104 1075 3393 1132 militibus
3436 1076 3770 1132 Gothorum

2110 1166 2262 1221 facili
2296 1167 2554 1235 victoria,
2587 1166 2702 1222 Deo
2749 1166 3022 1233 donante,
3052 1165 3240 1222 victus
3266 1169 3356 1220 ~et
3411 1167 3623 1236 captus
3655 1166 3767 1219 est.

2110 1255 2350 1310 Marcell.
2385 1260 2576 1326 Prosp.

2183 1344 2285 1398 406
2305 1342 2598 1408 Wandali,
2629 1342 2799 1398 Suevi
2855 1347 2914 1398 et
2968 1341 3137 1398 Alani
3185 1341 3428 1413 trajecta
3461 1338 3666 1396 Rheno
3701 1355 3764 1394 in

2111 1432 2232 1488 Cal.
2263 1431 2529 1488 Januarii
2562 1433 2674 1500 (82)
2707 1429 2924 1486 Gallias
2954 1429 3246 1486 hostiliter
3275 1427 3766 1501 ingrcssi.Chron.

2115 1520 2268 1576 Goth.

2183 1609 2287 1664 407
2319 1607 2735 1664 Constantinus
2762 1607 2822 1662 in
2853 1605 3175 1673 Britannia,
3198 1602 3508 1679 tyrannide
3537 1605 3772 1672 invasa,

2115 1697 2187 1753 ad
2220 1697 2437 1753 Gallias
2469 1695 2700 1752 transit.
2731 1697 2928 1767 Prosp.

2186 1787 2290 1840 408
2317 1785 2600 1841 Arcadius
2633 1785 2951 1856 imperator
2971 1781 3470 1855 Constantinopoli
3495 1779 3772 1848 moritur,

2115 1872 2314 1928 relicto
2347 1889 2450 1945 pro
2481 1889 2544 1928 se
2568 1871 2687 1927 filio
2717 1871 3066 1940 Theodosio,
3098 1887 3234 1926 cum
3265 1886 3381 1942 quo
3412 1867 3628 1925 dehinc
3659 1885 3767 1942 pa-

2113 1965 2283 2016 truus
2314 1961 2602 2019 Honorius
2634 1977 2819 2016 annos
2847 1977 2918 2016 xv
2961 1959 3241 2032 regnavit.
3291 1958 3440 2014 Cass.
3473 1960 3672 2030 Prosp.
3704 1988 3778 1998 —

361 2051 565 2154 vento:
598 2046 657 2101 in
684 2047 834 2146 Urbe
865 2046 1214 2145 Manichaeos
1243 2047 1560 2154 dam‘navit,
1593 2051 1649 2143 et
1679 2044 2006 2110 basilicam,
2039 2089 2088 2154 B
2119 2048 2317 2105 Stilico
2349 2049 2463 2104 dux
2495 2049 2661 2149 fortis
2694 2064 2812 2104 una
2843 2065 2978 2103 cum
3009 2047 3129 2103 ﬁlio
3159 2045 3444 2104 Eucherio
3474 2047 3550 2102 ab
3584 2047 3777 2102 Hono-

364 2151 492 2206 quie
521 2133 930 2191 Crescentiana
958 2135 1192 2200 dicitur,
1222 2135 1318 2190 via
1365 2133 1723 2190 Mamurtina
1753 2137 2012 2189 constru-

367 2223 470 2279 xit.
507 2227 704 2279 Anast.

437 2311 534 2365 401
567 2311 824 2366 Joannes
855 2311 1533 2382 Constantinopolitanus
1562 2314 1618 2364 et
1643 2307 2010 2380 Theophilus

367 2398 624 2470 episcopi
657 2397 968 2455 clarissimi
998 2399 1306 2465 habentur,
1337 2398 1436 2454 sed
1476 2398 1620 2452 adeo
1651 2397 1801 2452 inter
1830 2412 1894 2452 se
1923 2397 2009 2451 di-

367 2487 695 2554 scordes,ut
724 2486 1024 2542 molimine
1051 2487 1356 2558 Theophili
1385 2487 1640 2544 Joannes
1671 2487 1732 2540 in
1765 2485 2010 2540 Pontum

371 2575 575 2631 exsilio
607 2575 896 2648 relegatus
926 2576 1020 2631 sit.
1053 2577 1241 2646 Prosp.

443 2664 548 2718 402
576 2662 866 2718 Pollentiae
899 2663 1167 2731 Romani,
1192 2662 1465 2719 Stilicone
1497 2664 1640 2718 duce
1671 2665 1874 2718 contra
1905 2661 2012 2716 Go-

370 2751 504 2806 thos
531 2751 692 2823 gravi
723 2755 1106 2822 utrorumque
1159 2750 1320 2806 clade
1375 2755 1726 2824 pugnantes,
1773 2749 2012 2805 tandem

366 2838 501 2894 victi
531 2844 695 2911 terga
722 2843 955 2894 vertunt
985 2841 1116 2911 (80).
1149 2843 1298 2897 Cass.
1331 2841 1482 2895 Jorn.
1535 2838 1686 2894 Oros.
1719 2869 1788 2878 ——
1818 2838 2012 2892 Romae

369 2925 747 2982 Innocentius
777 2943 926 2998 papa
955 2927 1102 2982 XLII
1133 2927 1283 2982 sedit
1311 2928 1482 2982 annis
1512 2943 1628 2981 x1v.

443 3014 549 3068 403
576 3013 912 3086 Carthagini
939 3015 1252 3070 concilium
1283 3021 1486 3071 contra
1532 3013 1866 3070 Donatistae
1915 3012 2014 3068 ha-

371 3102 584 3158 bitum.

445 3191 546 3248 89
576 3190 681 3246 404
709 3189 806 3245 llis
837 3191 1204 3262 temporibus
1233 3190 1606 3246 Innocentius
1655 3207 1804 3262 papa
1833 3188 2014 3262 pluri-

2119 2137 2204 2194 rio
2234 2139 2496 2209 Augusto
2526 2136 2830 2193 occiditur.
2866 2137 3016 2194 Oros.
3050 2137 3296 2194 Marcell.

2188 2227 2289 2280 409
2319 2223 2614 2291 Wandali,
2647 2223 2812 2280 Alani
2868 2229 2926 2280 et
2979 2223 3149 2280 Suevi
3207 2224 3268 2279 in
3325 2223 3420 2280 die
3479 2223 3606 2280 Oct.
3659 2223 3775 2296 (83)

2117 2311 2429 2385 Hispanias
2457 2316 2764 2384 occupant.
2783 2311 2921 2368 Idat.
2951 2311 3198 2379 Attalus,
3222 2311 3545 2384 imperator
3573 2311 3777 2368 Romae

2118 2418 2218 2473 per
2247 2401 2614 2474 tyrannidem
2669 2402 2857 2456 factus
2903 2405 2961 2458 et
2990 2416 3124 2456 mox
3173 2400 3405 2473 pulsus,
3437 2400 3649 2457 Gothis
3678 2417 3778 2459 co-

2120 2489 2308 2546 haesit.
2340 2496 2533 2561 Prosp.
3723 2529 3733 2534 —

2189 2579 2291 2634 αιο
2321 2579 2426 2633 410
2453 2577 2719 2634 Alarieus
2749 2594 2849 2633 rex
2895 2576 3218 2634 Gothorum
3249 2576 3497 2632 Romam
3543 2577 3782 2634 obsedit

2120 2665 2455 2738 multasque
2485 2666 2669 2722 caedes
2689 2665 2768 2721 ibi
2801 2669 2858 2721 et
2878 2667 3102 2738 praedas
3124 2664 3516 2733 faciens,locis
3535 2669 3779 2723 tantum

2121 2754 2304 2810 sacris
2339 2759 2396 2810 et
2425 2755 2496 2810 ad
2529 2771 2598 2810 ea
2627 2753 2913 2826 profugis,
2947 2753 3088 2826 quia
3116 2753 3488 2810 Christianus
3518 2759 3781 2828 erat,pe-

2120 2842 2303 2913 percit
2333 2859 2484 2898 anno
2516 2842 2587 2898 ab
2605 2841 2756 2898 Urbe
2786 2840 3019 2898 condita
3049 2841 3339 2898 MCLXIV.
3372 2841 3658 2910 Placidia,
3693 2859 3783 2899 so-

2121 2946 2218 2985 ror
2245 2929 2482 2986 Honorii
2512 2930 2784 3004 Augusti,
2817 2947 2851 2986 a
2879 2929 3084 2986 Gothis
3115 2929 3174 2984 in
3232 2929 3385 2986 Urbe
3431 2927 3590 2985 inter
3624 2929 3778 2986 alios

2121 3023 2311 3090 capta.
2345 3018 2480 3073 Idal.
2514 3018 2833 3074 Gothorum
2860 3035 2996 3090 pars
3027 3017 3334 3074 Venetiam
3367 3021 3606 3089 captam
3640 3035 3779 3090 pos-

2122 3106 2294 3174 sedit,
2325 3105 2424 3177 qui
2457 3111 2660 3178 postea
2687 3105 3019 3177 Ostrogothi
3047 3106 3233 3162 vocati
3285 3109 3345 3161 et
3384 3121 3522 3161 cum
3555 3105 3782 3164 Roma-

2122 3193 2216 3249 nis
2245 3193 2618 3249 confmderati
2647 3198 2806 3250 sunt.
2833 3195 2985 3250 Jorn.
3020 3211 3075 3250 a.
3107 3195 3232 3249 409.

1424 3287 1888 3344 COMPENDIUM
1927 3286 2016 3340 EX
2055 3289 2308 3347 CODICE
2346 3291 2720 3346 BERNOLDI.

437 3375 542 3430 398
571 3377 806 3432 Sanctus
833 3377 1147 3432 Ambrosius
1193 3377 1616 3434 Mediolanensis
1645 3376 2006 3447 archicpisco-
2035 3383 2078 3450 ο
2187 3379 2289 3432 403
2321 3379 2712 3449 Carthagini...
2746 3379 2996 3435 habetur.
3029 3379 3169 3436 Cod.
3201 3378 3341 3435 eccl.
3373 3371 3498 3435 Afr.

366 3480 492 3536 pus,
523 3464 704 3522 doctor
731 3468 996 3536 egregius,
1026 3467 1288 3536 migravit
1341 3467 1418 3521 ad
1477 3467 1768 3520 Dominum
1808 3481 1845 3518 ν
1873 3463 2007 3518 Kal.

367 3549 499 3609 Maii
528 3553 662 3622 (84).
695 3583 761 3594 -—
792 3555 975 3610 Romae
1003 3554 1340 3619 Anastasius,
1374 3558 1580 3622 etc.,ut
1608 3555 1756 3625 Aug.
1783 3549 2011 3606 —-Gildo

369 3654 540 3695 comes
555 3655 740 3709 pugna
767 3643 938 3696 victus
967 3643 1198 3696 interiit.

441 3725 548 3781 399
577 3727 790 3796 Templa
837 3728 1109 3783 idolorum
1152 3728 1527 3796 destruantur,
1556 3738 1608 3785 et
1659 3730 1777 3784 ludi
1803 3727 2014 3801 gladia-

367 3818 549 3871 torum
579 3815 869 3871 tolluntur.

437 3905 544 3958 400
575 3901 730 3958 Gothi
759 3903 985 3959 Italiam
1015 3905 1320 3962 devastant.
1357 3909 1462 3962 Hoc
1509 3915 1746 3978 tempore
1775 3909 2007 3965 Anasta-

363 3993 479 4047 sius
501 4008 649 4064 papa
677 4009 778 4048 sua
808 3993 1023 4048 decreta
1051 3995 1351 4062 constituit,
1384 3999 1433 4050 et
1492 3997 1740 4052 inventos
1783 4003 1844 4051 in
1875 3999 2012 4054 Urbe

363 4081 687 4137 Manichaeos
714 4081 1014 4136 damnavit.
1049 4085 1288 4154 Corpora
1329 4084 1725 4156 prophetarum
1757 4087 2010 4143 Habacac

366 4174 420 4224 et
449 4167 699 4226 Michaeae
729 4185 765 4224 a
793 4172 1032 4226 Domino
1059 4173 1371 4228 revelantur
1402 4173 1532 4246 (85).

439 4257 540 4311 401
571 4257 868 4312 Joannes...
922 4259 1235 4330 Theophilus
1282 4261 1579 4317 clarissimi
1602 4261 1887 4331 habentur,
1919 4264 2011 4320 sed

367 4341 500 4400 adeo
527 4342 814 4412 discordes,
844 4353 922 4413 ut,
954 4353 1086 4414 elc.,
1119 4351 1185 4401 ut
1211 4349 1364 4418 Aug.

437 4431 544 4487 402
573 4431 730 4488 Gothi
757 4431 1072 4490 Stiliconem
1099 4434 1290 4490 ducem
1337 4451 1463 4490 cum
1498 4437 1738 4494 Romano
1765 4441 2011 4495 exercitu

364 4524 710 4591 fugaverunt.
743 4523 1085 4578 Innocentius
1124 4539 1272 4594 papa
1315 4524 1447 4578 XLII
1479 4523 1621 4579 sedit
1647 4542 1720 4580 an
1749 4543 1846 4581 xw
1873 4528 2006 4600 (86),

365 4611 464 4682 qui
490 4625 602 4666 LVII
626 4611 870 4682 capitula
897 4611 1190 4667 decretalia
1215 4612 1452 4682 scripsit.
1489 4612 1689 4686 Prosp.
1723 4613 1900 4671 Marc.

2189 3485 2292 3540 404
2322 3487 2416 3540 His
2445 3487 2774 3557 temporibus
2803 3488 3150 3544 Innocentius
3195 3502 3344 3559 papa
3372 3487 3555 3562 multa
3582 3485 3778 3544 decre-

2115 3575 2172 3628 ta
2199 3575 2346 3644 fecit.
2381 3572 2602 3630 Orosius
2625 3575 2910 3646 presbyter
2955 3575 3137 3630 clarus
3185 3575 3438 3632 habetur.
3474 3574 3688 3649 Prosp.
3721 3593 3778 3633 a.

2117 3663 2242 3718 396.

2189 3750 2295 3804 405
2324 3750 2431 3804 Hoc
2462 3758 2699 3821 tempore
2727 3749 3070 3820 Radagaisus
3116 3766 3241 3806 cum
3289 3765 3355 3806 cc
3383 3722 3642 3808 millibus
3674 3751 3780 3810 Go-

2119 3837 2358 3907 thorum,
2382 3838 2486 3893 Deo
2517 3837 2770 3906 donante,
2801 3841 2876 3894 est
2904 3840 3100 3894 victus.

2190 3945 2295 4000 406
2326 3943 2664 3999 Wandali...
2690 3945 2932 4013 ingressi
2957 3948 3106 4000 sunt.

2190 4049 2291 4103 407
2319 4050 2665 4108 Innocentius
2717 4065 2863 4121 papa
2903 4029 3200 4104 Arcadium
3244 4050 3642 4124 imperatorem
3676 4068 3786 4131 ex-

2117 4139 2502 4209 communicat,
2533 4139 2629 4210 qui
2675 4139 2944 4194 consensit
2990 4146 3051 4194 ut
3113 4138 3480 4209 expelleretur
3535 4139 3787 4198 Joannes

2121 4224 2530 4297 Chrysosto-mus
2563 4227 2698 4296 (87).

2190 4331 2293 4386 408
2319 4331 2646 4386 Arcadius...
2680 4333 2841 4387 annis
2879 4348 2952 4386 xv
2999 4333 3272 4402 regnavit.
3320 4361 3392 4373 η·
3429 4333 3632 4390 Stilico
3663 4336 3791 4390 dua:

2117 4421 2277 4490 fortis
2306 4421 2376 4475 ab
2405 4421 2639 4475 Honorio
2669 4418 2804 4490 Aug.
2838 4419 3124 4476 occiditur.

2189 4525 2294 4580 409
2331 4524 2598 4591 Wandali,
2629 4525 2813 4592 Alani,
2847 4524 3194 4595 Saevi-tertio
3215 4523 3306 4581 die
3334 4525 3608 4598 Octobris,
3638 4531 3788 4596 etc.,

2120 4618 2187 4670 ut
2215 4617 2369 4684 Aug.

1948 4711 2180 4770 ΝΟΤίΕ.

437 4793 546 4872 (80)
575 4793 929 4872 Claudianus
951 4796 1044 4872 "de
1065 4800 1256 4872 “sexto
1305 4797 1611 4872 consulatu
1644 4798 1910 4872 Honorii,
1943 4806 2002 4856 et
2030 4809 2077 4872 Ι)

367 4861 591 4920 Clarius
617 4863 656 4920 l.
691 4882 744 4920 IV
773 4866 843 4920 de
873 4864 1027 4920 bello
1057 4865 1272 4931 Getico,
1307 4866 1524 4923 Gothos
1576 4869 1756 4926 fuisse
1787 4889 1820 4926 a
1849 4861 2002 4926 Stili-

366 4951 516 5014 cone
536 4939 769 5014 fugatos
788 4937 1078 5014 scribunt.
1111 4937 1285 5014 Facta
1315 4943 1402 4992 est
1431 4941 1777 5014 autemhaec
1807 4959 2005 5014 pugna

363 5008 434 5061 29
463 5005 629 5092 Mart:
661 5023 714 5062 a.
745 5008 870 5073 403,
905 5007 1170 5092 quamvis
1203 5008 1446 5080 Prosper
1499 5015 1555 5066 et
1597 5010 1696 5067 alii
1739 5005 2005 5069 no‘nnvulli

365 5093 493 5134 eam
525 5077 632 5132 hoc
662 5093 815 5132 anno
847 5077 1118 5134 referant.

435 5148 548 5218 (8t)
578 5147 958 5204 Restituenda
986 5152 1078 5204 est
1106 5164 1175 5204 ex
1221 5148 1490 5205 Bavarico
1543 5151 1849 5218 depravata
1876 5155 2005 5210 Au-

366 5219 584 5292 giensis
614 5218 830 5274 codicis
861 5219 1030 5292 lectio
1061 5219 1402 5288 Radagaisus
1433 5226 1490 5275 et
1517 5218 1788 5278 millibus.

441 5292 558 5359 (82)
587 5293 836 5358 Prosper
858 5290 1042 5360 pridie
1096 5292 1212 5345 Kal.
1245 5295 1378 5346 Jan.
1413 5295 1470 5345 et
1517 5292 1734 5350 Suevos
1765 5295 2001 5352 omittit.

367 5360 610 5432 perinde
641 5376 706 5414 ac
737 5361 1137 5432 Cassiodorus.

437 5431 549 5499 (83)
583 5430 645 5501 I_n
677 5429 872 5501 codice
930 5447 1032 5501 pro
1088 5433 1148 5486 in-
1200 5429 1511 5501 legendum
1564 5432 1790 5490 videtur
1818 5452 1902 5498 III,
1937 5441 2000 5490 ut

367 5501 568 5556 eadem
596 5499 765 5576 lectio
806 5499 1063 5576 prodeat,
1098 5519 1231 5576 qusi
1261 5499 1522 5556 habetur
1548 5503 1634 5576 _in
1693 5505 1997 5576 Bernoldo,

367 5589 564 5642 quaeve
593 5587 660 5644 ex
691 5569 822 5640 ipso
851 5573 1028 5626 [datio
1061 5569 1316 5644 genuina
1346 5573 1558 5643 est,qui
1583 5575 1730 5630 hanc
1755 5569 2000 5632 invasio-

366 5659 498 5696 nem
519 5643 663 5716 feria
692 5643 850 5716 tertia
884 5643 1108 5716 iactam
1153 5644 1374 5710 scribit,
1409 5644 1598 5716 qualis
1649 5664 1751 5702 nec
1783 5665 1837 5701 iv
1871 5647 1993 5702 Kal.

368 5728 472 5786 nec
506 5728 566 5786 iii
594 5710 658 5764 Id
689 5710 810 5766 Oct.
843 5714 912 5768 ai;
964 5715 1091 5786 ipso
1147 5710 1443 5784 assignati‘
1476 5717 1634 5770 fuere
1685 5716 1790 5772 hoc
1847 5735 1999 5774 anno

366 5783 503 5850 409;
537 5782 682 5836 bene
711 5799 841 5839 vero
873 5782 1042 5841 tertia
1073 5786 1197 5842 dies
1227 5782 1491 5856 ejusdem
1524 5789 1763 5844 mensis.

2179 4798 2290 4870 (84)
2323 4796 2598 4871 Martiali,
2629 4813 2702 4871 xv
2744 4797 2871 4871 Kal:
2912 4796 3045 4871 Maii
3062 4813 3083 4858 .'
3109 4797 3212 4854 sed
3260 4797 3375 4870 leg.
3403 4799 3594 4871 pridie
3623 4801 3785 4858 Non.

2109 4867 2355 4944 Aprilis;
2387 4869 2488 4944 qui
2517 4867 2642 4924 dies
2675 4869 2786 4944 l_‘u_i_t
2825 4869 3164 4944 _Sabbatum
3221 4867 3495 4925 sanctum
3553 4871 3618 4926 in
3646 4889 3784 4944 quo

2107 4937 2276 5012 juxta
2308 4937 2616 5012 Paulinum
2647 4937 2791 4994 obiit
2820 4939 3254 5012 S.Ambrosius,
3279 4955 3410 5012 qua
3440 4947 3584 4997 nota
3605 4937 3791 5000 clim-

2116 5010 2248 5138 nticta
2275 5027 2498 5136 Eanum
2529 5011 2780 5083 priorem
2839 5010 3079 5067 indicat.
3131 5010 3248 5066 Vid.
3297 5010 3421 5066 Vita
3448 5015 3492 5068 t.
3523 5015 3582 5070 II
3607 5015 3787 5088 0pp.,

2116 5099 2144 5138 e
2181 5099 2197 5138 ι
2231 5125 2243 5136 .
2325 5098 2450 5136 aur.

2113 5098 2243 5138 ϐακε.
2275 5098 2450 5136 maur.

2187 5155 2297 5225 (85)
2327 5153 2499 5225 Teste
2523 5152 2862 5225 S_ozom_eno,
2894 5151 3041 5225 Hist.
3073 5151 3116 5207 l.
3145 5168 3248 5220 vn,
3282 5167 3412 5225 cap.
3446 5152 3589 5222 ult.,
3623 5170 3786 5212 con-

2113 5222 2244 5296 tigit
2274 5222 2382 5278 hoc
2412 5222 2522 5278 sub
2541 5223 2866 5296 Theodosio
2880 5222 3452 5296 Seniore,perperam
3484 5225 3639 5282 adeo
3660 5226 3786 5284 hoc

2111 5293 2264 5350 anno
2294 5299 2548 5350 notatur.
2591 5293 2704 5348 Vid.
2739 5294 3014 5362 Bolland.,
3050 5295 3118 5350 15
3144 5293 3292 5364 Jan},
3313 5299 3360 5350 t.
3393 5297 3437 5351 Ι.

2182 5367 2294 5438 (86)
2324 5365 2536 5436 Pagius
2590 5365 2906 5438 Innocentii
2965 5365 3396 5423 ordinationem
3456 5365 3533 5422 ad
3594 5367 3658 5424 d.
3703 5371 3778 5426 21

2109 5435 2243 5494 Dec.
2279 5453 2372 5492 an.
2401 5435 2497 5490 4οι
2530 5435 2745 5506 rejicit.

2180 5509 2292 5578 (87)
2323 5505 2581 5578 Epistola
2599 5505 2928 5578 Innocentii
2948 5506 3028 5578 ad
3045 5505 3384 5574 Eudoxiam,
3403 5511 3464 5564 et
3493 5509 3631 5565 duae
3660 5512 3780 5566 Ar-

2109 5577 2258 5651 cadii
2276 5577 2818 5651 ’ad’I‘nnocentium,
2841 5577 2996 5632 unde
3027 5578 3148 5634 haec
3177 5578 3378 5651 hausit
3407 5580 3781 5651 Bernoldus,

2109 5650 2180 5706 ab
2209 5647 2456 5706 eruditis
2486 5647 2699 5718 spurize
2739 5653 3071 5704 censentur.
3121 5649 3250 5704 Vid.
3286 5651 3505 5718 Pagius
3534 5652 3598 5706 in
3631 5647 3784 5710 Vita

2107 5719 2284 5792 hujus
2316 5719 2608 5792 pontificis
2639 5720 2800 5776 Brev.
2833 5720 2994 5776 Rom.
3029 5720 3260 5792 pontif.,
3293 5726 3336 5778 t.
3367 5719 3413 5791 I,
3446 5739 3505 5778 n.
3538 5724 3634 5779 28.
