3940 6374
337 401 404 468 91
1135 401 1562 484 ιΗΕΗΜᾹΝΝΙ
1607 400 1976 467 GONTRAG‘

2159 401 2384 468 UGIEN
2392 402 2506 468 818
2549 400 2930 469 MONAGHI.
3670 394 3748 463 92

1712 561 1940 620 CODEX
1977 560 2380 622 AUGIENSIS.

338 676 554 746 ﬁrmat,
575 675 712 734 data
741 675 793 733 ei
822 692 958 734 cum
981 675 1201 752 aliquot
1230 677 1474 735 urbibus
1507 677 1578 735 ad
1637 677 1974 734 inhabitan-
2005 683 2062 748 Α
2091 678 2453 736 Gundericus
2477 693 2572 737 rex
2593 676 3015 737 Wandalorum
3045 675 3149 734 Dei
3171 671 3396 748 judicio
3417 687 3741 748 percussus

337 766 478 822 dum
502 764 816 838 Aquitania
846 767 1122 822 secunda.
1153 773 1344 838 Prosp.
1377 766 1512 823 Idat.

412 855 532 910 420.
573 853 780 911 Wallia
803 871 934 926 rege
965 854 1280 910 Gothorum
1317 859 1543 910 mortuo
1579 855 1972 910 Theodericus

2083 769 2346 835 moritur,
2367 769 2536 842 eique
2559 767 2887 825 Geisericus
2909 767 3031 839 [al.,
3055 761 3426 835 Gensericus]
3451 769 3746 837 tyrannus

2083 858 2454 928 Arianusque
2479 855 2784 912 haereticus
2801 860 2858 912 et
2877 852 3299 911 catholicorum
3325 852 3586 909 crudelis
3615 868 3744 925 per-

338 942 640 999 successit.
673 943 799 998 Isid.
835 961 886 998 a.
952 943 1072 997 419.
1098 974 1164 984 -
1223 942 1556 998 Bethlehem
1588 943 1974 1016 Hieronymus
2082 950 2312 1001 secutor
2333 945 2638 1001 successit.
2675 945 2808 1000 Idat.
2842 961 2896 999 a.
2926 943 3050 999 428.

335 1033 654 1104 presbyter,
675 1032 876 1086 doctor
905 1036 964 1086 et
992 1031 1278 1102 interpres
1311 1031 1786 1103 incomparabilis
1817 1031 1968 1086 Scri-

335 1125 639 1192 pturarum
662 1137 812 1174 anno
839 1119 1022 1174 aetatis
1052 1137 1142 1174 xei
1177 1119 1336 1175 obiit.
1369 1122 1559 1190 I’rosp.
1597 1120 1722 1175 Bed.
1751 1151 1814 1160 —
1841 1119 1972 1174 Ala-

332 1208 390 1262 ni
421 1208 668 1264 aGothis
700 1208 840 1262 adeo
861 1209 1011 1262 caede
1043 1208 1245 1263 domiti
1281 1214 1360 1275 ut,
1395 1209 1552 1280 regio
1587 1208 1821 1263 nomine
1871 1225 1966 1262 ne-

323 1295 531 1369 glecto,
577 1295 905 1352 Gunderico
965 1296 1081 1367 regi
1131 1295 1556 1351 Wandalorum
1596 1312 1658 1352 se
1720 1295 1969 1352 tuendos

329 1386 758 1446 submitterent.
795 1385 1106 1454 Greg.Tur.,
1142 1385 1352 1440 IlI/tl.(t.
1387 1385 1508 1440 418.

397 1475 496 1528 43
529 1473 622 1528 421
653 1473 1027 1528 Constantius
1054 1473 1365 1542 imperator
1389 1473 1669 1527 Ravenna:
1697 1473 1962 1527 moritur.

329 1561 722 1632 ldat.Prosper.
777 1561 998 1616 Bellum
1056 1561 1205 1616 inter
1268 1561 1582 1616 Wandalos
1639 1570 1695 1616 et
1746 1562 1966 1616 Gothos

333 1647 539 1705 oritur.
573 1647 710 1703 (dat.

403 1737 511 1791 422
540 1736 831 1792 Exercitus
862 1740 1062 1792 contra
1090 1736 1412 1792 Wandalos
1443 1738 1587 1792 duce
1617 1736 1848 1792 Castino
1897 1736 1968 1790 ad

336 1824 642 1897 Hispanias
674 1823 874 1881 Gothis
890 1823 1170 1880 auxilium
1195 1826 1445 1880 mittitur
1469 1843 1482 1893 ;
1516 1842 1549 1880 a
1577 1843 1690 1897 quo
1715 1825 1972 1880 oli‘cnsus

331 1911 682 1981 Bonifacius,
720 1916 806 1966 vir
827 1912 1160 1980 bellicosus,
1188 1916 1463 1969 secedens
1485 1913 1555 1968 ad
1601 1912 1855 1968 Africam
1911 1927 1974 1967 se

332 2002 599 2058 contulit.
634 2001 902 2057 Wandali
935 2018 1067 2057 vero
1116 2002 1188 2057 ad
1245 2001 1710 2074 desperationem
1768 2001 1972 2069 coacti,

328 2090 561 2147 Castino
595 2091 824 2146 incaute
847 2107 1090 2146 manum
1123 2099 1481 2158 conserente,
1508 2090 1753 2146 victores
1785 2087 1974 2145 effecti

331 2185 488 2236 sunt.
522 2181 713 2250 Prosp.
743 2179 873 2234 (dat.

402 2270 507 2323 423
555 2267 810 2323 Placidia
852 2269 1136 2339 Augusta,
1199 2285 1230 2322 a
1262 2269 1438 2322 lratre
1477 2266 1727 2322 Honorio
1780 2265 1972 2338 pulsa,

331 2373 468 2412 cum
483 2356 600 2411 [ilio
613 2355 1017 2412 Valentiniano
1039 2357 1112 2411 ad
1135 2356 1528 2412 Theodosium
1561 2361 1896 2428 Augustum
1914 2355 1974 2410 in

332 2445 626 2502 Orientem
659 2444 1066 2517 proficiscitur.
1099 2447 1288 2516 Prosp.
1316 2477 1382 2485 ——
1407 2445 1599 2500 Romae
1631 2444 1976 2500 lecstinus

335 2551 487 2607 papa
516 2535 654 2613 XL)?
687 2534 835 2589 sedit
859 2535 1028 2588 annis
1061 2549 1287 2603 novem,
1315 2534 1414 2604 qui
1463 2533 1718 2606 plurima
1773 2533 1832 2589 in
1881 2534 1978 2589 Ec-

335 2621 512 2680 clesia
542 2621 676 2677 fecit
706 2625 950 2688 statuta,
983 2627 1040 2677 et
1068 2621 1370 2678 basilicam
1399 2621 1541 2677 Julii
1573 2622 1632 2677 in
1657 2622 1808 2677 Uibe
1839 2638 1973 2677 con-

335 2713 620 2767 structam
655 2709 959 2765 dedicavit.
996 2712 1178 2766 Anast.
1207 2709 1452 2766 Marc-ell.
1477 2712 1604 2766 mel.
1663 2729 1697 2765 α
1730 2710 1850 2765 421.
1913 2739 1978 2752 --

332 2798 623 2856 Honorius
671 2797 992 2870 imperator
1017 2799 1346 2854 Occidentis
1379 2799 1662 2854 Ravenna:
1707 2799 1975 2866 moritur,

334 2891 394 2944 et
420 2890 674 2943 Joannes
693 2891 976 2958 tyrannus
1008 2904 1252 2959 regnum
1275 2888 1402 2958 ejus
1427 2891 1691 2958 occupat.
1713 2887 1976 2943 Theodo-

336 2975 461 3032 sius
500 2975 814 3047 imperator
833 2975 1082 3031 Orientis
1113 2980 1242 3048 post
1261 2979 1508 3032 mortem
1538 2976 1732 3048 patrui
1763 2975 1856 3032 sui
1873 2976 1980 3031 Ho-

340 3061 489 3118 norii
517 3063 781 3134 regnavit
809 3079 993 3118 annos
1013 3081 1164 3118 xxvx.
1201 3069 1491 3134 l’rosp.an.
1524 3080 1702 3119 xxvu.

409 3152 512 3206 424
531 3151 894 3207 Theodosius
919 3151 1390 3208 Valentinianum
1419 3152 1610 3207 amitae.
1643 3170 1759 3207 sum
1797 3150 1978 3208 Placi-

340 3239 448 3296 dia;
473 3239 660 3296 ﬁlium
682 3240 964 3296 Cmsarem
993 3240 1232 3309 faciens,
1265 3241 1333 3296 ad
1359 3257 1604 3313 regnum
1649 3241 1979 3296 Occidentis

2150 1037 2254 1090 4-!
2288 1033 2733 1089 427Bonifacius
2753 1032 2813 1088 in
2855 1031 3048 1087 Africa
3069 1029 3298 1104 pollens
3331 1029 3515 1086 duces
3556 1045 3739 1101 quos-

2080 1121 2212 1178 dam
2239 1125 2442 1178 contra
2461 1139 2522 1178 se
2539 1121 2884 1176 dimicantes
2904 1120 3115 1176 occidit
3139 1137 3152 1186 ;
3173 1121 3378 1174 contra
3401 1133 3580 1190 quem
3603 1134 3740 1174 evo-

2081 1210 2226 1266 catis
2257 1209 2520 1266 barbaris
2553 1225 2713 1265 mare
2743 1208 2814 1264 ad
2845 1207 2903 1264 id
2933 1213 3166 1279 tempus
3187 1207 3455 1279 ignotum
3469 1205 3743 1278 pervium

2076 1298 2343 1355 eflicitur.
2379 1297 2539 1354 Unde
2571 1306 2714 1370 gens
2739 1298 2918 1353 effera
2949 1294 3394 1363 Wandalorum,
3421 1295 3494 1350 de
3529 1294 3742 1366 Hispa-

2079 1386 2192 1442 niis
2223 1386 2506 1443 exclusaa
2535 1385 2759 1451 Gothis,
2795 1387 2940 1441 rfeto
2984 1385 3225 1456 trajecto
3255 1383 3514 1438 Africam
3574 1381 3748 1438 inva-

2077 1475 2242 1542 dens,
2275 1475 2491 1547 gladio,
2527 1475 2719 1546 praeda
2734 1479 2792 1530 et
2810 1475 2944 1546 igne
2967 1471 3390 1528 miserabiliter
3411 1471 3738 1526 debaccha-

2078 1563 2499 1628 tur,interfecto
2522 1564 2684 1634 prius
2701 1560 3073 1634 Ermengario
3095 1561 3296 1632 [lo’utio
3309 1558 3748 1631 Hermigarius]

2084 1668 2220 1725 rege
2251 1653 2592 1719 Suevorum,
2635 1657 2945 1724 postquam
2978 1650 3037 1705 in
3073 1647 3356 1721 Hispania
3409 1665 3508 1704 xix
3568 1647 3748 1704 annis

2081 1741 2416 1797 debacchati
2447 1744 2604 1797 sunt.
2639 1739 2892 1809 Idat.,al.
2916 1755 2969 1794 a.
3001 1739 3126 1793 429.

2151 1830 2256 1885 428
2285 1829 2607 1896 Nestorius,
2657 1828 2968 1900 episcopus
3020 1823 3746 1896 Constantinopolitanae,

2081 1918 2226 1974 duas
2258 1918 2319 1972 in
2352 1915 2578 1973 Christo
2610 1932 2889 1988 personas
2942 1913 3266 1988 praedicans
3315 1913 3748 1988 hominemque

2083 2022 2296 2079 purum
2318 2023 2386 2061 ex
2415 2005 2653 2076 Virgine
2686 2008 2886 2060 natum
2917 2003 3189 2059 deitatem
3213 2005 3419 2076 postea
3444 2003 3750 2075 accepisse

2083 2095 2406 2160 affirmans,
2440 2111 2474 2150 a
2502 2091 2711 2166 Cyrillo
2742 2091 3132 2148 Alexandrino
3177 2091 3456 2163 episcopo
3487 2095 3545 2146 et
3591 2108 3750 2164 papa

2081 2181 2387 2240 Ccslestino
2414 2181 2697 2237 haereseos
2739 2179 3025 2252 arguitur.
3066 2181 3256 2250 Prosp.
3284 2211 3353 2220 —
3401 2178 3606 2235 Aetius
3638 2193 3737 2235 eo-

2084 2288 2208 2326 mes
2231 2272 2552 2338 ltomanus,
2600 2268 2802 2325 multis
2851 2269 3206 2325 Francorum
3265 2267 3450 2335 caesis,
3503 2273 3740 2340 partem

2084 2359 2424 2424 Galliarum,
2439 2374 2616 2431 quam
2640 2373 2941 2430 pervasam
2955 2356 3716 2430 tenuerant,recepit.Prosp
3727 2398 3742 2412 .

2085 2447 2224 2503 Idat.

2155 2538 2258 2591 429
2289 2533 2490 2592 Aetius
2522 2534 2802 2608 magister
2833 2532 3088 2590 militum
3118 2538 3176 2589 et
3229 2533 3514 2606 patricius
3541 2533 3742 2590 factus

2084 2629 2191 2682 est.
2227 2630 2493 2697 Prosp.—
2523 2623 2799 2696 Agricola
2819 2621 3127 2679 haereticus
3158 2621 3560 2694 Pelagianista
3621 2621 3751 2678 Bri-

2083 2713 2314 2771 tannias
2345 2729 2450 2769 suo
2474 2711 2659 2768 inficit
2678 2726 2868 2768 errore
2891 2728 2905 2780 ;
2930 2711 3086 2766 unde
3103 2713 3161 2765 8.
3185 2709 3516 2766 Germanus
3544 2710 3752 2768 Antis-

2087 2797 2443 2858 siodorensis
2473 2801 2666 2873 episco
2674 2816 2802 2872 pus,
2822 2815 2857 2854 θ,
2886 2797 3193 2855 Ccelestino
3218 2815 3372 2871 papa
3391 2797 3492 2855 illo
3516 2799 3750 2856 missus

2086 2890 2353 2946 haeresim
2379 2888 2734 2962 expugnavit
2760 2886 3152 2960 plurimisque
3183 2885 3360 2943 saluti
3380 2886 3510 2943 fuit.
3542 2888 3750 2961 Prosp.

2091 2978 2220 3035 Bed.
2253 2978 2382 3033 hist.
2416 2975 2573 3048 Angl.

2158 3067 2337 3122 430$.
2387 3065 2750 3138 Augustinus
2799 3062 3189 3136 Hipponensis
3237 3062 3576 3136 episcopus,
3635 3065 3750 3121 Eo-

2087 3154 2275 3212 clesias
2335 3152 2550 3209 Christi
2608 3155 2666 3208 et
2701 3149 2999 3207 catholicas
3056 3149 3191 3206 ﬁdei
3241 3157 3651 3224 propugnator
3688 3156 3752 3211 et

2089 3245 2360 3300 defensor
2402 3239 2842 3308 invictissimus,
2875 3239 2935 3294 in
2957 3238 3190 3296 civitate
3235 3254 3345 3296 sua
3383 3257 3418 3296 a
3469 3225 3752 3299 barbaris

340 3345 475 3386 cum
505 3334 689 3386 matre
734 3329 1155 3402 possidendum
1177 3329 1440 3385 remittit.
1473 3335 1666 3401 Prosp.
1723 3329 1878 3386 Cass.
1911 3359 1980 3371 —
2087 3330 2705 3398 obsessus,cuminter
2734 3329 2893 3400 ipsas
2909 3327 3237 3384 obsidionis
3260 3327 3574 3401 angustias
3641 3347 3754 3403 pro

335 3417 590 3474 Joannes
620 3422 902 3490 tyrannus
931 3417 1184 3473 Africam
1207 3420 1408 3472 contra
1466 3415 1830 3472 Bonifacium
1878 3432 1976 3488 pe-
2008 3409 2051 3477 C
2088 3420 2342 3478 Ecclesia
2357 3417 2643 3474 sollicitus
2673 3416 2896 3473 Juliani
2927 3415 3174 3490 argutiis
3231 3433 3337 3488 pro
3390 3417 3587 3490 gratia
3631 3418 3746 3476 Dei

340 3505 450 3562 tiit.
507 3505 644 3562 ldat.

412 3595 514 3648 425
539 3592 986 3648 Valentinianus
1015 3609 1150 3648 cum
1201 3598 1384 3650 matre
1424 3597 1710 3650 Joannem
1769 3611 1804 3650 a
1851 3593 1976 3648 suis

342 3681 689 3738 exstinctum
721 3681 1030 3754 oppressit,
1065 3699 1310 3754 regnum
1355 3682 1685 3738 Occidentis
1739 3681 1975 3754 recepit,

341 3771 644 3828 Castinum
673 3770 886 3826 Joanni
917 3770 1203 3825 faventem
1235 3769 1435 3826 exsilio
1466 3769 1785 3835 damnavit,
1817 3769 1978 3826 Actio

339 3859 602 3932 patricio,
632 3859 770 3930 quia
813 3859 1055 3914 Hunnos
1080 3863 1346 3915 evocatos
1383 3859 1588 3914 reverti
1623 3859 1856 3928 fecerat,
1881 3875 1983 3912 ve-

339 3947 501 4006 niam
530 3949 706 4004 dedit.
763 3950 954 4020 Prosp.
1011 3947 1250 4004 Marcell.

411 4038 516 4094 426
547 4036 842 4094 Patroclus
885 4037 1239 4094 Arelatensis
1287 4037 1596 4110 episcopus
1655 4055 1690 4094 a
1748 4037 1986 4094 tribuno

343 4125 600 4198 quodam
628 4127 874 4182 barbaro
902 4125 1183 4184 innocens
1203 4126 1528 4184 trucidatus
1557 4131 1662 4182 est.
1696 4132 1887 4200 Prosp.
1920 4161 1987 4170 -

2085 3523 2435 3582 oppugnans
2451 3505 2869 3579 respondisset,
2891 3503 3022 3577 ipsa
3039 3503 3140 3561 Dei
3163 3504 3372 3577 gratia,
3394 3521 3468 3562 ne
3499 3505 3748 3564 ruinam

2087 3613 2330 3655 suorum
2353 3592 2955 3662 videret,subtractus,
2987 3608 3021 3646 v
3061 3590 3186 3648 Kal.
3243 3591 3405 3664 Sept.
3467 3592 3756 3666 migravit

2087 3687 2160 3743 ad
2189 3685 2505 3742 Dominum
2537 3698 2689 3739 anno
2719 3680 2906 3737 astatis
2950 3695 3140 3749 Lxxvr,
3183 3679 3560 3754 episcopatus
3611 3699 3755 3740 vero

2089 3793 2190 3831 seu
2214 3772 2647 3848 presbyteratus
2678 3786 2769 3836 ιι,
2789 3771 2983 3842 Prosp.
3009 3768 3144 3825 Bed.
3176 3769 3294 3825 chr.

2163 3863 2257 3918 43!
2291 3859 2488 3917 Tertia
2533 3858 2794 3932 synodus
2823 3856 3172 3914 universalis
3211 3873 3280 3913 cc
3325 3855 3752 3931 episcoporum

2092 3951 2246 4024 apud
2276 3947 2573 4022 Ephesum
2602 3949 2988 4020 congregatur
3027 3946 3138 4004 sub
3194 3943 3506 4004 Caelestino
3566 3963 3752 4022 papa,

2093 4039 2195 4096 ubi
2227 4039 2378 4094 inter
2407 4035 2552 4092 alias
2585 4035 2838 4093 haereses
2893 4033 3196 4092 Nestorius
3239 4050 3376 4092 cum
3415 4039 3580 4092 secta
3637 4053 3758 4096 sua

2097 4128 2432 4184 damnatur.

1385 4260 1863 4318 COMPENDIUM
1899 4262 1993 4318 EX
2029 4260 2284 4320 CODICE
2323 4256 2706 4316 BERNOLDI.

418 4358 522 4412 420
549 4356 868 4413 Bethlehem
896 4360 1255 4430 Hieronymus
1281 4360 1590 4432 presbyter,
1620 4362 1872 4430 egregius
1903 4362 1986 4416 in-
2017 4365 2064 4429 ι)
2167 4359 2272 4414 426
2298 4357 2650 4414 Patroclus...
2684 4353 3014 4422 trucidatur,
3047 4356 3114 4409 ut
3140 4356 3292 4426 Aug.

345 4455 573 4516 terpres,
597 4464 742 4502 anno
770 4451 949 4504 aztatis
977 4465 1068 4504 xc:
1098 4449 1232 4505 obiit
1263 4449 1394 4520 (95).

415 4537 512 4591 421
539 4537 890 4594 Constantius
919 4539 1052 4610 imp.
1073 4539 1361 4609 Ravennae
1406 4537 1669 4591 moritur.

419 4625 520 4680 423
560 4626 744 4682 Romae
787 4623 1100 4682 Caelestinus
1149 4641 1294 4698 papa
1341 4623 1478 4680 Χυν
1519 4623 1660 4678 sedit
1689 4625 1853 4678 annis
1909 4640 1987 4690 IX,

343 4715 442 4786 qui
458 4729 578 4770 xxn
613 4715 858 4782 capitula
878 4715 1176 4771 decretalia
1196 4715 1459 4784 eipscopis
1482 4712 1790 4768 Galliarum
1847 4715 1990 4767 scri-

340 4803 472 4878 psit.
492 4833 561 4844 -—
587 4802 840 4860 Placidia
873 4809 1124 4875 Augusta
1143 4819 1177 4856 a
1204 4804 1380 4872 fratre
1399 4802 1632 4857 Honorio
1684 4801 1869 4872 pulsa,
1915 4800 1989 4856 ad

351 4891 698 4952 Theodosium
725 4895 784 4948 in
813 4891 1480 4962 Orienlemproﬁciscitur.
1513 4891 1784 4946 Honorius
1815 4891 1988 4960 impe-

2163 4448 2268 4502 427
2282 4446 2667 4516 Bonifacius...
2677 4443 2934 4516 pervium
2950 4442 3284 4514 efﬁciturmt
3310 4442 3463 4514 Aug.
3502 4457 3518 4510 ;
3540 4445 3766 4500 catera

2104 4536 2661 4681 dezgtlllestorius...
2686 4622 2965 4690 arguitur,
2988 4623 3054 4676 ut
3079 4620 3228 4692 Aug.

2169 4713 2273 4767 429
2299 4710 2622 4782 Agricola...
2653 4709 2834 4780 inﬁcit
2860 4723 3066 4764 errore.

2167 4801 2274 4861 430
2299 4803 2360 4857 S.
2388 4799 2724 4868 Augustinus
2753 4796 3114 4868 Hipponensis
3142 4796 3444 4866 episcopus,
3494 4795 3559 4850 in
3615 4795 3768 4852 civi-

2099 4893 2207 4970 tate
2234 4904 2334 4944 sua
2360 4903 2396 4941 a
2447 4886 2694 4942 barbaris
2748 4885 3009 4951 obsessus,
3064 4899 3191 4938 cum
3245 4884 3399 4938 intra
3452 4883 3605 4954 ipsas
3649 4900 3764 4940 an-

347 4985 505 5038 rator
533 4983 828 5038 Occidentis
849 4983 1104 5047 moritur,
1133 4983 1185 5035 et
1206 4980 1448 5035 Joannes
1466 4982 1736 5049 tyrannus
1759 4993 1992 5048 regnum
2097 4977 2304 5048 gustias
2359 4973 2658 5032 obsidionis
2707 4987 2816 5045 pro
2867 4972 3109 5032 Ecclesia
3177 4971 3448 5028 sollicitus
3531 4970 3772 5028 Iuliani

351 5073 466 5143 ejus
493 5075 789 5142 occupavit.

422 5162 523 5214 424
557 5159 942 5216 Theodosius...
969 5157 1220 5212 remittit.
1253 5157 1318 5210 ut
1349 5159 1496 5227 Aug.

421 5249 1098 5304 425l’atentinianuscum
1157 5248 1333 5300 matre
1379 5245 1642 5300 Joannem
1690 5251 1992 5315 tyrannum

353 5340 629 5395 Ravenna:
657 5337 939 5408 oppressit.

2099 5065 2334 5133 argutiis
2350 5079 2449 5136 pro
2475 5064 2659 5134 gratia
2688 5061 2786 5118 Dei
2807 5077 3084 5133 pugnans,
3119 5063 3254 5128 etc.,
3312 5063 3379 5114 ut
3408 5060 3561 5132 Aug.

2169 5153 2269 5208 431
2309 5152 2486 5208 Tertia
2513 5149 2820 5224 synodus...
2850 5149 3181 5216 damnatur,
3199 5155 3251 5204 et
3305 5147 3602 5204 duodecim
3663 5163 3768 5204 ca-

2095 5243 2218 5315 pita
2244 5249 2440 5298 contra
2466 5239 2718 5297 eumdem
2735 5239 3073 5294 scribuntur.

1931 5427 2162 5486 NOTAE.

426 5533 543 5604 (95)
571 5531 650 5586 De
681 5532 844 5604 astate
866 5530 922 5604 S.
958 5527 1288 5604 Hieronymi
1308 5527 1639 5604 discrepant
1659 5526 1998 5604 scriptgres,

2106 5530 2298 5582 terum
2320 5523 2391 5581 ad
2413 5522 2571 5578 hunc
2593 5535 2817 5592 anrnum
2836 5523 3086 5592 Prosper
3100 5517 3159 5574 in
3180 5516 3518 5592 Chronico_a
3538 5516 3773 5592 Pithiae

401 5587 684 5660 uos'inter
715 5601 995 5656 Baronius
1017 5603 1076 5656 in
1107 5587 1254 5657 nisi.
1288 5587 1516 5656 eccles.‘
1543 5599 1614 5655 ad
1647 5615 1741 5654 an.
1782 5587 1902 5652 i472
1945 5587 2001 5654 et
2107 5597 2260 5652 edito
2291 5599 2520 5652 revocat
2549 5591 2783 5648 initium
2815 5587 3368 5664 regni'Francorum
3399 5588 3512 5645 sub
3537 5587 3771 5646 Pharo.-

401 5623 508 5660 uos
537 5623 684 5656 Inter
716 5623 995 5656 paruulus
1017 5623 1076 5656 lu
1107 5623 1254 5657 mat.
1288 5623 1490 5656 606108.
1543 5623 1614 5655 uu
1647 5623 1741 5654 au.
1797 5623 1902 5652 ιλιι
1945 5623 2001 5654 ut
2107 5623 2260 5652 υυιιυ
2292 5623 2520 5652 ιὐνυυαι
2549 5623 2783 5648 “unum
2815 5623 2955 5664 ιυδιι

358 5623 465 5729 220
485 5673 535 5728 ei
569 5670 940 5728 solummodo
975 5691 1198 5728 LXXVI”.
1250 5672 1514 5728 Fleurius
1569 5686 1726 5741 vero,
1787 5669 1999 5741 Pagius
2109 5668 2328 5724 mundo
2350 5666 2541 5740 primo
2571 5680 2774 5723 eorum
2804 5679 2960 5736 rege.

361 5744 580 5816 aliique
606 5743 828 5816 passim
849 5761 918 5801 xc
949 5745 1175 5802 circiter
1202 5744 1331 5801 vitae
1364 5757 1548 5800 annos
1579 5740 2000 5797 tribuunt.’Cae—
