3940 6372
341 423 418 520 9‘s
1140 461 1552 527 HERMANNI
1593 457 2036 528 CONTRAGTI
2075 453 2490 530 AUGIENSIS
2533 463 2908 578 MQNACHI.
3645 452 3744 526 ω

1691 623 1924 682 connx
1960 609 2358 684 AUGIENSIS.

333 722 390 777 et
417 720 761 790 constituit;
789 721 1207 796 Eutychianam
1239 726 1296 780 et
1331 721 1734 780 Nestorianam
1775 723 1963 781 haare-
1991 727 2050 795 Α
2077 725 2359 800 spelunca
2387 725 2642 798 quadom
2670 724 3132 795 obdormierunt,
3163 726 3300 800 post
3339 737 3529 782 annos
3557 736 3730 794 quvx

332 825 424 865 ses
455 811 876 868 condemnavit.
911 811 1048 883 Ejus
1080 820 1354 883 tempore,
1388 811 1964 878 Demetrias,ancilla
2071 814 2454 888 expergefacti
2485 818 2705 882 sunt,et
2729 814 3074 872 conﬁrmata
3110 814 3226 871 fide
3274 811 3728 870 resurrectionis

329 899 560 967 Christi,
595 901 787 956 Romae
815 905 869 955 S.
903 901 1177 972 Stephani
1211 899 1514 956 ecclesiam
1547 901 1698 956 fecit.
1733 933 1802 943 —
1831 901 1960 958 Gei-
2072 908 2436 960 mortuorum
2466 904 2678 958 iterum
2709 902 3152 959 obdormierunt
3178 903 3352 973 (102).

330 987 550 1044 sericus
577 987 832 1044 Siciliam
860 1005 1158 1060 pervasam
1185 989 1436 1061 graviter
1459 989 1964 1061 afﬂigens,timore
2142 993 2252 1046 447
2272 991 2558 1064 Eutyches
2589 991 2890 1063 presbyter
2917 995 2974 1048 et
3015 992 3197 1047 abbas
3223 988 3725 1063 Constantinopo-

328 1077 654 1132 Sebastiani
685 1077 849 1133 ducis
882 1077 950 1132 ad
993 1077 1397 1149 Carthaginem
1433 1079 1711 1133 tuendam
1765 1077 1959 1134 rediit.
2071 1078 2566 1148 litanus,confusa
2585 1080 2646 1135 in
2663 1078 2892 1136 Christo
2915 1079 3239 1136 divinitatis
3269 1077 3732 1136 ethumanitatis

328 1164 548 1220 Richila
569 1182 663 1220 rex
696 1168 1012 1221 Suevorum
1049 1167 1316 1221 Baeticam
1353 1167 1707 1237 provinciam
1740 1172 1796 1222 et
1825 1167 1961 1222 Car-
2071 1167 2418 1235 substantia,
2455 1183 2632 1223 unam
2659 1166 2721 1222 in
2755 1183 2821 1224 eo
2844 1172 3118 1224 naturam
3151 1167 3578 1240 dogmatizans,
3612 1167 3718 1222 ad-

325 1253 728 1325 thaginensem
763 1254 1098 1326 Hispaniam
1124 1255 1293 1327 cepit.
1324 1261 1506 1326 Prosp.
1526 1257 1957 1315 Marrell..4nast.
2070 1257 2286 1312 nitente
2315 1255 2640 1312 Theodosio
2671 1257 2934 1328 Augusto
2956 1259 3014 1312 et
3037 1255 3305 1312 Dioscoro
3326 1255 3720 1312 Alexandrino

323 1342 460 1398 Idat.
2068 1345 2359 1416 episcopo,
2393 1343 2757 1400 resistentem
2789 1344 2901 1400 sibi
2924 1344 3264 1400 Flavianum
3294 1345 3718 1401 Constantino-

391 1433 488 1486 44t
523 1432 884 1488 Theodosius
914 1433 1229 1504 imperator
1256 1437 1459 1488 contra
1486 1433 1841 1487 Geisericum
1903 1437 1961 1487 et
2067 1431 2390 1504 politanum
2411 1431 2915 1504 archiepiscopum
2936 1432 3248 1505 expulsum
3263 1449 3453 1505 usque
3466 1433 3539 1490 ad
3563 1450 3721 1489 mor-

317 1519 638 1576 Wandalos
669 1537 770 1592 per
798 1521 976 1576 duces
1006 1538 1145 1576 suos
1176 1519 1391 1575 bellum
1439 1524 1666 1587 movet;
1714 1521 1814 1575 sed
1847 1519 1958 1591 ipsi
2065 1526 2183 1576 tem
2215 1521 2884 1594 persequuntur.Contra
2912 1537 3091 1593 quam
3124 1521 3394 1578 haeresim
3428 1522 3543 1578 Leo
3561 1537 3719 1594 papa

317 1609 616 1680 negotium
631 1609 1320 1675 cunctandodill‘erentes,
1353 1608 1556 1664 Sicilire
1571 1609 1757 1680 magis
1774 1608 1954 1678 oneri,
2063 1609 2286 1681 legatos
2315 1609 2496 1665 misit.
2527 1611 2719 1692 Prosp.
2743 1627 2796 1665 a.
2830 1609 2953 1664 449.
2984 1640 3053 1650 --
3085 1609 3314 1666 Richila
3355 1625 3457 1666 rex
3491 1611 3716 1666 Suevo-

317 1712 497 1768 quam
531 1697 798 1769 praesidio
829 1698 1006 1754 fuere.
1041 1701 1224 1770 Prosp.
1256 1701 1411 1756 Cass.
2064 1713 2196 1752 rum
2227 1697 2492 1765 moritur,
2524 1697 2694 1768 eique
2726 1697 3033 1754 Richarius
3085 1698 3234 1772 (103)
3282 1697 3444 1755 ﬁlius
3471 1714 3712 1756 succes-
3787 1725 3796 1729 -

388 1785 494 1840 442
521 1785 746 1842 Hunnis
772 1787 1044 1843 Thracias
1070 1791 1126 1843 et
1173 1785 1464 1859 Illyricum
1513 1802 1662 1841 saeva
1711 1783 1952 1857 popula-
2064 1785 2158 1840 sit.

314 1873 470 1930 tione
498 1875 885 1943 vastantibus,
919 1877 1203 1931 exercitus
1233 1881 1435 1931 contra
1460 1873 1774 1932 Wandalos
1802 1873 1948 1928 mis-
2133 1875 2236 1928 448
2267 1873 2630 1930 Theodosius
2660 1874 2979 1946 imperator
3029 1875 3282 1931 Leonem
3329 1892 3544 1948 papam
3603 1891 3716 1950 pro

313 1980 438 2031 sus,
469 1963 540 2018 ad
573 1965 880 2020 tuitionem
914 1964 1294 2020 Orientalium
1325 1968 1646 2018 revocatur.
1695 1961 1950 2018 Valenti-
2061 1961 2395 2019 defensione
2425 1961 2760 2035 Eutychetis
2793 1963 2864 2018 ad
2913 1980 2974 2020 se
3021 1968 3211 2034 vocat,
3263 1964 3365 2037 qui
3409 1981 3445 2021 a
3488 1965 3710 2038 populo

312 2053 524 2109 nianus
554 2053 869 2126 imperator
889 2071 1021 2110 cum
1053 2053 1342 2110 Geiscrico
1373 2069 1506 2124 rege
1525 2050 1946 2107 Wandalorum
1981 2095 2028 2126 η
2059 2050 2319 2107 Romano
2351 2051 2544 2106 venire
2583 2051 2932 2123 prohibitus,
2980 2050 3203 2125 legatos
3251 2069 3358 2126 pro
3409 2069 3474 2110 se
3523 2053 3716 2110 misit.

312 2095 524 2109 ...........
554 2095 857 2126 ..ηνυηηω
889 2095 1021 2110 νυ...
1055 2095 1341 2110 manum.
1373 2095 1506 2124 ..Ὃν
1543 2095 1946 2107 ..-ω-...νην
2060 2095 2318 2107 -..η-...ην
2360 2095 2544 2106 .ν...-ν
2583 2095 2932 2123 ε..........-....,
2980 2095 3203 2125 -.Ὅρων
3251 2095 3358 2126 ,ην
3409 2095 3474 2110 ..υ
3523 2095 3716 2110 μην...

309 2157 510 2214 pacem
541 2144 753 2214 ﬁrmat,
783 2143 976 2200 Africa
1003 2143 1156 2199 inter
1185 2147 1502 2212 utrumque
1543 2139 1720 2196 certis
1749 2139 1954 2212 spatiis
1981 2095 2030 2160 Β
2061 2138 2368 2196 Richarius
2397 2155 2496 2195 rex
2523 2141 3048 2208 Suevorum,ducta
3074 2141 3134 2196 in
3159 2143 3503 2216 conjugium
3525 2143 3718 2200 Theo-

310 2231 708 2304 divisa.Prosp.
737 2235 888 2290 Cass.
921 2271 926 2286 .
2061 2228 2186 2285 dori
2207 2229 2357 2299 (104)
2388 2227 2541 2300 regis
2571 2228 2894 2285 Gothorum
2926 2228 3069 2298 filia,
3094 2229 3471 2288 Wasconiam
3501 2231 3715 2288 devas-

382 2321 485 2375 443
513 2322 761 2377 Sanctus
793 2319 1044 2376 Brictius
1071 2321 1439 2376 Turonorum
1485 2319 1798 2389 episcopus
1846 2318 1950 2373 de-
2058 2317 2218 2374 tavit.
2251 2317 2389 2374 ldat.
2419 2333 2472 2372 a.
2505 2333 2616 2390 seq.
2649 2347 2716 2359 —
2747 2317 2864 2374 Hoc
2896 2321 3156 2391 tempore
3187 2317 3718 2391 Angli-8axones,a

309 2409 506 2476 cessit,
538 2409 628 2465 cui
663 2411 721 2465 S.
757 2409 1104 2466 Eustochius
1135 2407 1438 2465 successit.
1477 2405 1628 2477 Grcg.
1683 2407 1803 2460 Tur.
1838 2407 1950 2462 Leo
2059 2405 2354 2462 Britannis
2384 2410 2588 2463 contra
2613 2407 2806 2463 Pictos
2835 2411 2893 2462 et
2923 2407 3128 2464 Scotos
3155 2407 3370 2466 auxilio
3397 2409 3598 2476 asciti,
3624 2409 3714 2467 in.

309 2511 461 2570 papa
477 2497 692 2554 multos
715 2499 772 2554 in
795 2498 937 2554 urbe
952 2497 1302 2552 Maniclneos
1318 2495 1616 2550 inveniens
1629 2493 1951 2566 publicavit
2056 2494 2246 2550 sulam
2269 2500 2476 2568 petunt
2490 2499 2547 2551 et
2566 2495 2837 2552 hostibus
2849 2495 3062 2569 fugatis
3085 2497 3142 2551 in
3161 2497 3353 2554 socios
3374 2514 3546 2556 arma
3567 2515 3712 2556 conv

308 2590 366 2642 et
391 2585 570 2642 libros
596 2603 796 2643 eorum
827 2587 1104 2642 incendit.
1137 2587 1328 2656 Prosp.
2055 2587 2307 2652 vertunt,
2328 2588 2386 2640 et
2415 2589 2546 2658 post
2575 2583 2763 2642 multa
2787 2583 2940 2641 bella
2969 2600 3185 2658 magna
3215 2601 3284 2641 ex
3311 2591 3478 2660 parte
3501 2587 3708 2646 insula

379 2676 482 2730 444
511 2675 692 2732 Attila
722 2693 818 2732 rex
849 2676 1192 2731 Hunnorum
1218 2673 1447 2728 Bledam
1479 2687 1671 2743 regem
1707 2671 1944 2727 fratrem
2055 2672 2303 2728 subacta
2333 2672 2499 2744 potiti
2530 2676 2687 2729 sunt.
2719 2673 2864 2728 Beda
2894 2673 3022 2729 hist.
3057 2673 3216 2745 Angl.

307 2780 482 2820 suum
513 2765 790 2837 regnique
808 2768 1134 2820 consortem
1159 2761 1536 2832 interemit,ct
1556 2763 1684 2832 ejus
1701 2776 1946 2832 regnum
2125 2759 2232 2816 449
2261 2759 2475 2816 lterum
2505 2758 2774 2817 catholici
2807 2760 2880 2816 ab
2913 2761 3263 2832 imperatore
3279 2762 3607 2822 Theodosio
3629 2765 3712 2823 ad

306 2851 702 2926 populumque
731 2852 1000 2924 subjecit.
1032 2852 1111 2907 De
1142 2851 1322 2922 hujus
1351 2849 1489 2905 anni
1535 2849 1756 2906 Pascha
1809 2848 1944 2904 Pro-
2055 2848 2414 2904 audientiam
2439 2847 2681 2905 evocati.
2711 2850 2812 2906 40
2844 2849 3027 2907 Attila
3072 2865 3172 2906 rex
3200 2867 3456 2908 uncrum
3485 2852 3712 2912 Gallias

305 2940 490 2998 terius
521 2945 578 2997 et
604 2941 997 2998 Paschasinus
1039 2939 1183 3013 (tOl)
1224 2937 1397 2995 Leoni
1448 2955 1608 3010 papae
1657 2937 1941 2994 scribunt.
2053 2935 2317 3008 aliasque
2367 2936 2588 2993 circum
2627 2937 2956 3009 provincias
3001 2942 3229 3008 vastat;
3279 2944 3340 2996 et
3384 2944 3508 2998 arte
3553 2942 3716 2998 Aetii

306 3034 498 3101 Prosp.
2053 3041 2268 3099 magno
2297 3024 2450 3082 inter
2475 3042 2611 3082 eum
2636 3030 2699 3082 et
2718 3025 2940 3084 Gothos
2961 3027 3179 3100 prandio
3200 3028 3714 3099 concitatc,Theo-

377 3119 478 3175 48
505 3118 611 3173 445
643 3118 744 3174 His
773 3117 1274 3190 temporibus,Leo
1293 3131 1442 3188 papa
1471 3115 1621 3170 inter
1649 3113 1764 3170 alia
1792 3115 1946 3170 bona
2051 3115 2229 3170 dorus
2269 3129 2370 3169 rex
2397 3113 2720 3170 Gothorum
2751 3113 2962 3170 cecidit
2987 3113 3159 3186 eique
3193 3115 3542 3174 Torismodo
3574 3119 3709 3191 [al.,

306 3206 577 3264 basilicas
609 3205 1004 3280 apostolorum
1039 3205 1188 3260 Petri
1219 3208 1274 3260 et
1315 3203 1480 3259 Pauli
1527 3203 1840 3270 renovavit,
1885 3208 1944 3258 et
2049 3202 2468 3274 Thorismund]
2523 3201 2684 3259 ﬁlius
2731 3203 2865 3274 ejus
2918 3203 3220 3262 successit.
3265 3204 3410 3262 Idat.
3459 3222 3514 3262 α.
3569 3208 3704 3266 451.

307 3295 608 3352 ecclesiam
641 3296 701 3351 S.
734 3293 977 3350 Cornelii
1014 3311 1176 3366 papa:
1207 3297 1264 3348 et
1301 3291 1577 3363 martyris
1623 3291 1715 3346 via
1756 3291 1945 3364 Appia
2049 3295 2208 3348 Jom.

303 3384 642 3442 construxit.
675 3385 862 3440 Anast.
2125 3379 2230 3434 450
2253 3377 2366 3434 Leo
2391 3394 2544 3451 papa
2581 3377 2804 3452 legatos
2851 3380 2926 3437 ad
2957 3381 3373 3440 confutandam
3424 3382 3712 3444 haeresim

373 3475 476 3528 446
505 3473 764 3529 Britanni
793 3473 866 3529 ab
897 3471 1058 3528 Aetio
1088 3474 1145 3526 et
1173 3468 1453 3526 Romanis
1501 3473 1702 3524 contra
1737 3469 1940 3524 Scotos
1969 3452 2014 3521 C
2054 3467 2286 3524 mittere
2315 3465 2557 3534 curavit,
2586 3467 2948 3526 Theodosius
2977 3469 3297 3543 imperator
3343 3471 3622 3544 moritur,
3647 3478 3717 3532 et

302 3566 360 3618 et
388 3562 580 3624 Pictos
609 3561 888 3618 auxilium
914 3559 1250 3632 implorant,
1283 3573 1389 3614 nec
1417 3557 1769 3629 impetrant.
1807 3557 1938 3614 Bed.
2051 3573 2088 3614 a
2113 3555 2364 3612 Placidia
2389 3558 2740 3629 Augusta,et
2767 3557 2955 3615 Leone
2983 3561 3222 3630 totoque
3241 3563 3450 3618 senatu
3469 3561 3712 3634 ingenti

304 3652 431 3706 hist.
463 3651 622 3722 Angl.
673 3681 723 3691 υ-
753 3649 923 3722 Apud
952 3647 1248 3720 Ephesum
1287 3648 1518 3718 Septem
1550 3646 1939 3714 Dormiontes,
2052 3661 2266 3719 pompa
2295 3644 2582 3702 deductus
2612 3644 2672 3700 in
2702 3645 2998 3703 Mausoleo
3027 3649 3182 3720 apud
3206 3648 3514 3706 S.Petrum
3539 3667 3715 3724 sepe-

305 3739 404 3814 qui
435 3739 544 3795 sub
575 3737 743 3795 Decio
773 3737 958 3794 multa
985 3753 1088 3809 pro
1117 3735 1340 3792 Christo
1374 3738 1664 3790 tormenta
1694 3733 1853 3807 passi
1881 3733 1942 3790 in
2050 3733 2466 3806 litur;prequo
2479 3732 2800 3792 Martianus
2833 3734 3414 3810 Orientisimperium
3428 3737 3714 3812 adeptus,

1351 3859 1826 3916 COMPENDIUM
1865 3858 1958 3914 EX
1997 3858 2248 3918 CODICE
2289 3857 2670 3915 BERNOLDI.

377 3965 468 4021 44l
508 3963 830 4020 Theodosius
859 3962 990 4034 imp.
1041 3962 1230 4016 contra
1292 3957 1578 4014 Wandalos
1629 3973 1730 4029 per
1786 3956 1944 4014 duces
2123 3957 2228 4012 446
2255 3955 2412 4027 Apud
2462 3957 2728 4028 Ephesum
2771 3957 2986 4030 Septem
3027 3959 3390 4029 Dormientes,
3439 3963 3580 4032 etc.,
3647 3966 3723 4019 ut

304 4070 428 4112 suos
457 4054 660 4110 bellum
689 4057 881 4108 movet.
2054 4050 2207 4118 Aug.

375 4144 482 4199 443
509 4143 807 4198 Sanctus...
839 4139 1113 4194 successit.
1147 4137 1246 4193 Leo
1269 4152 1418 4208 papa
1464 4135 1664 4191 multos
1705 4136 1764 4190 in
1811 4135 1945 4192 urbe
2125 4135 2230 4190 447
2265 4132 2600 4204 Eutyches...
2652 4132 2934 4192 Theodosio
2978 4135 3204 4193 laniare
3248 4137 3440 4208 Aug...
3503 4138 3720 4211 legatos

307 4231 642 4290 Manichaee:
665 4229 988 4302 publicavit,
1029 4235 1080 4284 et
1108 4227 1276 4283 libros
1297 4241 1485 4282 eorum
1513 4223 1775 4280 incendit.
1798 4224 1945 4280 Idem
2053 4224 2230 4289 misit,
2261 4225 2328 4278 ut
2357 4223 2505 4294 Aug.
3321 4221 3334 4232 '

308 4321 587 4378 constituit
629 4325 693 4375 ut
739 4318 1002 4374 monacha
1048 4316 1294 4372 velamen
1339 4315 1540 4386 capitis
1582 4313 1656 4369 ab
1698 4313 1943 4385 episcopo
2125 4311 2231 4366 448
2263 4309 2804 4384 Thcodosiusimp...,
2822 4327 2924 4384 pro
2949 4327 3007 4368 se
3035 4313 3205 4370 misit.

317 4409 656 4466 benedictum
682 4408 996 4464 nullatenus
1015 4408 1305 4478 acciperet,
1331 4405 1446 4459 nisi
1465 4404 1626 4474 prius
1654 4402 1944 4472 virginitas
2126 4399 2230 4454 449
2259 4400 2461 4457 Iterum
2500 4399 2758 4457 catholici
2791 4401 2861 4457 ab
2915 4403 3237 4474 imperatore
3289 4403 3581 4462 Theodosio
3637 4407 3717 4464 ad

309 4500 464 4556 illius
485 4502 714 4570 probata
735 4499 892 4568 foret.
928 4495 1075 4554 Unde
1105 4497 1157 4550 et
1200 4493 1537 4562 Augustinus
1583 4491 1798 4559 asserit,
1848 4505 1948 4546 nec
2053 4487 2395 4544 audientiam
2423 4489 2618 4544 vocati.

309 4590 467 4645 illam
496 4589 640 4643 inter
665 4587 906 4656 virgines
935 4581 1360 4640 consecrandam
1389 4582 1528 4651 fore,
1559 4579 1611 4634 si
1640 4593 1750 4650 qua
1811 4580 1948 4634 esset
2125 4577 2356 4650 450:,Leo
2379 4592 2593 4649 papa...
2623 4579 2855 4634 curavit.
2889 4579 3205 4637 Theodosius
3243 4581 3550 4652 imperator
3589 4600 3723 4642 mo.

308 4681 365 4734 et
391 4681 516 4732 ante
546 4677 871 4748 baptismum
897 4679 1168 4744 corrupta.
1206 4672 1408 4725 Anast.
2056 4667 2217 4734 ritur,
2245 4679 2348 4738 pro
2377 4681 2481 4737 quo
2505 4665 2811 4722 Hartianus
2837 4665 3077 4724 Orientis
3121 4669 3423 4740 imperium
3476 4671 3724 4744 adeptus

380 4766 484 4821 444
514 4765 677 4820 Attila
711 4779 810 4820 rex
855 4765 1179 4818 Hunnorum
1233 4757 1456 4813 Bledam
1504 4757 1739 4826 fratrem
1785 4771 1950 4811 suum
1980 4822 2016 4833 _
2057 4763 2108 4811 et
2130 4758 2332 4826 septem
2361 4755 2524 4810 annis
2551 4756 3177 4828 regnans,Eutych’etem
3204 4773 3334 4813 cum
3363 4760 3482 4814 suis
3503 4777 3723 4833 sequa-

309 4855 568 4926 regnique
593 4855 892 4910 consortem
920 4849 1217 4907 interemit.
1241 4847 1318 4902 De
1346 4822 1514 4918 hujus
1537 4845 1676 4900 anni
1704 4845 1938 4912 Pascha,
1975 4822 2024 4888 Β
2055 4822 2208 4899 cibus
2235 4841 2484 4898 damnat.
2512 4822 2768 4898 Placidia
2795 4822 3034 4916 Augusta
3061 4845 3216 4902 obiit.
3261 4848 3505 4903 Romani
3565 4822 3726 4907 datio

312 4947 448 5014 etc.,
481 4946 546 4999 ut
573 4948 722 5016 Aug.
2056 4931 2188 4989 duce
2219 4931 2402 4988 Gothis
2452 4931 2882 4990 auxiliatoribus
2929 4934 3158 4990 Attilam
3218 4935 3472 4992 vicerunt
3529 4953 3728 5010 regem

383 5033 486 5088 445
513 5033 606 5088 His
633 5029 961 5104 temporibus
988 5029 1088 5084 Leo
1115 5041 1260 5098 papa
1288 5026 1432 5082 inter
1459 5023 1574 5079 alia
1597 5021 1733 5078 bona
1760 5022 1949 5078 basili-
2057 5023 2402 5078 Hunnorum.

311 5139 401 5178 cas
436 5123 533 5180 SS.
564 5122 713 5178 Petri
740 5124 793 5176 et
823 5117 991 5174 Pauli
1017 5115 1318 5172 renovavit.

1895 5206 2128 5264 NOTIE.

385 5316 531 5391 (401)
562 5316 764 5372 Exstat
789 5312 912 5391 haec
958 5309 1212 5391 epistola.
1239 5307 1391 5391 integ-
1436 5306 1568 5391 i_llas
1619 5307 1704 5391 S..
1739 5305 1947 5391 Lnepais
2056 5304 2332 5391 landgnad'
2351 5301 2506 5391 diem
2803 5307 2850 5391 τε
2879 5301 2979 5388 :VI.
3065 5389 3070 5391 Α
3241 5379 3278 5391 ν.
3475 5378 3547 5391 m

316 5374 1032 5460 scriptaannoprioredc
1053 5380 1331 5438 Paschate
1361 5379 1540 5451 hujus
1571 5377 1708 5435 anni
1729 5379 1834 5437 444
1855 5377 1950 5434 die
2088 5445 2102 5459 .
2128 5376 2277 5460 (10s)
2309 5374 2459 5460 idat.
2492 5392 2546 5432 a.
2579 5376 2685 5432 448
2717 5375 3088 5434 Rechiarium
3118 5375 3448 5446 vocat,aliis
3475 5378 3728 5442 Richla.

314 5445 1050 5535 23Ᾰριτίὶίροθ¹ἒῢιζαοάοκ
1119 5524 1164 5535 ._
1296 5523 1312 5535 .
1385 5445 1460 5535 ,..'
1520 5521 1532 5533 .
1736 5524 1747 5535 .
1885 5534 1914 5535 η
2057 5445 2472 5535 τίιέἓηίὶέθέιξξῖς,
2813 5533 2824 5535 ,
3101 5517 3114 5532 .
3176 5518 3192 5535 .
3256 5445 3297 5535 ,ί
3376 5519 3477 5535 ....
3583 5523 3638 5535 ..

377 5516 535 5654 (31023
563 5527 693 5582 Haec
723 5543 790 5582 ex
820 5525 1090 5597 Gregorio
1119 5524 1256 5578 Tur.
1281 5523 1351 5578 de
1381 5521 1574 5605 Gloria
1605 5524 1948 5645 martglrum,
2129 5517 2277 5602 (loli)
2307 5516 2476 5600 ldatii
2506 5516 2774 5591 quaedam
2803 5517 3156 5603 exemplaria
3176 5518 3397 5604 habent
3415 5519 3731 5612 Theodori:

316 5623 344 5651 α
417 5605 468 5664 5,
541 5601 810 5664 esumpta
837 5597 1055 5652 habent
1089 5611 1320 5664 quoque
1348 5595 1528 5649 ϐρίθει
1553 5611 1566 5661 ;
1590 5593 1765 5664 Νιοθρ
1813 5605 1952 5645 crus
2057 5587 2370 5664 reg_is,_al_1a
2393 5587 2684 5664 Theodoro,
2715 5605 2859 5663 regis
2890 5589 3184 5664 Cottiarum
3206 5591 3360 5664 ﬁlia;
3393 5591 3498 5649 sed
3517 5609 3731 5656 verior

541 5601 810 5670 csumpta
831 5587 1055 5671 habent
1089 5611 1320 5671 quoque
1348 5593 1528 5649 ρι’ωοὶ
1553 5611 1566 5661 ;
1590 5587 1952 5671 Nicephorus
2057 5587 2370 5671 reg_is,.al‘ia
2393 5587 2684 5671 Theo—dera,
2715 5591 2859 5663 regis
2890 5587 3184 5671 Galliarum
3206 5591 3360 5664 ﬁlia;
3393 5591 3501 5671 sed
3515 5597 3733 5671 verior

315 5658 464 5726 hist.
489 5667 529 5723 l.
562 5685 676 5735 xw,
709 5658 758 5723 ὅ.
793 5669 897 5736 45;
929 5658 1242 5724 Βρόνθήιιέ
1269 5666 1328 5720 in
1379 5658 1767 5736 compendio,
1798 5676 1949 5717 anno
2059 5658 2279 5736 codicis
2308 5658 2500 5736 Lectio,
2531 5670 2600 5736 ut
2625 5658 2822 5717 tamen
2854 5677 2959 5734 pro
2974 5658 3292 5736 Theodoro
3324 5658 3732 5736 substituen-

311 5757 454 5797 xxm
485 5729 792 5812 Theodosii
818 5757 831 5806 ;
864 5729 988 5812 qua:
1011 5744 1204 5795 tamen
1225 5753 1358 5812 vero
1381 5729 1634 5812 similius
1653 5731 1948 5812 dcuinven;
2061 5731 2172 5812 dus
2203 5729 2280 5788 sit
2309 5729 2722 5812 Theodericus,
2754 5729 3020 5806 quamvis
3047 5739 3106 5791 et
3133 5734 3228 5790 hic
3250 5735 3506 5792 subinde
3519 5738 3730 5800 Theo-

315 5812 474 5874 tione
499 5808 736 5870 illorum
769 5799 1076 5884 corporum
1107 5813 1246 5868 sunt
1275 5806 1670 5879 intelligenda.
1693 5803 1953 5860 Vid.Bol-
2057 5801 2234 5860 dorus
2267 5799 2608 5874 appelletur.
