3940 6336
168 437 277 499 101

1402 434 1876 498 CHRONICON.
1910 469 1988 481 -—
2018 437 2207 499 S/EC.
2255 439 2323 498 V.

3444 445 3554 503 102

1535 567 1766 624 CODEX
1802 568 2199 624 AUGIENSIS.

239 658 344 714 473
373 657 882 731 Constantinopoli
913 657 1023 713 Leo
1054 656 1246 714 senior
1276 655 1594 728 imperator
1622 656 1803 722 obiit;
1837 660 1889 723 Α

164 750 300 820 post
339 763 513 818 quem
545 747 655 802 Leo
679 746 881 818 junior
914 746 1012 802 54
1044 746 1244 817 paucis
1286 762 1537 816 regnans
1587 745 1809 799 mensi-

2024 659 2092 710 83
2123 659 2271 713 Zeno
2296 661 2596 729 Augustus
2620 657 3046 713 Theodericum
3070 658 3248 729 hujus
3271 676 3404 714 anni
3429 678 3561 717 eon-

1923 744 2106 799 sulem
2144 746 2313 816 (121),
2347 752 2405 799 et
2436 746 2784 816 magistrum
2820 747 3075 801 militum
3137 748 3289 802 fecit.
3327 749 3475 803 Cass.
3508 768 3559 804 a.

166 835 302 902 bus,
336 840 394 890 et
424 834 551 907 ipse
579 835 870 902 decessit;
902 840 959 889 et
991 837 1125 906 post
1152 833 1308 888 hunc
1325 834 1475 889 Zeno
1498 833 1813 904 imperator
1919 850 2030 904 seq.
2066 864 2130 873 —
2156 834 2348 887 Romae
2382 832 2537 888 Felix
2578 833 2651 887 llI
2684 852 2834 906 papa
2886 836 2927 889 L
2957 835 3108 889 sedit
3139 835 3309 890 annis
3339 837 3455 892 fere
3486 854 3562 904 ix,

163 923 360 979 factus
390 922 654 995 regnavit
683 922 851 978 annis
878 939 1015 978 xvn.
1068 920 1262 977 Rome
1294 937 1526 993 quoque
1553 920 1812 992 Glycerio

165 1012 362 1083 Nepos
392 1012 451 1065 in
482 1010 728 1083 imperio
760 1010 1061 1066 successit.
1093 1009 1329 1065 Marcell.
1363 1026 1416 1063 a.
1455 1024 1564 1080 seq.

238 1100 345 1154 474
376 1099 571 1154 Romae
605 1099 838 1154 Orestes
868 1098 1171 1170 patricius,
1204 1098 1420 1168 Nepote
1468 1096 1816 1167 imperatore

164 1188 227 1243 in
254 1186 579 1243 Dalmatias
608 1187 827 1259 fugato,
861 1186 1049 1241 ﬁlium
1072 1203 1247 1242 suum
1276 1184 1669 1257 Augustulum
1701 1184 1816 1239 im-

166 1280 501 1349 peratorem
533 1275 857 1332 constituit.
895 1275 1047 1331 Cass.
1080 1292 1134 1329 a.
1164 1289 1276 1344 seq.
1309 1275 1458 1329 Jorn.

242 1366 351 1419 475
379 1364 638 1419 Odoacer
665 1380 763 1418 rex
791 1362 1258 1434 Torcilingorum
1281 1367 1337 1417 et
1359 1362 1658 1432 Rugorum
1681 1376 1815 1415 cum

165 1451 378 1509 multis
408 1452 801 1507 Barbarorum
833 1450 1066 1506 auxiliis
1088 1466 1330 1521 pervasa
1360 1448 1544 1518 Italia,
1572 1449 1815 1503 Romam

165 1539 431 1597 obtinuit
452 1556 604 1595 anno
627 1556 660 1595 ι
689 1538 1019 1595 conditione
1041 1539 1169 1609 ejus
1190 1537 1500 1593 MCCXXX.
1532 1536 1814 1604 Orestem,

166 1633 227 1684 et
246 1627 499 1684 Paulum
523 1628 731 1684 fratres
753 1625 1027 1699 patricios
1045 1626 1277 1695 occidit,
1294 1624 1689 1696 Augustulum
1714 1625 1817 1678 im-

165 1721 502 1789 peratorem
533 1714 734 1771 exsilio
766 1716 1086 1780 damnavit,
1117 1720 1172 1768 et
1201 1730 1305 1785 pro
1336 1730 1401 1768 eo
1427 1713 1581 1783 regis
1605 1728 1815 1766 nomen

165 1805 451 1877 arripuit;
476 1820 610 1860 cum
634 1808 828 1859 tamen
852 1820 955 1857 nec
973 1818 1251 1874 purpura,
1269 1818 1374 1856 nec
1397 1800 1558 1871 regni
1581 1798 1818 1870 insigni-

167 1896 285 1950 bus
334 1897 619 1949 uteretur.
656 1892 803 1947 Cass.
833 1895 883 1947 et
910 1890 1019 1946 alii
1041 1908 1094 1945 a.
1125 1906 1232 1960 seq.

1922 922 2021 992 qui
2044 922 2345 976 basilicam
2370 922 2520 975 beati
2538 922 2938 993 Agapitijuxta
2955 925 3011 977 S.
3032 924 3411 979 Laurentium
3435 941 3567 980 con-

1923 1011 2154 1065 struxit.
2181 1012 2363 1064 Anast.
2385 1041 2453 1049 —
2473 1009 2674 1081 Cyrola
2714 1012 2962 1066 Arianus
2993 1012 3305 1082 episcopus
3330 1012 3390 1066 in
3412 1013 3563 1067 Afri-

1924 1115 2009 1164 ca,
2043 1099 2324 1153 adversus
2358 1098 2678 1168 Eugenium
2710 1098 3225 1169 Carthaginensem
3276 1101 3565 1171 archiepi-

1924 1203 2165 1257 sc0pum
2201 1186 2461 1257 aliosque
2491 1186 2806 1241 catholicos
2864 1186 3161 1241 miraculis
3209 1187 3396 1244 claros
3443 1188 3567 1244 zelo

1924 1274 2478 1344 ductus,quemdam
2511 1290 2539 1326 e
2566 1273 2688 1327 suis
2712 1273 2953 1343 pecunia
2976 1280 3312 1345 corruptum
3347 1277 3571 1331 caecita-

1922 1368 2039 1416 tem
2074 1360 2351 1415 simulare
2374 1361 2643 1430 jussit,ut
2674 1378 2807 1415 eum
2838 1379 3029 1416 coram
3055 1380 3184 1434 rege
3210 1381 3269 1419 se
3290 1363 3565 1420 invocan-

1927 1456 2063 1516 tem,
2098 1450 2264 1519 quasi
2322 1466 2423 1519 per
2457 1449 2629 1503 ﬁdem
2661 1466 2827 1504 suam
2864 1449 3259 1517 illuminaret;
3308 1453 3398 1506 cui
3431 1470 3563 1507 cum

1925 1555 2119 1593 coram
2151 1537 2426 1592 omnibus
2449 1554 2659 1592 manus
2692 1537 3083 1608 imposuisset,
3115 1556 3244 1594 vera
3275 1556 3406 1594 mox
3429 1541 3568 1595 divi-

1925 1626 2080 1680 nitus
2104 1626 2356 1680 caecitate
2379 1642 2716 1696 percussus,
2746 1625 2943 1680 dolum
2963 1628 3212 1697 aperuit,
3236 1630 3573 1683 conversus-

1925 1731 2037 1784 que
2058 1731 2089 1768 a
2111 1713 2330 1768 sanctis
2349 1714 2639 1785 episcopis
2664 1715 2940 1783 Eugenio,
2968 1715 3329 1771 Vindemiale
3349 1722 3404 1772 et
3423 1719 3569 1772 Lon-
3676 1740 3679 1743 ν

1926 1803 2102 1873 guino
2137 1804 2256 1871 [al.,
2291 1802 2570 1872 Longino]
2604 1819 2838 1857 rursum
2875 1803 3189 1859 illuminari
3223 1805 3567 1875 promeruit.

1924 1891 2007 1945 Ab
2032 1890 2139 1944 hoc
2161 1889 2362 1961 Cyrela
2383 1890 2745 1943 Hunnericus
2764 1907 2861 1944 rex
2882 1891 3217 1962 iustigatus,
3244 1892 3565 1948 catholicos

240 1982 350 2036 476
381 1981 641 2036 Odoacer
654 1995 929 2051 possessa
946 1978 1129 2034 Roma
1150 1977 1466 2034 maximam
1491 1975 1663 2032 Italiae
1685 1991 1818 2047 par—
1848 2011 1895 2075 Β
1927 1980 2317 2050 persequitur,
2352 1985 2407 2032 et
2440 1977 2705 2049 plurimis
2738 1980 3011 2051 martyrio
3035 1980 3345 2047 coronatis,
3371 1981 3567 2051 ipsum

163 2073 292 2126 tem
324 2067 440 2125 sibi
471 2069 602 2139 subj
613 2067 825 2139 ugavit.

240 2158 351 2212 477
382 2156 712 2213 Geisericus
743 2172 842 2211 rex
872 2154 1312 2223 Wandalorum,
1343 2158 1475 2225 post
1522 2170 1715 2207 xxxvu
1764 2156 1822 2205 et

164 2244 350 2320 paulo
363 2244 498 2317 plus
513 2242 1094 2314 invasaaCarthaginis
1107 2242 1551 2309 annos,tandem
1568 2240 1820 2296 moriens

164 2333 471 2407 tyrannidi
501 2350 620 2389 sua
652 2332 828 2387 ﬁnem
858 2331 1012 2387 fecit.
1046 2331 1182 2385 Post
1225 2347 1399 2401 quem
1452 2346 1564 2384 non
1616 2328 1822 2383 melior

164 2422 332 2478 ﬁlius
356 2421 724 2477 Hunnericus
753 2419 1011 2491 regnavit
1052 2418 1224 2475 annis
1257 2418 1373 2473 fere
1424 2435 1546 2473 vm.
1592 2419 1816 2488 Procop.

171 2512 308 2568 Vict.
342 2525 397 2565 a.
422 2524 595 2580 praec.

240 2600 352 2653 478
383 2597 571 2668 Hujus
601 2600 861 2668 tempore
906 2594 1151 2651 Zenonis
1198 2593 1565 2665 imperatoris
1607 2610 1819 2664 corpus

164 2687 457 2743 Barnaba:
490 2684 758 2757 apostoli,
792 2689 849 2741 et
878 2682 1251 2756 Evangelium
1286 2681 1539 2737 Matthai
1572 2699 1817 2754 evange-

159 2775 343 2841 listas,
375 2772 525 2847 stylo
558 2773 743 2845 ipsius
772 2772 1079 2845 scriptum,
1110 2772 1238 2843 ipso
1267 2769 1553 2826 revelante
1588 2771 1820 2826 inventa

165 2868 318 2920 sunt
347 2862 521 2933 (118).

240 2950 350 3007 479
371 2951 474 3006 His
498 2949 859 3021 temporibus
882 2949 1028 3021 (119)
1053 2946 1389 3020 Simplicius
1410 2964 1562 3019 papa
1583 2948 1815 3003 Petrum

158 3037 636 3097 Alexandrinum
658 3037 995 3109 episcopum
1017 3035 1352 3092 haereticum
1371 3035 1815 3108 Eutychianum,

156 3130 238 3185 ab
269 3126 475 3183 Acatio
506 3123 1145 3197 Constantinopolitano
1184 3129 1523 3180 accusatum
1555 3124 1814 3179 damnat.

378 3302 497 3359 Hoc
528 3306 787 3375 tempore
818 3305 1047 3357 mortuo
1069 3300 1390 3357 Childerico
1417 3317 1550 3372 rege
1571 3302 1813 3357 Franco-

1930 2068 2251 2138 Eugenium
2284 2084 2415 2121 cum
2451 2083 2685 2120 cccxxxv
2724 2067 3010 2139 episcopis
3042 2068 3241 2123 exsilio
3274 2069 3568 2139 relegavit,

1927 2165 1983 2210 et
2032 2155 2344 2210 catholicas
2392 2154 2663 2210 ecclesias
2719 2154 2949 2210 clausit.
2997 2156 3153 2224 Greg.
3197 2158 3321 2212 Tur.
3369 2173 3423 2211 a.
3456 2173 3565 2227 seq.

1931 2245 2124 2298 Marcet
2131 2246 2148 2297 l
2156 2286 2167 2297 .

1997 2333 2100 2386 484
2131 2331 2516 2401 Hunnericus,
2542 2348 2638 2385 rex
2663 2331 3103 2399 Wandalorum,
3130 2334 3411 2389 divinitus
3444 2351 3571 2405 per-

1928 2437 2159 2487 cussus,
2193 2426 2423 2474 scatens
2463 2420 2756 2473 vermibus
2815 2420 3141 2491 exspiravit.
3204 2421 3340 2476 Post
3398 2438 3571 2492 quem

1928 2508 2123 2563 fratris
2154 2508 2283 2578 ejus
2309 2506 2466 2562 illius
2489 2507 2957 2561 Gundamundus
2984 2508 3244 2578 regnavit
3265 2510 3433 2564 annis
3461 2512 3574 2565 fere

1926 2613 2026 2659 x11,
2060 2596 2160 2665 qui
2200 2612 2312 2649 non
2346 2595 2528 2649 mullo
2589 2599 2719 2665 post
2749 2595 3071 2666 Eugenium
3104 2597 3447 2668 episcopum
3484 2614 3572 2653 re-

1924 2684 2165 2739 vocavit.
2198 2685 2348 2738 Jorn.
2378 2714 2444 2721 —
2469 2682 2794 2736 Ludovicus
2826 2699 2922 2736 rex
2946 2683 3294 2738 Francorum
3323 2686 3570 2753 juvante

1928 2770 2293 2842 Raganhario
2344 2771 2465 2839 [al.,
2516 2768 2938 2840 Ragnachario)
2996 2778 3242 2841 cognato
3275 2788 3401 2837 suo,
3436 2772 3571 2826 Sia-

1926 2860 2122 2930 grium
2149 2876 2342 2928 regem
2375 2857 2571 2911 Galliae
2601 2857 2810 2927 {Egidii
2844 2856 3028 2911 filium
3061 2858 3212 2913 bello
3242 2857 3463 2914 victum
3498 2861 3569 2915 ad

1926 2946 2221 3000 Alaricum
2255 2962 2445 3015 regem
2470 2945 2788 3001 Gothorum
2813 2946 3009 3016 fugere
3031 2946 3313 3017 compulit
3346 2948 3575 3019 sibique

1926 3034 2219 3088 redditum
2231 3033 2461 3100 occidit,
2477 3037 2532 3087 et
2548 3038 2731 3088 totum
2745 3049 2989 3104 regnum
3004 3033 3160 3090 illius
3175 3052 3241 3091 ac
3256 3034 3564 3093 thesauros

1924 3121 2037 3176 sibi
2060 3121 2326 3192 subjecit.
2363 3121 2519 3192 Grcg.
2558 3122 2683 3176 Tur.
2716 3138 2768 3176 α.
2805 3122 2929 3176 486.

1995 3211 2100 3263 485
2128 3210 2245 3265 Hoc
2275 3214 2533 3281 tempore
2589 3211 2819 3265 Acatius
2868 3211 3565 3283 Constantinopolitanus,

1925 3296 2127 3352 haeresi
2154 3298 2371 3365 favens,
2403 3298 2636 3353 Petrum
2686 3298 2785 3354 56
2810 3297 3266 3355 Alexandrinum
3298 3306 3560 3356 revocat:
3602 3342 3605 3345 -

159 3409 327 3460 rum,
362 3366 693 3447 Ludovicus
726 3389 882 3446 filius
913 3391 1060 3460 ejus,
1114 3405 1288 3460 quem
1333 3366 1677 3444 Clodciveum
1728 3387 1812 3442 di-
1845 3366 1888 3433 Ο
1927 3402 2041 3457 quo
2090 3386 2285 3440 audito
2333 3386 2487 3441 Felix
2517 3403 2667 3458 papa
2694 3392 3012 3457 utrumque
3042 3404 3174 3442 cum
3218 3389 3567 3460 sequacibus

156 3485 333 3547 cunt,
368 3479 634 3551 regnavit
662 3479 832 3535 annis
862 3494 993 3533 xxx.
1041 3476 1191 3548 Greg.
1241 3478 1364 3531 Tur.
1412 3477 1509 3532 55
1560 3494 1653 3531 an.
1702 3492 1811 3547 seq.

156 3602 233 3611 --
266 3570 405 3642 Ipso
438 3582 591 3623 anno
622 3566 878 3622 Odoacer
905 3566 1095 3620 Roma:
1143 3580 1393 3635 regnans
1424 3564 1483 3618 in
1532 3563 1817 3620 Dalmatia

158 3657 416 3715 Odivam
436 3670 633 3727 regem
659 3653 793 3709 vicit
821 3660 876 3709 et
907 3654 1169 3724 peremit.
1207 3651 1444 3707 Cassiod.
1485 3653 1634 3707 Jorn.

237 3747 351 3801 482
404 3743 802 3799 Theodoricus
876 3742 1226 3797 Theodmari
1283 3740 1440 3796 filius
1516 3741 1659 3811 (120)
1723 3756 1818 3795 rex

161 3831 687 3906 Ostrogotborum,
715 3830 773 3885 id
804 3834 913 3895 est,
947 3830 1047 3901 qui
1078 3829 1217 3884 olim
1262 3828 1318 3884 in
1374 3827 1535 3883 italia
1583 3844 1815 3884 reman-

158 3926 394 3989 serant,
426 3918 771 3987 Gothorum,
825 3916 1039 3972 Zenoni
1068 3918 1329 3987 Augusto
1379 3914 1683 3971 familiaris
1735 3914 1817 3970 ef-

159 4012 383 4079 fectus,
417 4022 556 4064 cum
606 4006 732 4063 suis
772 4004 825 4062 ei
884 4004 1089 4061 Gothis
1121 4003 1408 4060 militavit.
1467 4004 1702 4059 Marcell.
1760 4020 1813 4058 a.

157 4114 279 4171 seq.

1924 3474 2135 3529 erroris
2164 3475 2516 3529 condemnat
2545 3475 2713 3546 (122).
2746 3475 2939 3529 Felicis
2968 3479 3120 3546 epist.
3152 3479 3206 3531 5.

1993 3563 2098 3617 486
2128 3562 2384 3617 Odoacer
2414 3563 2643 3617 Fcebam
2698 3564 2821 3633 [al.,
2857 3564 3132 3619 Pboebam
3191 3582 3283 3620 seu
3336 3566 3568 3638 Fevam]

1925 3650 2025 3722 qui
2077 3654 2132 3704 et
2181 3650 2487 3706 Feletheus
2536 3652 2707 3723 (123),
2763 3669 2960 3723 regem
3015 3653 3315 3724 Rugorum
3349 3654 3484 3709 vicit
3513 3659 3573 3710 et

1925 3738 2329 3809 apprehendit.
2366 3739 2611 3794 Cassiod.
2657 3757 2709 3794 a.
2746 3755 2855 3809 seq.

1996 3826 2101 3880 487
2129 3826 2637 3882 Gundamnundus
2670 3844 2766 3883 rex
2784 3827 3207 3887 Wandalorum
3231 3828 3567 3900 Carthagini

1926 3914 2229 3969 ecclesiam
2264 3915 2449 3969 sancti
2477 3915 2659 3987 Agilei
2691 3915 2993 3970 catholicis
3026 3916 3294 3984 reddidit,
3327 3923 3559 3990 petente

1926 4007 2128 4057 sancto
2159 4003 2417 4074 Eugenio
2448 4002 2739 4075 epiSCOpo.
2774 4005 2964 4075 Prosp.
2997 4005 3228 4075 append.

1207 4170 1677 4227 COMPENDIUM
1716 4168 1808 4225 EX
1846 4167 2095 4224 CODICE
2132 4167 2506 4225 BERNOLDI.

232 4263 346 4319 473
377 4263 482 4317 Leo
538 4262 723 4316 senior
778 4262 1073 4331 imperator
1124 4260 1284 4327 obiit,
1336 4263 1461 4330 post
1515 4274 1672 4329 quem
1717 4258 1819 4312 Leo
1848 4259 1894 4323 D
1995 4256 2098 4309 478
2124 4256 2448 4327 Simplicius
2496 4273 2637 4328 papa
2691 4262 2963 4314 Petrum.
3037 4259 3286 4328 damnat,
3318 4265 3382 4316 ut
3410 4266 3561 4334 Aug.

139 4353 355 4424 junior
378 4349 578 4422 paucis
608 4348 885 4403 mensibus
913 4364 1150 4417 regnans
1180 4349 1229 4402 et
1266 4348 1383 4417 ipse
1409 4349 1659 4402 moritur.
1693 4347 1818 4401 Post

148 4440 310 4495 hunc
338 4438 486 4493 Zeno
515 4438 651 4509 imp.
684 4438 933 4506 regnavit
963 4436 1127 4491 annis
1153 4451 1288 4504 xvii.
1342 4435 1525 4491 Romae
1571 4433 1814 4505 Glycerio

146 4527 428 4583 successit
457 4525 629 4596 Nepos
656 4524 718 4579 in
748 4526 996 4596 imperio.
1799 4596 1803 4601 η

232 4615 342 4670 474
375 4614 590 4670 Orestes
614 4614 885 4683 patricius
913 4613 1166 4683 Nepotem
1191 4613 1574 4682 imperatorem
1602 4611 1815 4682 fugavit

143 4705 389 4776 ﬁlioque
416 4718 520 4758 suo
548 4701 851 4772 Augustulo
879 4701 1171 4772 imperium
1198 4698 1362 4755 dedit.

231 4793 341 4847 475
372 4788 620 4846 Odoacer
645 4805 747 4845 rex
791 4789 1229 4857 Torcilingorum
1274 4791 1324 4842 et
1373 4791 1648 4857 Rugorum
1687 4803 1814 4858 pcr-

142 4896 291 4935 vasa
312 4878 554 4934 Italia...
585 4881 636 4932 et
664 4878 903 4933 Paulum
928 4878 1192 4949 patricios
1221 4875 1434 4943 occidit,
1452 4876 1815 4945 Augustulum

144 4970 297 5039 imp.
330 4967 542 5023 exsilio
566 4964 870 5020 damnavit.

229 5057 339 5110 476
381 5053 626 5111 Odoacer
654 5054 832 5109 Roma
862 5053 1035 5109 invito
1071 5052 1285 5108 Zenone
1309 5056 1518 5123 regnat.

227 5145 337 5199 477
371 5143 630 5214 Tempore
657 5142 953 5198 Zenonis...
986 5142 1101 5213 ipso
1132 5140 1405 5197 revelante
1432 5144 1647 5213 reperta
1664 5144 1816 5211 sunt,

134 5235 220 5288 ut
245 5233 401 5305 Aug.
441 5246 539 5287 an.
574 5246 699 5303 seq.

225 5400 385 5471 (118)
414 5396 539 5471 Hac
566 5397 639 5454 de
669 5413 731 5453 re
761 5397 882 5471 agit
906 5396 1190 5455 Baronius
1222 5395 1293 5454 ad
1320 5413 1414 5454 an.
1447 5397 1573 5467 485,
1608 5395 1810 5454 Cedro-

130 5469 269 5529 nu's
296 5486 437 5527 vero
473 5469 545 5525 ad
579 5485 674 5525 an.
700 5469 825 5525 477'.

220 5542 379 5613 (119)
413 5539 634 5613 Pagius
665 5557 798 5596 cum
830 5537 1114 5597 Bernoldo
1143 5534 1251 5594 hoc
1281 5539 1454 5595 refert
1483 5539 1554 5595 ad
1585 5554 1805 5595 annum

126 5616 607 5687 praecedente!!!-

220 5684 389 5757 (129)
410 5685 508 5757 Εις
540 5681 841 5757 Jornande
872 5679 1153 5757 etPaulo
1203 5679 1364 5741 Diac.
1411 5679 1804 5742 Theodoricus

120 5750 270 5827 inte
294 5750 512 5820 Triarii
545 5751 763 5819 nobilis
790 5750 961 5820 Gothi
992 5750 1170 5820 ﬁlius.

1911 5750 2171 5812 Severini
2219 5750 2561 5817 Noricorum
2612 5750 2854 5829 apostoli
2905 5750 3020 5827 apii

1925 4359 1977 4398 a.
2013 4360 2134 4415 seq.

1996 4433 2099 4487 480
2128 4434 2396 4489 Hilderico
2453 4450 2575 4505 rege
2605 4437 2938 4489 Francorum
2984 4441 3262 4492 mortuo...
3310 4440 3567 4505 regnavit

1921 4538 2030 4576 xxx
2055 4524 2235 4576 annis.

1993 4612 2098 4664 482
2126 4610 2538 4667 Theodoricus...
2570 4611 2877 4681 familiaris
2923 4613 3181 4683 efﬁcitur,
3214 4622 3265 4669 et
3294 4630 3417 4668 cum
3444 4617 3563 4670 suis

1921 4700 1974 4753 ei
2005 4698 2186 4754 Gothis
2242 4700 2526 4755 militavit.
2582 4702 2719 4755 Zeno
2776 4702 3043 4772 Aug-ustus
3102 4702 3552 4759 Theodericum...

1919 4788 2067 4857 fecit,
2092 4792 2156 4841 ut
2183 4789 2329 4859 Aug.
2363 4805 2413 4843 a.
2450 4804 2572 4859 seq.

1995 4876 2095 4929 483
2130 4877 2311 4932 Romae
2367 4877 2521 4930 Belia:
2559 4880 2777 4942 tertius,
2804 4895 2944 4949 papa
2996 4880 3057 4947 L,
3088 4896 3145 4933 se
3166 4879 3225 4934 ’it
3255 4881 3418 4934 annis
3447 4881 3562 4950 fere

1920 4979 2109 5018 novem
2138 4973 2189 5019 et
2209 4981 2479 5019 canonum
2500 4982 2653 5020 xxvn
2684 4968 2928 5036 capitula
2956 4970 3257 5023 constituit.

1990 5052 2097 5108 485
2125 5054 2231 5107 Hoc
2259 5060 2560 5125 tempore...
2618 5063 2846 5122 revocat,
2898 5071 3057 5126 quem
3097 5057 3370 5129 quondam
3399 5072 3565 5114 accu-

1920 5140 2075 5196 sabat
2094 5157 2114 5203 ;
2145 5157 2248 5212 quo
2280 5141 2487 5208 audito,
2514 5145 2648 5213 etc.,
2680 5146 2746 5197 ut
2773 5144 2920 5215 Aug.

1701 5271 1707 5277 ”
1765 5307 1996 5365 Nom.

1988 5397 2563 5471 (12l)Theodoricus
2622 5419 2759 5457 ann.
2810 5403 2909 5456 484
2972 5402 3176 5459 consul
3225 5402 3355 5471 fuit,
3406 5401 3559 5457 unde

1917 5468 2140 5551 hachad
2169 5486 2394 5551 annum
2428 5476 2763 5551 sequentem
2799 5478 3087 5551 spectant.

1989 5538 2407 5665 (ιηὲὶιξειοωω
2452 5538 2561 5597 hoc
2609 5548 2698 5600 est
2747 5544 2800 5597 in
2834 5538 3110 5600 'concilio
3144 5544 3395 5597 Romano
3451 5554 3557 5600 an.

1917 5611 2266 5755 €855?an
2291 5681 2400 5755 hoc
2430 5681 2694 5755 pluribus
2740 5683 2853 5755 agit
2890 5678 3290 5755 Engippiusin
3327 5676 3458 5755 Vita
3487 5679 3548 5755 ξ.

3111 5747 3388 5817 Bolland.,
3423 5750 3464 5804 t.
3500 5748 3545 5823 ι,
