3940 6416
407 421 522 482 103
1210 419 1622 481 HERMANNI
1669 417 2107 479 CONTRACTI
2155 413 2568 478 AUGIENSIS
2613 407 2989 478 MONACH].
3663 421 3756 482 104

1769 600 1998 658 CODEX
2034 598 2433 656 AUGIENSIS.

479 755 583 809 488
621 753 1018 810 Theodericus
1073 771 1170 809 rex
1217 753 1698 825 Ostrogothorum
1753 751 2041 824 permissu
2072 749 2128 816 Α
2161 750 2287 820 Ipse
2317 749 2604 806 dedicavit
2641 749 2947 807 ecclesiam
2997 751 3054 808 S.
3108 750 3445 832 Euphemia
3491 752 3762 812 Tiburtina

405 841 653 899 Zenonis
681 843 927 915 Augusti
959 841 1180 898 Italiam
1215 841 1398 914 petiit,
1430 840 1524 896 cui
1570 840 1724 914 apud
1753 840 2044 896 Isoncium
2157 839 2319 904 urbe,
2352 837 2614 912 aliasque
2643 837 2916 896 basilicas
2939 842 3276 896 sanctorum
3301 837 3596 924 Iﬂicandri,
3617 841 3758 898 Eleu-

405 930 665 986 Odoacer
695 947 1005 987 occurrens
1060 929 1211 986 bello
1243 929 1503 986 conﬂixit
1559 932 1616 984 et
1643 929 1830 984 victus
1872 927 2047 982 aufu-
2151 927 2343 995 therii,
2375 932 2432 984 et
2463 929 2522 985 S.
2557 929 2760 984 Andra:
2787 928 2880 984 via
2908 928 3212 986 Lavicana.
3245 929 3404 986 Fecit
3426 929 3595 987 etiam
3625 931 3758 987 basi-

405 1019 492 1091 git
519 1037 532 1086 ;
555 1023 610 1075 et
644 1020 866 1074 iterum
891 1019 1207 1075 recollectis
1235 1017 1457 1074 viribus
1486 1018 1725 1073 Veronae
1757 1016 1878 1072 acie
1908 1033 2042 1072 con-
2153 1016 2323 1072 licam
2355 1020 2568 1072 sancta:
2601 1016 2794 1072 Marias
2825 1017 2917 1072 via
2946 1015 3318 1074 Laurentina.
3349 1021 3540 1096 ﬁnast.

405 1122 662 1178 gressus,
695 1109 885 1163 denuo
931 1107 1116 1164 victus
1156 1111 1214 1163 et
1242 1107 1478 1179 fugatus
1509 1110 1616 1162 est.
1658 1108 1810 1162 Jorn.
1842 1123 1896 1160 a.
1929 1121 2040 1175 seq.
2223 1106 2324 1160 493
2355 1105 2457 1162 His
2487 1105 2851 1178 temporibus
2883 1104 2942 1161 in
2989 1105 3184 1162 Africa
3211 1105 3418 1164 beatus
3450 1103 3763 1180 Fulgentius

404 1195 628 1250 Marius.
2150 1194 2480 1266 episcopus,
2513 1194 2615 1266 qui
2645 1194 3008 1268 Ruspensem
3038 1187 3374 1276 xxvrannis
3424 1195 3568 1254 rexit
3595 1193 3763 1254 Eccle-

471 1284 576 1338 489
604 1283 998 1340 Theodericus
1029 1285 1100 1339 ad
1148 1283 1392 1340 ﬂuvium
1419 1283 1684 1338 Adduam
1716 1281 2040 1336 Odoacrum
2151 1282 2320 1348 siam,
2387 1281 2670 1350 doctrina,
2702 1286 2759 1338 et
2787 1281 3018 1340 actibus
3071 1283 3264 1340 clarus
3319 1281 3570 1352 eﬂ‘ulsit;
3604 1284 3693 1358 qui
3716 1288 3765 1343 et

398 1371 564 1428 tertio
596 1373 914 1428 certamine
941 1372 1076 1428 vicit
1133 1373 1565 1442 fugientemque
1630 1369 1786 1442 apud
1819 1370 2042 1426 Raven-
2149 1370 2273 1443 ipse
2299 1369 2554 1442 plurima
2582 1371 2732 1426 inter
2752 1369 2896 1427 alios
2926 1371 3245 1429 catholicos
3275 1368 3452 1441 mala,
3485 1377 3542 1430 et
3583 1370 3766 1429 exsilia

397 1477 536 1516 nam
567 1461 816 1516 obsedit.
867 1463 1020 1517 Jorn.
1052 1478 1104 1515 a.
1157 1476 1265 1530 seq.
1295 1461 1431 1514 Mar.
1465 1490 1532 1498 -—
1578 1458 1902 1513 Ludovicus
1943 1473 2042 1512 rex
2146 1475 2460 1531 perpessus
2515 1461 2623 1514 est.
2663 1461 2837 1516 Victor
2885 1460 2985 1514 Vit.
3017 1459 3148 1516 Isid.
3199 1491 3267 1500 —
3295 1461 3411 1516 Hac
3439 1460 3610 1516 etiam
3637 1464 3767 1518 tem-

399 1549 776 1616 Francorum,
805 1549 1136 1621 Thuringos
1167 1552 1388 1620 petens,
1423 1547 1581 1620 gravi
1612 1563 1711 1603 eos
1732 1545 1882 1601 caede
1908 1562 2038 1618 pro-
2149 1550 2367 1620 pestate
2399 1547 2722 1604 Ludovicus
2739 1564 2838 1604 rex
2861 1548 3217 1604 Francorum
3243 1547 3462 1606 Gallias
3479 1565 3656 1622 usque
3681 1553 3765 1606 Se-

397 1637 891 1709 stmvitipsosque
914 1653 1044 1692 cum
1063 1642 1218 1692 terra
1238 1653 1438 1692 eorum
1461 1635 1571 1692 sibi
1594 1633 2035 1706 subjecit.Greg.
2147 1651 2421 1707 quanam,
2448 1640 2505 1692 et
2524 1635 2733 1693 deinde
2763 1653 2950 1708 usque
2971 1636 3228 1710 Ligerim
3249 1637 3459 1695 ﬂuvios
3477 1632 3582 1695 suo
3610 1653 3768 1713 regno

403 1727 532 1781 Tur.
567 1742 619 1781 a.
653 1725 776 1781 491.
2144 1723 2396 1796 subegit.
2429 1724 2593 1780 Hunc
2625 1723 2812 1781 multa
2842 1724 3126 1780 instantia
3152 1723 3474 1782 Chrodhild
3505 1717 3644 1783 uxor
3667 1717 3770 1784 sua

466 1815 572 1868 490
603 1813 878 1882 Odoacer,
938 1818 1108 1870 noctu
1159 1831 1192 1869 a
1259 1813 1530 1868 Ravenna
1601 1827 1736 1868 cum
1803 1809 2033 1866 Herulis
2145 1812 2216 1868 ad
2250 1813 2426 1868 ﬁdem
2457 1813 2670 1870 Christi
2700 1813 3060 1870 cohortatur.
3096 1813 3252 1887 Grcg.
3286 1815 3412 1872 Tur.
3444 1832 3540 1872 an.
3570 1831 3674 1888 seq.
3735 1819 3740 1830 '

395 1918 687 1975 egressus,
719 1901 978 1958 collectis
1010 1902 1232 1957 viribus
1263 1905 1466 1970 quarto
1509 1916 1644 1956 sum
1675 1898 2035 1955 Theoderico
2215 1901 2316 1956 494
2334 1901 2914 1958 Gundamundusrex
2935 1901 3382 1971 Wandalorum,
3403 1903 3771 1977 persuadente

395 1989 672 2056 conﬂixit,
705 1992 762 2044 et
791 1989 992 2044 itidem
1015 1989 1202 2044 victus
1223 1989 1296 2044 ab
1321 2004 1387 2044 eo
1409 1991 1732 2060 captusque
1753 1991 1842 2042 est
1865 1985 2032 2058 (124).
2143 1988 2398 2061 Eugenio
2421 1987 2878 2062 archiepiscopo,
2901 1989 3136 2046 tandem
3160 1994 3292 2063 post
3310 2009 3348 2048 x
3375 2008 3564 2049 annos
3587 1983 3772 2050 omnes

397 2075 561 2132 Citati
611 2077 681 2132 ad
709 2093 762 2133 a.
813 2093 924 2148 seq.
981 2109 1046 2119 —
1080 2077 1210 2148 Ipso
1252 2093 1404 2132 anno
1435 2075 1904 2132 Gundamundus
1937 2089 2036 2130 rex
2065 2109 2112 2174 Β
2143 2074 2456 2131 catholicos
2509 2075 2812 2148 episcopos
2868 2077 2940 2132 de
2993 2075 3196 2134 exsilio
3255 2079 3546 2137 revocavit
3593 2064 3649 2136 et
3677 2079 3766 2136 diu

391 2164 812 2221 Wandalorum
835 2181 1036 2236 pacem
1064 2181 1200 2220 cum
1226 2163 1504 2220 Romanis
1527 2163 1678 2219 fecit.
1712 2163 2032 2218 Constanti-
2066 2162 2111 2174 ”’
2145 2162 2376 2219 clausas
2425 2163 2700 2220 ecclesias
2753 2181 2892 2238 pace
2921 2165 3147 2222 reddita
3177 2167 3426 2240 aperuit.
3473 2170 3691 2242 Procop.
3719 2184 3769 2223 a.

394 2253 591 2324 nopoli
619 2254 812 2308 Zenon
854 2253 1170 2324 imperator
1201 2253 1487 2320 moritur;
1522 2257 1652 2324 post
1682 2268 1856 2324 quem
1885 2254 2036 2308 Ana-
2143 2268 2253 2322 seq.
2287 2283 2352 2293 —
2397 2252 2722 2308 Ludovicus
2754 2269 2854 2309 rex
2883 2253 3240 2310 Francorum
3273 2260 3482 2314 contra
3512 2256 3769 2312 Alaman-

395 2340 612 2396 stasius
643 2340 952 2413 imperium
984 2341 1237 2396 Orientis
1266 2357 1443 2395 xxvm
1475 2340 1644 2395 annis
1669 2340 1874 2396 tenuit.
1909 2339 2034 2396 Cas-
2145 2357 2250 2396 nos
2302 2357 2592 2413 pugnans,
2643 2357 2779 2396 cum
2829 2342 3117 2399 exercitus
3155 2345 3285 2416 ejus
3335 2344 3772 2417 periclitaretur,

392 2429 530 2484 siod.
562 2446 615 2484 a.
647 2444 754 2500 seq.
809 2461 874 2468 —
899 2429 1014 2484 Hoc
1035 2435 1296 2499 tempore
1321 2427 1638 2484 Ludovicus
1660 2445 1759 2483 rex
1789 2429 2034 2484 Franco-
2143 2427 2327 2484 Deum
2358 2427 2484 2484 coeli
2515 2427 2810 2496 invocans,
2835 2433 2892 2485 et
2911 2431 3084 2486 ﬁdem
3109 2447 3278 2488 suam
3300 2431 3537 2490 Christo
3555 2447 3772 2502 vovens,

394 2534 526 2572 rum
583 2519 1001 2573 intercurrente
1054 2515 1366 2572 Aureliano
1423 2515 1608 2588 legato
1649 2533 1755 2572 suo
1787 2517 1859 2572 de
1887 2522 2036 2572 Bur-
2142 2516 2268 2588 ipso
2291 2518 2536 2588 juvante
2588 2517 2772 2574 victor
2825 2516 3184 2575 Alamannos
3214 2520 3576 2594 subjugavit.
3631 2518 3770 2593 Grcg.

395 2605 614 2678 gundia
635 2604 1190 2676 Hruodhildem[al.,
1223 2603 1568 2659 Chlotildem
1583 2621 1679 2660 seu
1698 2604 2032 2676 Crotildem]
2143 2605 2265 2660 Tur.
2295 2620 2348 2660 a.
2391 2605 2514 2659 496.
3343 2596 3351 2604 ’

285 2686 301 2706 ⁹
395 2710 634 2750 uxorem
692 2691 1083 2750 Christianam
1141 2691 1380 2764 accepit,
1442 2691 1620 2748 ﬁliam
1661 2691 1883 2748 scilicet
1911 2691 2031 2749 Hil-
2211 2693 2316 2748 495
2349 2691 2690 2761 Ludovicus,
2714 2709 2818 2750 seu
2851 2693 3172 2751 Clodovens
3201 2710 3301 2753 rex
3322 2695 3678 2754 Francorum
3695 2695 3772 2752 in-

391 2783 570 2854 periei
601 2782 770 2853 (125),
807 2797 981 2854 quem
1041 2782 1219 2838 frater
1271 2797 1416 2836 suus
1447 2781 1866 2838 Gundobaldus
1896 2799 2030 2838 cum
2139 2784 2328 2838 stante
2378 2780 2694 2838 Hrodhilde
2749 2782 2895 2854 (127)
2930 2782 3028 2860 58
3075 2784 3326 2857 conjuge
3355 2801 3491 2852 sua,
3523 2803 3559 2843 a
3585 2788 3774 2843 sancto

390 2887 566 2926 uxore
597 2875 656 2926 et
680 2869 820 2924 ﬁliis
851 2870 1258 2926 trucidaverat.
1293 2869 1446 2940 Greg.
1485 2871 1607 2925 Tur.
1639 2887 1690 2926 a.
1731 2871 1854 2925 493.
2138 2867 2400 2942 Remigio
2433 2867 2705 2925 Remensi
2735 2869 3172 2943 archiepiscopo
3203 2871 3317 2928 ﬁde
3346 2871 3568 2930 Christi
3588 2863 3772 2944 imbu-

465 2960 554 3014 57
596 2959 696 3013 491
730 2959 924 3014 Romae
955 2959 1226 3014 defuncto
1251 2957 1434 3013 Felice
1471 2975 1624 3030 papa
1653 2957 1964 3014 concilium
1997 2975 2031 3014 a
2136 2961 2256 3022 tus,
2306 2970 2438 3011 cum
2468 2961 2637 3028 gente
2669 2973 2778 3013 sua
2821 2957 3176 3030 baptizatur.
3225 2958 3383 3031 Greg.
3417 2962 3553 3018 Tur.
3591 2978 3645 3018 a.
3673 2977 3777 3032 seq.

391 3046 744 3119 presbyteris
776 3049 834 3101 et
868 3046 1212 3102 diaconibus
1244 3051 1438 3101 actum
1467 3045 1638 3115 (126).
2208 3044 2313 3100 496
2341 3043 2770 3100 Gundamundo
2818 3061 2952 3118 rege
3003 3045 3434 3104 Wandalorum
3487 3049 3774 3116 defuncto,
3803 3099 3808 3104 .

463 3135 568 3187 492
593 3133 986 3188 Theodericus
1009 3133 1291 3189 Revennze
1313 3133 1637 3188 Odoacrum
1657 3133 1898 3190 insidias
1918 3133 2028 3191 sibi
2137 3131 2580 3190 Trasamundus
2607 3149 2742 3188 xxv:
2771 3132 2944 3206 paulo
2975 3133 3109 3206 plus
3130 3133 3304 3192 annis
3332 3152 3441 3208 pro
3463 3153 3544 3210 eo
3576 3152 3775 3210 regna-

391 3219 728 3276 molientem
749 3219 1086 3292 peremit,ac
1107 3219 1230 3292 ipse
1242 3219 1568 3286 Occidentis
1589 3219 1900 3292 imperium
1920 3238 2030 3276 xxx
2133 3222 2234 3278 vit.
2269 3221 2375 3286 Qui
2405 3220 2544 3276 item
2573 3220 2876 3277 catholicis
2905 3221 3154 3279 infestus
3200 3223 3486 3282 ecclesias
3517 3217 3653 3299 post
3681 3223 3778 3282 ali-

369 3309 559 3375 _annis
607 3307 878 3364 obtinuit.
937 3308 1082 3364 Cass.
1143 3309 1348 3364 Marius
1407 3325 1460 3364 a.
1518 3323 1630 3380 seq.
1690 3339 1756 3350 —-
1834 3309 2027 3366 Romani
2137 3315 2278 3382 quot
2303 3325 2486 3366 annos
2516 3307 2746 3376 clausit,
2779 3313 2836 3364 et
2865 3308 3019 3366 inter
3065 3309 3212 3366 alios
3241 3302 3781 3383 persecutionisla-

387 3396 650 3454 Gelasius
673 3413 822 3470 papa
879 3396 948 3452 LI
973 3395 1124 3452 sedit
1151 3397 1320 3452 annis
1350 3413 1426 3464 1v,
1458 3397 1760 3453 mensibus
1805 3415 1907 3466 v11,
1938 3397 2026 3454 vir
2059 3462 2097 3489 Π
2135 3399 2303 3455 bores
2331 3413 2472 3452 ccxx.
2499 3395 2804 3470 episcopos
2832 3397 3034 3454 exsilio
3061 3397 3122 3454 in
3153 3399 3430 3478 Sardinia
3453 3405 3517 3460 et
3536 3401 3672 3460 aliis
3698 3401 3781 3458 in-

387 3487 613 3553 doctus,
645 3488 702 3540 et
721 3485 874 3556 pius,
908 3484 1006 3556 qui
1032 3502 1134 3558 pro
1149 3484 1416 3541 Ecclesiae
1436 3489 1590 3542 statu
1613 3485 1896 3542 nonnulla
1924 3487 2022 3544 de-
2055 3484 2098 3530 υ
2137 3485 2285 3544 sulis
2315 3484 2540 3541 afﬂixit.
2571 3485 2707 3540 Hist.
2739 3486 2966 3542 miscell.
3000 3491 3227 3560 Procop.
3271 3487 3362 3544 ad.
3394 3505 3539 3546 ann.
3571 3507 3683 3564 seq.

391 3578 549 3629 creta
574 3572 727 3639 fecit,
752 3572 936 3628 multa
955 3571 1283 3628 sublimiter
1311 3572 1568 3646 scripsit,
1599 3574 1898 3630 haereticos
1928 3575 2024 3632 da-
2200 3574 2303 3630 497
2333 3571 2586 3642 Boetius,
2619 3573 2900 3646 patricius
2931 3577 2989 3630 et
3025 3574 3250 3642 consul,
3283 3575 3478 3634 multa
3509 3577 3608 3635 his
3640 3582 3784 3634 tem-

392 3659 633 3727 mnavit,
659 3658 878 3715 clerum
908 3659 1232 3715 Romanum
1262 3659 1440 3727 auxit,
1473 3677 1757 3733 pauperes
1801 3662 2018 3718 dilexit.
2129 3661 2371 3736 poribus
2401 3659 2619 3736 ingenii
2649 3661 2742 3717 sui
2771 3661 3133 3720 monimenta
3186 3662 3250 3720 in
3290 3665 3570 3724 aemulari
3595 3664 3786 3740 philo-

1412 3817 1881 3876 COMPENDIUM
1921 3821 2012 3878 EX
2048 3819 2302 3878 CODICE
2341 3817 2716 3876 BERNOLDI.

457 3954 562 4009 488
601 3951 951 4008 Theodericus
979 3966 1146 4007 rex...
1196 3951 1354 4022 petiit
1380 3966 1400 4004 :
1430 3951 1522 4006 cui
1565 3949 1806 4008 Odoacer
1831 3967 2016 4009 occur-
2127 3952 2308 4008 multa
2351 3951 2565 4007 decreta
2589 3952 2740 4023 fecit.

384 4059 514 4100 rens
542 4041 678 4098 bello
707 4040 981 4108 conﬂixit,
1009 4039 1101 4094 sed
1131 4040 1301 4094 victus
1331 4039 1568 4110 aufugit.
2201 4039 2304 4094 493
2331 4040 2438 4095 Hoc
2492 4047 2729 4110 tempore
2757 4041 2819 4095 in
2845 4039 3037 4112 Africa
3085 4039 3274 4099 beatus
3301 4043 3643 4120 Fulgentius
3671 4046 3790 4117 epi-

457 4131 561 4184 489
596 4129 948 4185 Theodericus
973 4127 1274 4184 Odoacrum
1293 4128 1415 4198 jam
1457 4129 1616 4183 tertio
1643 4127 1840 4184 devicit
1867 4145 2019 4184 eum-
2133 4143 2322 4199 scapus
2350 4128 2554 4183 claruit
2580 4125 2828 4184 doctrina
2855 4131 2905 4184 et
2933 4130 3164 4185 moratis
3187 4132 3421 4188 actibus.

384 4233 488 4292 que
515 4220 770 4288 fugatum
797 4217 1068 4273 Ravennae
1095 4215 1316 4272 obsedit.
2201 4215 2306 4271 494
2334 4215 2630 4272 Ludovicus
2685 4232 2789 4272 rex
2845 4217 3181 4274 Francorum
3239 4220 3602 4279 Alamannos
3663 4221 3800 4280 bello

458 4307 561 4362 490
593 4303 830 4360 Odoacer
908 4308 1099 4376 quarto
1154 4305 1455 4374 conﬂigens
1511 4320 1636 4360 cum
1708 4303 2023 4360 Theoderico
2129 4297 2280 4372 vicit,
2323 4309 2434 4362 Deo
2462 4306 2702 4374 iuvante,
2754 4306 2865 4374 cui,
2895 4321 3023 4361 cum
3045 4306 3106 4362 in
3135 4307 3320 4364 eodem
3349 4309 3496 4368 bello
3522 4311 3798 4382 perclita-
3872 4329 3873 4334 π

383 4395 556 4450 victus
586 4399 638 4449 et
668 4399 852 4464 captus
880 4397 974 4448 est.
1007 4392 1471 4464 Constantinopoli
1497 4394 1678 4448 Zenon
1707 4393 1837 4464 imp.
1859 4394 2025 4449 mori-
2130 4399 2304 4460 retur,
2333 4408 2392 4449 se
2419 4391 2756 4448 crediturum
2781 4394 3058 4464 promisit.

385 4491 497 4548 tur,
549 4491 668 4554 post
698 4497 857 4552 quem
883 4481 1206 4537 Anastasius
1261 4482 1553 4552 imperium
1583 4481 1819 4537 Orientis
1848 4497 2024 4538 xxvm
2201 4480 2306 4535 495
2334 4479 2697 4536 Ludovicus...
2729 4481 2956 4552 conjuge
3007 4497 3112 4538 sua
3151 4481 3553 4542 Christiana...
3615 4487 3805 4559 bapti-

385 4572 551 4628 annis
579 4571 744 4626 rexit.
2133 4572 2313 4624 satur.

456 4659 559 4762 '22:
591 4661 774 4762 59m?
801 4657 1118 4762 ἀςίαηεεοοη
1149 4663 1200 4712 ει
1227 4657 1471 4762 dissonis
2055 4697 2100 4762 υ
2140 4744 2176 4762 ,.
2203 4655 2766 4762 ‘96.T’.“i“’f'“"d'.“.
2928 4657 3314 4762 turdelarum
3355 4661 3422 4715 ίπ
3451 4663 3690 4762 Αἴνίοαν
3720 4679 3810 4762 vrr-

453 4749 562 4804 492
594 4747 943 4803 Theodoricus
971 4747 1238 4800 Ravennae
1270 4744 1568 4800 Odoacrum
1614 4746 1718 4802 sibi
1747 4744 2027 4801 insidian-
2055 4739 2100 4762 ”
2135 4744 2349 4801 tholicis
2379 4745 2629 4816 infestus,
2657 4739 2908 4802 ecclesias
2935 4746 3134 4802 clausit
3161 4750 3213 4803 et
3249 4763 3395 4804 ccxx.
3417 4752 3722 4824 episcopos
3749 4751 3813 4808 in

385 4842 496 4893 tem
546 4837 848 4908 peremit...
908 4834 1162 4889 obtinuit.
1223 4837 1408 4890 Romae
1467 4832 1712 4916 Gelasius
1761 4849 1912 4905 papa
1955 4836 2030 4889 LI
2134 4833 2394 4888 Sardinia
2415 4833 2612 4888 exsilio
2640 4834 2866 4905 afﬂixit.
3471 4838 3478 4846 '

381 4927 522 4982 sedit
549 4940 720 4979 annos
770 4939 849 4990 ιν,
895 4937 1105 4976 menses
1151 4937 1254 4987 v11,
1298 4921 1386 4974 vir
1439 4921 1625 4976 doctus
1652 4929 1704 4976 et
1749 4924 1896 4992 pius,
1929 4924 2026 4992 qui
2203 4921 2304 4975 497
2333 4923 2548 4977 Boetius
2573 4923 2905 4992 patricius...
2941 4921 3132 4979 edidit.
3167 4924 3354 4981 Rom
3386 4924 3810 4985 Anastasius...

384 5029 572 5070 omnes
594 5013 872 5067 haereticos
909 5010 1208 5077 damnavit,
1239 5010 1453 5065 clerum
1504 5011 1807 5065 Romanum
1839 5013 2018 5078 auxit,
2128 5010 2292 5065 annis
2321 5009 2439 5084 fere
2465 5008 2695 5078 duobus,
2726 5013 2776 5067 et
2797 5012 2975 5082 capita
3003 5010 3304 5068 decretalia
3331 5014 3452 5070 octo
3486 5018 3663 5086 fecit.

1971 5185 2204 5243 NOTZE.

385 5315 524 5387 Jan.
553 5311 676 5369 dies
705 5327 828 5387 vrn,
881 5316 940 5368 et
967 5309 1180 5368 Paulus
1226 5310 1381 5366 Diae.
1417 5310 1474 5365 in
1506 5308 1760 5366 Historia
1792 5311 2020 5384 Longo-
2154 5381 2170 5387 _
2201 5310 2349 5387 (126)
2381 5309 2539 5387 Felix
2567 5327 2718 5367 anno
2740 5311 2842 5387 492
2858 5310 3299 5387 defunctusest,
3332 5329 3405 5387 ex
3423 5317 3818 5387 Anastasio;

364 5382 798 5476 'barld‘o'ru't‘nt
834 5401 1043 5476 πὲρ-³η-
1081 5451 1349 5476 Auum“
1390 5451 1770 5476 muniam
1800 5381 2005 5476 "‘4'"
2137 5381 2215 5476 de
2239 5381 2352 5476 hoc
2362 5386 2596 5476 autem“
2605 5382 2848 5439 concilio
2879 5399 2983 5439 seu
3011 5384 3328 5440 constituto
3358 5385 3492 5476 vid.
3522 5381 3823 5448 Baronius

456 5455 606 5530 (l24)
635 5455 823 5530 Remh
856 5453 1045 5530 fusius
1077 5451 1353 5530 describit
1380 5451 1772 5530 Cassiodorus
1800 5451 2024 5530 V_ariar.
2137 5453 2223 5530 ad
2241 5453 2616 5530 μωρῷ-492³

385 5529 426 5586 l.
462 5521 538 5592 iv,
573 5521 666 5599 ep.
689 5529 760 5599 2;
792 5525 852 5580 it.
880 5521 1540 5599 llistor._Miscell.Al.1_tv,
1575 5527 1629 5578 et
1659 5524 2023 5599 Ammianus.
2205 5525 2354 5599 (427)
2379 5523 2512 5599 Yid.
2547 5523 2681 5599 Yita
2709 5522 3132 5599 S._Chletildis
3154 5525 3329 5599 _apud
3362 5525 3644 5599 Mabill.,
3679 5547 3822 5590 seu.

355 5603 398 5677 ‘7
459 5593 969 5677 (125)'Chilperici,
1004 5595 1223 5677 scilicet
1249 5593 1814 5677 .regisBurgunodize,
1847 5613 1880 5652 a
1913 5598 2023 5654 fra-
2134 5611 2176 5670 ι,
2210 5593 2421 5656 Bened.
2456 5611 2512 5670 p.
2547 5595 2638 5666 98,
2669 5599 2726 5654 et
2781 5595 3047 5654 Bolland.
3078 5603 3122 5654 t.
3153 5596 3172 5654 Ι
3203 5593 3387 5669 Junii,
3424 5599 3506 5658 ad
3545 5593 3727 5663 diem
3765 5605 3822 5662 3.

499 5674 557 5728 et
590 5665 939 5730 "successore
968 5683 1074 5724 suo
1102 5665 1479 5726 Gundebaldo
1519 5665 1694 5724 occisi
1745 5667 1897 5727 circa
1925 5683 2018 5728 an.
2160 5665 2169 5670 ⁷
2456 5665 2476 5670 ⁷
2626 5665 2629 5666 ⁷
3372 5665 3381 5669 ⁷
3761 5683 3766 5689 ’
