3940 6434
94 512 193 574 105
344 514 355 515 “
1280 511 1749 575 CHRONIGON.
1779 542 1859 558 -
1888 511 2078 576 SEO.
2122 512 2225 575 VI.
3339 529 3454 592 106

1428 690 1659 746 CODEX
1716 689 2110 746 AUGIENSIS.

94 814 286 887 sophia
316 814 666 871 excellenter
704 813 905 871 edidit.
939 813 1131 869 Romae
1164 815 1513 869 Anastasius
1572 832 1720 885 papa
1750 816 1803 880 Α
1834 814 2097 884 tiumque
2129 818 2481 882 revocantes,
2514 831 2792 888 magnum
2826 819 3018 876 Romae
3053 823 3312 884 schisma
3327 827 3469 886 fece-

94 904 182 960 LII
208 904 349 976 (128)
381 904 536 961 sedit
563 902 733 960 annis
765 903 882 959 fere
916 920 976 957 η.
1020 902 1120 957 Hic
1177 903 1600 957 confessionem
1660 904 1716 957 S.
1831 907 1985 968 runt,
2020 907 2075 957 et
2104 904 2310 959 Petrus
2340 904 2547 959 Altinae
2578 907 2748 963 urbis
2801 909 3112 984 episcopus
3173 917 3467 986 permissu

92 992 376 1049 Laurentii
397 992 734 1060 exornavit;
767 996 841 1059 et,
875 991 1014 1063 quia
1043 991 1396 1062 quibusdam
1436 990 1722 1047 haereticis
1829 990 2167 1046 Thcodorici
2198 991 2395 1046 sedem
2426 994 2806 1065 apostolicam
2837 999 3066 1056 invasit.
3097 1003 3295 1061 Anast.
3327 1008 3463 1079 Pag.

91 1082 553 1139 communionem
576 1080 1721 1151 clamredderevellevidebatur,quidam
1900 1079 2007 1133 504
2047 1080 2274 1151 Synodo
2333 1096 2438 1135 cxv
2486 1082 2889 1157 episcoporum
2947 1089 3206 1161 collecta,
3262 1094 3469 1155 beatus

91 1186 148 1225 se
170 1170 240 1226 ab
269 1171 398 1241 ejus
429 1169 841 1226 communione
868 1172 1257 1240 sequestrant.
1292 1170 1478 1223 Anast.
1511 1185 1564 1224 a.
1598 1169 1721 1223 496.
1832 1184 1982 1239 papa
2011 1167 2397 1238 Symmachus
2426 1170 2496 1224 de
2527 1169 2703 1227 illatis
2733 1180 3014 1248 purgatur
3054 1183 3121 1234 et
3167 1182 3292 1237 sedi
3345 1201 3465 1241 sua)

155 1259 254 1315 498
282 1258 492 1324 Isauri,
513 1258 704 1315 occiso
734 1257 956 1329 Lilingo
980 1258 1124 1313 duce
1154 1273 1280 1325 suo,
1312 1257 1385 1312 ab
1415 1256 1723 1313 Anastasio
1833 1272 1965 1310 cum
2000 1255 2182 1327 gloria
2208 1256 2553 1325 restituitur,
2614 1265 2670 1314 et
2731 1279 3062 1333 pervasorcs
3120 1270 3281 1327 sedis
3336 1274 3465 1344 ejus

87 1349 427 1422 imperatore
453 1348 591 1403 victi
622 1346 899 1403 trucidati
958 1349 1117 1401 sunt.
1178 1346 1418 1400 Marcell.
1479 1377 1546 1385 ——
1605 1350 1724 1400 Hoc
1835 1344 2181 1399 Laurentius
2211 1345 2536 1401 Nucerinus
2568 1353 2622 1402 et
2656 1349 2852 1406 Petrus
2890 1353 3135 1423 Altinas,
3195 1361 3466 1418 condem-

89 1441 341 1509 tempore
366 1436 692 1492 Ludovicus
721 1452 820 1491 rex
862 1438 1216 1489 Francorum
1272 1432 1723 1488 Gundebaldum
1834 1435 2067 1487 nantur.
2099 1435 2279 1488 Anast.
2316 1451 2365 1488 a.
2394 1451 2484 1503 pr.
2518 1466 2586 1475 —
2618 1436 2940 1495 Ludovicus
2964 1459 3063 1498 rex
3095 1446 3466 1524 Francorum,

87 1529 140 1583 et
181 1524 633 1597 Gondegiselum
701 1524 933 1589 fratres,
988 1523 1471 1593 Burgundionum
1536 1538 1720 1592 reges,
1834 1538 1935 1591 per
1967 1522 2243 1591 suifragia
2274 1523 2457 1577 sancti
2491 1524 2639 1577 Petri
2674 1527 2972 1599 sanctique
3001 1532 3231 1588 Martini
3262 1540 3316 1591 et
3337 1522 3473 1594 alio-

88 1631 280 1688 pugna
308 1614 489 1687 [vicit]
512 1618 570 1668 et
600 1613 838 1684 fugavit,
872 1616 929 1666 et
958 1611 1402 1667 Gundebaldum
1434 1612 1725 1665 Avenione
1835 1627 1965 1663 rum
1999 1615 2329 1664 sanctorum
2363 1611 2627 1667 divinum
2659 1614 2977 1686 implorans
3009 1622 3312 1689 auxilium,
3364 1628 3474 1683 Go-

88 1704 392 1760 obsessum
421 1701 799 1758 tributariam
824 1701 977 1768 fecit,
1010 1705 1066 1755 et
1095 1716 1228 1755 cum
1260 1716 1477 1771 magna
1532 1699 1727 1771 praeda
1836 1698 1973 1788 tbos
2000 1699 2179 1788 petiit,
2209 1716 2426 1788 eosque
2448 1701 2619 1770 juxta
2649 1702 2894 1760 Pictavis
2924 1710 3127 1766 urbem
3158 1711 3216 1766 in
3269 1730 3476 1788 campo

86 1792 248 1848 redit.
283 1790 436 1862 (ἔνθα.
474 1791 596 1847 Tur.
629 1790 852 1846 Marius.
884 1806 936 1843 a.
961 1790 1085 1843 500.

1922 1786 2106 1857 glensi
2138 1787 2289 1855 (131)
2317 1805 2516 1861 pugna
2537 1790 2694 1860 vicit,
2728 1797 2783 1848 et
2814 1811 3007 1867 regem
3055 1815 3256 1857 eorum
3286 1786 3477 1860 Alari-

152 1880 260 1936 499
287 1879 685 1936 Theodoricus
716 1894 814 1933 rex
866 1878 1057 1932 Romae
1103 1880 1160 1932 et
1216 1875 1353 1932 alibi
1412 1875 1597 1931 multa
1626 1891 1728 1946 per
1836 1891 1994 1942 cum,
2025 1876 2125 1947 qui
2150 1876 2276 1946 jam
2307 1895 2419 1931 xxii
2455 1878 2622 1934 annis
2645 1884 2926 1953 regnavit,
2949 1886 3183 1957 occidit,
3205 1907 3478 1963 regnum-

84 1969 200 2025 hzee
228 1973 498 2041 tempora
527 1966 777 2023 mirifica
806 1965 1132 2023 construxit
1162 1964 1424 2019 aediﬁcia.
1487 1963 1723 2019 Cassiod.
1837 1980 1949 2035 que
1978 1964 2125 2033 ejus,
2158 1965 2309 2034 quod
2344 1965 2400 2018 in
2432 1966 2610 2022 Galiis
2642 1968 2911 2038 habebat,
2944 1990 3010 2029 ac
3040 1975 3349 2037 thesauros
3380 1999 3474 2038 ac-

82 2076 133 2114 a.
162 2074 274 2131 seq.
307 2087 379 2099 -ο
405 2057 599 2114 Romae
624 2054 1010 2128 Symmachus
1032 2070 1182 2126 papa
1212 2054 1334 2108 LIII
1367 2053 1517 2108 sedit
1559 2052 1728 2107 annis
1837 2050 2008 2123 cepit.
2035 2051 2360 2107 Amalricus
2392 2054 2510 2123 [al.,
2542 2056 2926 2133 Amalaricus]
2974 2079 3105 2120 vero
3135 2064 3291 2124 filius
3339 2069 3472 2126 Ala-

81 2164 172 2217 xv,
204 2146 515 2203 mensibus
548 2145 666 2201 fere
692 2161 817 2211 vm,
850 2160 985 2199 cum
1016 2159 1129 2214 quo
1151 2141 1327 2197 simul
1352 2158 1455 2214 per
1484 2141 1729 2195 nimiam
1759 2140 1939 2238 Btrici
1972 2140 2223 2211 fugiens,
2242 2158 2487 2213 regnum
2510 2144 2688 2214 patris
2712 2147 2803 2201 sui
2835 2147 2894 2203 in
2916 2148 3210 2223 Hispaniis
3235 2158 3470 2230 recepit.

85 2235 524 2292 dissensionem
573 2233 877 2290 ordinatus
932 2236 1021 2287 est
1072 2231 1219 2302 (129)
1271 2230 1639 2296 Laurentius,
1674 2232 1730 2283 et
1759 2224 2059 2299 "‘Procop.
2091 2229 2156 2282 de
2186 2230 2308 2283 bell.
2345 2230 2496 2286 Coth.
2532 2250 2585 2286 α.
2616 2234 2739 2288 507.
2773 2237 2922 2291 Jorn.

82 2340 298 2397 magna
328 2322 526 2380 Roma
552 2322 705 2377 inter
734 2320 954 2376 clerum
984 2323 1039 2374 et
1097 2317 1376 2391 populum
1435 2317 1729 2373 discordia
1905 2320 2011 2371 505
2040 2317 2363 2373 Ludovicus
2394 2336 2493 2374 rex
2523 2321 2872 2379 Francorum
2905 2326 3160 2386 Parisius
3191 2330 3344 2388 beati
3375 2334 3478 2390 Pe-

81 2415 253 2482 facta,
286 2413 473 2467 donec
504 2410 727 2482 judicio
780 2408 1121 2464 Theoderici
1174 2408 1326 2478 regis
1383 2410 1441 2462 et
1490 2404 1727 2476 majoris
1839 2406 1914 2460 tri
1944 2405 2248 2461 basilicam
2270 2407 2533 2463 aedificat.
2573 2409 2731 2478 Greg.
2766 2414 2886 2466 Tur.
2920 2432 2971 2469 α.
3004 2417 3129 2471 508.

81 2499 485 2558 multitudinis
525 2497 913 2571 Symmachus
950 2496 1010 2552 in
1070 2496 1205 2551 sede
1264 2497 1725 2550 conﬁrmaretur.
1911 2495 2012 2547 60
2040 2495 2148 2547 506
2176 2494 2292 2548 Hoc
2322 2499 2581 2567 tempore
2614 2498 2933 2556 Ludovicus
2976 2520 3073 2559 rex
3126 2494 3480 2565 Francorum

81 2593 268 2648 AW.
308 2591 442 2645 Vict.
476 2589 608 2643 Tun.
640 2604 737 2642 an.
771 2586 895 2640 498,
1842 2581 2306 2652 Ragnacharium
2339 2583 2485 2654 (132)
2517 2590 2827 2656 cognatum
2848 2605 3021 2645 suum
3056 2594 3335 2666 regnique
3358 2614 3484 2668 par-

152 2680 259 2737 59
287 2678 397 2734 500
419 2674 808 2751 Symmachus
834 2690 1005 2746 papa,
1056 2673 1273 2745 synodo
1328 2672 1519 2727 Romae
1579 2674 1725 2737 acta,
1838 2670 2093 2741 ticipem,
2130 2671 2404 2741 ignavum
2436 2677 2491 2727 et
2521 2672 2905 2744 luxuriosum,
2939 2696 2973 2734 a
3004 2681 3127 2737 suis
3158 2684 3479 2754 proditum,

77 2770 235 2825 inter
264 2766 382 2823 alia
413 2764 793 2821 Laurentium
822 2762 1096 2818 aemulum
1129 2778 1302 2817 suum
1326 2759 1582 2815 Nuceriae
1612 2759 1730 2831 epi-
1838 2758 1988 2813 bello
2035 2759 2251 2814 victum
2282 2760 2520 2831 fugavit,
2552 2766 2608 2816 et
2637 2767 3123 2836 comprehensum
3164 2788 3271 2827 sua
3302 2790 3481 2830 manu

75 2872 328 2930 scopum
349 2852 671 2911 constituit.
703 2854 891 2907 Anast.
928 2852 1072 2919 Mag.
1108 2850 1161 2904 h.
1193 2868 1245 2905 a.
1840 2862 1973 2901 cum
2006 2848 2178 2902 fratre
2201 2847 2466 2903 Richario
2498 2849 2706 2905 occidit
2734 2858 2789 2907 et
2840 2855 2968 2925 ejus
3026 2857 3137 2913 sibi
3195 2861 3478 2932 populum

144 2945 251 3001 501
281 2940 682 3000 Theodoricus
703 2956 803 2997 rex
829 2940 1239 3011 aquaeductum
1266 2938 1549 2992 Ravenna:
1571 2936 1725 2991 fecit.
1839 2935 2104 3005 subjecit.
2140 2934 2275 3003 Greg
2306 2937 2428 2989 Tur.
2459 2954 2512 2991 a.
2548 2938 2673 2992 509.
2706 2970 2774 2979 σ-
2803 2941 3197 3003 Theodoricus
3230 2965 3327 3004 rex
3367 2951 3480 3007 Ita-

75 3033 326 3091 Cassiod.
350 3048 404 3087 α.
426 3047 629 3102 seq.-—
658 3029 761 3085 His
780 3027 1141 3099 temporibus
1166 3028 1403 3081 sanctus
1421 3024 1729 3079 Mammer-
1838 3023 1927 3078 lim
1955 3027 2155 3078 contra
2209 3024 2459 3079 Francos
2516 3026 2575 3080 in
2624 3026 2871 3085 Galliam
2924 3034 3242 3091 exercitum
3298 3038 3479 3096 misit.

70 3126 173 3180 tus
199 3116 558 3176 Viennensis
606 3114 1076 3187 archiepiscopus
1131 3112 1443 3167 virtutibus
1500 3110 1728 3179 claruit,
1841 3110 2075 3165 Cassiod.
2109 3126 2161 3164 a.
2187 3111 2312 3165 508.

71 3210 203 3284 qui,
237 3211 480 3282 propter
524 3204 800 3277 luporum
853 3207 910 3259 et
959 3218 1231 3257 ursorum
1280 3199 1727 3267 immanitatem,
1908 3198 3331 3271 507Histemporibus,Romaaiterumdissensione
3349 3231 3480 3272 con-

70 3299 354 3369 aliasque
376 3294 581 3368 plagas
594 3293 901 3348 triduanas
922 3295 1053 3346 ante
1072 3289 1485 3345 Ascensionem
1503 3286 1731 3343 Domini
1836 3291 1928 3342 tra
1958 3286 2376 3357 Symmachum
2398 3305 2608 3360 papam
2632 3293 3012 3352 etEcclesiam
3043 3302 3185 3363 orta,
3211 3302 3476 3358 nonnulli

70 3385 324 3441 litanias
357 3382 587 3456 primus
618 3380 956 3445 instituens,
989 3378 1221 3435 Domini
1270 3377 1730 3432 misericordiam
1838 3392 1908 3431 ex
1936 3378 2098 3446 parte
2122 3375 2246 3444 ejus
2292 3376 2544 3432 fustibus
2599 3383 2655 3432 et
2709 3380 2950 3439 diversis
3008 3384 3193 3457 plagis
3233 3389 3470 3461 afflicti,

64 3474 514 3547 plagarumque
544 3469 928 3526 cessationem
954 3466 1464 3539 promeruit(130).
1765 3540 1798 3548 _
1839 3461 2104 3517 nonnulli
2134 3463 2405 3518 trucidati
2431 3468 2487 3519 et
2516 3467 2721 3534 necati,
2776 3474 2833 3523 et
2890 3471 3074 3527 multa
3121 3474 3362 3548 indigna
3417 3482 3475 3535 et

142 3540 257 3619 502
288 3540 689 3617 Theodoricus
710 3573 812 3613 rex
838 3556 1006 3612 victis
1035 3554 1413 3625 Vulgaribus,
1442 3552 1566 3626 [al.,
1600 3553 1729 3608 Bul-
1757 3540 1799 3606 C
1840 3551 2059 3606 nefaria
2087 3554 2286 3606 contra
2314 3551 2627 3609 Eoolesiam
2661 3560 2717 3610 et
2764 3556 3103 3631 religionem
3157 3540 3475 3622 commissa

66 3649 348 3726 garibus]
380 3646 666 3705 Sirmium
698 3662 875 3719 regno
900 3644 1077 3701 Italia
1108 3643 1384 3701 restituit.
1427 3642 1664 3698 Marce”.
1696 3659 1731 3697 α
1840 3642 1978 3694 sunt
2006 3641 2191 3693 Anast.

63 3741 204 3796 504.

1926 3728 2015 3781 508
2046 3728 2160 3783 Hoc
2190 3744 2342 3783 anno
2373 3730 2519 3801 (133)
2555 3732 2749 3788 Romae
2780 3734 3015 3792 Boetius
3044 3739 3131 3795 vir
3158 3742 3482 3800 eruditissi-

141 3827 261 3886 503
291 3824 547 3890 Quidam
579 3840 649 3880 ex
693 3822 993 3888 Romanis,
1052 3819 1468 3893 Symmachum
1525 3834 1735 3891 papam
1847 3832 1979 3871 mus
2009 3816 2379 3873 consulatum
2411 3820 2857 3880 administravit.
2904 3825 3050 3883 Cass.

65 3914 227 3971 falso
249 3912 639 3969 criminantes
661 3913 717 3965 et
736 3909 891 3982 apud
909 3923 1103 3980 regem
1125 3911 1467 3963 accusantes
1484 3906 1739 3961 Lauren-
2520 3928 2523 3931 λ

1153 4073 1626 4131 COMPENDIUM
1664 4073 1755 4129 EX
1792 4072 2045 4130 CODICE
2081 4072 2461 4130 BERNOLDI.

149 4222 265 4278 498
296 4219 503 4289 Isauri,
536 4218 706 4275 occiso
735 4218 953 4288 Lilingo
994 4217 1129 4272 duce
1157 4232 1275 4283 suo,
1334 4217 1402 4271 ab
1458 4217 1742 4272 Anastasio
1921 4216 2026 4270 504
2054 4215 2267 4286 Synodo
2290 4233 2393 4273 cxv
2422 4219 2812 4291 episc0porum,
2844 4226 2953 4280 etc.
2986 4228 3051 4281 ut
3077 4207 3225 4301 Aug.

63 4315 423 4384 imperatore
453 4306 820 4364 trucidantur.
1922 4305 2026 4359 505
2055 4304 2352 4361 Ludovicus
2377 4323 2493 4373 rem,
2526 4310 2660 4376 etc.,
2683 4312 2748 4364 ut
2773 4311 2921 4383 Aug.

149 4401 263 4456 499
328 4395 684 4453 Theodoricus
738 4410 839 4451 rex
874 4437 886 4450 .
934 4436 947 4450 .
986 4435 998 4448 .
1038 4394 1297 4463 aediﬁcia,
1348 4394 1530 4450 Romae
1587 4394 1744 4464 Sym-
1922 4393 2027 4446 506
2062 4392 2411 4448 Theodoricus
2424 4410 2603 4450 rex...
2635 4401 2936 4455 exercitum
2963 4406 3151 4460 movit.

62 4488 320 4546 machus
355 4528 367 4542 .
409 4527 424 4539 .
459 4526 473 4542 .
506 4484 673 4541 donec
692 4484 903 4556 judicio
942 4483 1249 4539 Theoderici
1296 4484 1440 4551 regis
1496 4483 1744 4554 Symma-
1921 4481 2028 4534 507
2055 4482 2324 4537 Dissensio
2354 4484 2551 4538 iterum
2581 4486 2724 4541 inter
2754 4487 3141 4559 Symmachum
3184 4511 3385 4567 papam
3439 4505 3491 4554 et

60 4578 215 4635 chus
246 4579 319 4633 in
346 4574 472 4631 sede
494 4574 865 4643 conﬁrmatur.
1854 4570 2145 4625 Ecclesiam
2172 4572 2367 4626 oritur.

152 4666 271 4722 500
302 4661 671 4735 Symmachus
695 4677 861 4732 papa,
908 4659 1110 4733 synodo
1168 4660 1345 4715 Romae
1395 4660 1539 4722 acta,
1599 4662 1748 4715 Lau-
1924 4657 2030 4711 508
2059 4659 2165 4713 Hoc
2183 4674 2328 4715 anno
2358 4660 2558 4728 Romae,
2593 4666 2727 4729 etc.,
2777 4668 2843 4720 ut
2870 4668 3015 4739 Aug.
3072 4700 3142 4711 —-
3202 4673 3305 4729 Hoc
3362 4690 3492 4744 quo-

63 4756 342 4812 rentium
358 4750 626 4807 aemulum
644 4766 807 4805 suum
834 4750 1085 4805 Nuceria:
1112 4748 1386 4803 ordinavit
1417 4748 1744 4819 episcopum.
1777 4746 1824 4811 D
1856 4761 1956 4816 que
1985 4749 2219 4818 tempore
2247 4749 2433 4803 Avitus
2453 4749 2620 4805 abbas
2649 4752 3060 4812 Aurelianensis
3107 4759 3401 4818 virtutibus
3445 4771 3500 4820 et

154 4842 265 4898 501
306 4838 662 4896 Theodericus
690 4852 792 4893 rex
825 4880 837 4893 .
876 4876 891 4892 .
922 4879 935 4891 .
964 4839 1112 4908 fecit.
1140 4838 1234 4891 His
1265 4835 1597 4905 temporibus
1631 4876 1643 4888 .
1682 4877 1693 4888 .
1733 4877 1745 4890 .
1854 4833 2159 4924 prophetiae
2184 4838 2384 4907 spiritu
2410 4838 2593 4894 clarus
2623 4842 2843 4913 eﬂulsit.
2876 4844 3044 4918 Greg.
3071 4847 3209 4905 Tur.
3243 4850 3312 4906 de
3350 4850 3498 4924 glor.

58 4930 430 5005 promeruit,
462 4930 531 4983 ut
556 4928 704 4999 Aug.
1860 4922 2011 4978 conf.
2046 4938 2095 4978 c.
2131 4925 2218 4978 99.
2262 4983 2285 5012 ν

158 5020 272 5076 503
308 5016 550 5087 Quidam
579 5031 649 5071 ea:
675 5014 957 5084 Romanis,
990 5018 1122 5085 etc.,
1150 5017 1217 5069 ut
1245 5016 1393 5085 Aug.

1629 5172 1635 5178 ς
1689 5134 1918 5192 ΝΟΤλΕ.

116 5286 327 5415 9928)
359 5280 717 5341 Anastasius
745 5297 897 5356 papa
916 5279 1222 5338 ordinatus
1253 5280 1344 5334 est
1367 5278 1439 5333 24
1459 5277 1598 5334 Nov.
1622 5278 1761 5334 anni
1869 5277 2437 5415 ἀθαῐὲὓηὲἑθὲἓὲὲοῆ

66 5350 331 5501 49ῗί29)
363 5421 783 5501 Symmachus,
843 5421 1285 5501 ordinatus}?
1312 5420 1465 5501 Nov._
1505 5436 1579 5501 an
1620 5455 1622 5460 ι

1951 5350 2088 5422 [131)
2120 5350 2392 5422 Gregorio
2417 5353 2554 5408 Tur.
2587 5353 2626 5409 l.
2656 5372 2719 5424 ιι,
2752 5373 2802 5413 c.
2835 5359 2906 5414 37
2934 5364 3007 5419 ad
3038 5381 3134 5423 an.
3172 5368 3279 5424 507
3346 5382 3507 5424 cam-

1951 5437 1986 5501 s
2001 5420 2397 5501 Xogladensis
2428 5424 2658 5501 dicitur.
3284 5410 3298 5437 ’

65 5486 1065 5580 aeﬁnulém'hseliitsuamnam
1094 5492 1327 5580 8.132%“)
1377 5488 1616 5562 βαιτίσίο
1664 5507 1765 5546 ευ·
1873 5486 2557 5580 Z_-<1?§>.‘Ragsa°13ar.ius
2587 5498 3021 5580 Cameracensis
3052 5508 3305 5580 regulus.
3372 5506 3496 5561 Vid-

64 5576 456 5631 bornatum.
488 5566 622 5621 Vid.
656 5566 871 5637 Pagius
900 5564 960 5637 in
992 5565 1119 5637 ejus
1150 5564 1300 5637 Vita.
1423 5631 1509 5637 Μ
1568 5629 1582 5637 _
1648 5630 1661 5637 _
1725 5633 1734 5637 Α
1873 5577 1967 5637 an.
2003 5564 2125 5632 484,
2159 5565 2329 5635 cujus
2360 5567 2538 5622 frater
2564 5574 2687 5625 erat
2714 5570 3044 5632 Richiarius
3102 5564 3235 5636 Eum
3289 5592 3350 5631 eo
3404 5590 3498 5631 oc-

173 5644 329 5714 (130)
358 5639 490 5714 Ade
520 5629 1258 5714 Viennensishoc'jamhad
1278 5631 1537 5714 ‘an..452n
1568 5629 1764 5714 habet,
1873 5633 2050 5714 ciens.

62 5700 454 5774 communis
481 5724 619 5765 vero
643 5706 932 5763 sententia
960 5700 1092 5761 cuin
1142 5703 1440 5776 Sigeberto
1497 5700 1763 5776 Gembla-
1944 5703 2093 5776 (133)
2121 5703 2359 5776 Boetius
2379 5706 2551 5776 juxta
2581 5710 2783 5766 Fastos
2816 5715 3152 5772 consulares
3197 5727 3338 5772 anno
3392 5712 3497 5765 510

59 5770 267 5847 ἇέηεί
297 5784 377 5843 ad
393 5797 528 5856 pan.
584 5779 691 5856 {£68
746 5776 1121 5856 refert._.\_’id.
1170 5770 1532 5856 Bollapdiani
1581 5772 1672 5856 ad.
1706 5788 1766 5826 x1
1874 5770 2077 5829 consul
2109 5774 2259 5856 fuit_;
2292 5780 2357 5831 ut
2380 5770 2693 5856 adeoanni
2723 5781 2817 5856 hic
2845 5788 2901 5837 et
2931 5785 2987 5837 in
3042 5770 3490 5856 praesidentibus

56 5839 266 5931 Μιξἱῖ
298 5839 370 5918 Si
389 5849 687 5915 Baronius
709 5849 781 5906 ad
800 5865 894 5907 an.
926 5848 1054 5917 475,
1073 5861 1179 5906 nec
1200 5861 1317 5905 non
1337 5840 1633 5903 Mabillon.
1658 5839 1698 5903 l.
1724 5858 1766 5902 ιι
1875 5860 2037 5917 teque
2067 5860 2133 5903 ac
2155 5839 2650 5921 subsequentibus
2670 5852 2862 5909 minus
2885 5839 3156 5913 accurate
3171 5839 3282 5916 sint
3300 5847 3491 5913 notati.

439 5980 733 6050 Panos.
759 5971 1020 6047 CXLIII.
1355 5960 1363 5972 ’
3155 5984 3201 6065 4
