3940 6378
430 247 542 309 107

1234 249 1506 312 HERMA
1517 250 1616 310 NN
1625 249 1648 310 l
1693 249 1999 311 CONTRA
2012 249 2134 309 ΟΤΙ
2163 245 2586 310 'AUGIENSIS
2630 247 3006 313 MONACHI.

3716 247 3831 310 108

1835 406 2063 464 CODEX
2099 406 2494 463 AUGIENSIS.

501 520 608 578 509
633 520 986 592 Ludovicus,
1017 521 1118 594 qui
1144 527 1202 578 et
1230 522 1546 578 Clodoveus
1577 523 1842 595 Magnus,
1891 524 2065 578 Fran-
2097 523 2151 590 Α
2180 526 2382 594 petens
2416 539 2611 594 pugna
2640 523 2878 596 fugavit,
2919 528 2976 580 et
3029 524 3154 597 ipse
3207 523 3360 580 inter
3415 523 3628 580 hostes
3685 538 3832 597 equo

437 625 638 667 corum
668 625 767 666 rex
785 613 914 682 post
935 609 1151 666 multas
1171 611 1438 667 victorias
1459 615 1640 667 totam
1662 629 1806 682 pene
1827 611 2068 666 Galliam

441 697 771 771 possidens,
803 697 1083 767 Parisius,
1117 699 1216 754 ubi
1250 701 1446 755 sedem
1477 701 1638 772 regni
1659 700 1929 768 instituit,
1954 716 2076 755 mo-

441 786 611 858 ritur,
641 791 699 844 et
721 786 781 842 in
803 787 1041 844 basilica
1055 791 1109 842 S.
1131 787 1282 843 Petri
1304 805 1336 842 a
1355 804 1416 843 se
1447 793 1777 844 constructa
1797 788 2076 860 sepelitur

444 891 598 934 anno
627 875 788 948 regni
816 893 946 945 xxx,
977 880 1108 948 post
1135 877 1448 932 transitum
1475 878 1532 933 S.
1581 876 1835 943 Martini,
1893 881 1958 932 ut
2014 877 2075 931 in

443 963 625 1038 gestis
650 965 999 1020 Francorum
1039 963 1305 1033 habetur,
1354 981 1506 1020 anno
1561 983 1673 1022 cm
1716 966 1882 1037 (i34).
1945 966 2079 1020 Post

446 1067 620 1126 quem
652 1057 900 1126 quatuor
930 1052 1032 1108 filii
1062 1053 1190 1124 ejus
1221 1053 1406 1108 diviso
1439 1070 1640 1126 regno,
1661 1054 2078 1120 Theodericus,

445 1141 612 1198 Metis
643 1143 840 1198 sedem
870 1140 1093 1198 habens
1123 1142 1294 1198 annis
1320 1160 1483 1210 xxm,
1517 1161 1651 1198 cum
1683 1148 1920 1198 strenuo
1959 1143 2077 1198 ﬁlio

444 1246 550 1287 suo
579 1229 974 1286 Theodeberto
993 1230 1250 1303 regnavit
1273 1249 1286 1299 ;
1309 1231 1706 1288 Chlodomeris
1727 1233 2077 1300 Aurelianis,

443 1317 850 1376 Childebertus
879 1318 1166 1385 Parisius,
1199 1322 1256 1374 et
1282 1323 1528 1390 quartus
1558 1319 1886 1376 Chlotarius
1909 1321 2079 1376 Sues-

443 1405 628 1463 sionis
659 1407 859 1462 sedem
891 1410 1160 1462 statuens
1190 1407 1360 1462 annis
1411 1425 1463 1462 LI
1520 1409 1803 1480 regnavit.
1865 1409 2080 1464 Horum

446 1511 611 1553 soror
640 1493 997 1558 Hrodhildis,
1031 1495 1323 1566 aaquivoca
1352 1496 1577 1564 matris,
1624 1501 1680 1552 et
1729 1513 1896 1568 atque
1952 1497 2082 1552 reli-

447 1583 634 1658 giosa,
654 1582 942 1638 Amalrico
974 1583 1091 1656 regi
1125 1582 1442 1640 Gothorum
1473 1586 1686 1640 Ariano
1709 1586 1766 1640 in
1789 1585 2084 1657 Hispaniis

450 1671 672 1744 nupsit,
703 1675 1002 1743 materque
1029 1671 1204 1726 vidua
1232 1672 1384 1744 apud
1415 1673 1472 1728 S.
1499 1673 1812 1729 Martinum
1834 1674 2086 1730 Turonis

449 1760 514 1816 in
539 1759 897 1817 orationibus
929 1764 985 1815 et
1005 1759 1382 1832 eleemosynis
1410 1763 1750 1834 permansit.
1784 1765 1935 1834 Creg.
1958 1764 2078 1818 Tur.

449 1849 688 1915 Aimoin,
717 1851 906 1906 caeteri
932 1857 1072 1904 recte
1097 1849 1168 1904 ad
1195 1866 1287 1905 an.
1316 1850 1441 1904 511.

523 1939 616 1994 οι
649 1937 757 1994 510
791 1937 885 1992 [iis
917 1937 1279 2010 temporibus
1307 1940 1692 2010 Symmachus
1730 1957 1881 2012 papa
1936 1941 2088 1996 inter

449 2024 565 2082 alia
588 2027 742 2082 bona
770 2025 1118 2082 Manicheeos
1150 2026 1206 2082 in
1241 2028 1382 2082 urbe
1439 2027 1705 2084 inventos
1763 2029 2083 2096 damnavit,

449 2113 753 2172 ecclesiam
783 2113 842 2170 S.
874 2115 1118 2170 Andreae
1147 2116 1218 2170 ad
1249 2120 1304 2170 8.
1330 2119 1565 2171 Petrum
1597 2117 1939 2186 construxit,
1964 2135 2088 2173 ora-

449 2204 664 2260 torium
682 2203 741 2258 S.
760 2203 1016 2271 Thomas,
1031 2202 1452 2259 confessionem
1469 2209 1526 2258 S.
1552 2205 1811 2260 Cassiani
1835 2207 2089 2278 itemque

451 2295 788 2348 sanctorum
813 2290 967 2346 Proti
997 2296 1054 2346 et
1083 2291 1410 2364 Hyacinthi,
1442 2293 1759 2348 oratorium
1789 2295 1846 2349 S.
1878 2293 2091 2366 Apolli-

454 2379 634 2448 naris,
655 2379 914 2452 itemque
929 2380 988 2434 S.
1008 2379 1180 2444 Sosii,
1200 2379 1338 2434 item
1361 2381 1418 2435 S.
1440 2381 1659 2447 Crucis,
1681 2381 1819 2437 item
1843 2383 1900 2438 S.
1916 2382 2088 2438 Joan-

456 2467 549 2524 nis
569 2467 860 2540 Baptistae,
883 2467 1022 2523 item
1044 2467 1359 2524 S.Joannis
1374 2469 1770 2540 Evangelistze,
1790 2469 2088 2526 basilicam

458 2557 517 2613 S.
551 2555 725 2627 Petri,
748 2560 805 2612 et
836 2556 1121 2629 porticum
1170 2573 1458 2612 marmore
1515 2559 1722 2612 stravit
1778 2563 1836 2614 et
1891 2559 2090 2615 multis

461 2643 652 2700 modis
665 2643 1278 2700 ornavit.Xenodochia
1298 2644 1634 2712 instituit,et
1655 2647 1903 2719 singulis
1921 2649 2090 2703 annis

457 2731 795 2801 catholicos,
815 2749 849 2788 a
866 2733 1268 2790 Trasamundo
1289 2749 1420 2805 rege
1436 2733 1854 2790 Wandalorum
1878 2737 2090 2791 Ariano

458 2837 562 2895 per
587 2820 791 2878 exsilia
819 2821 1136 2894 dispersos,
1178 2820 1453 2876 alimonia
1502 2826 1559 2876 et
1604 2823 1868 2879 vestibus
1916 2824 2086 2895 juvit.

458 2909 794 2966 Construxit
821 2909 996 2965 etiam
1026 2907 1326 2965 basilicam
1353 2910 1410 2964 S.
1442 2909 1676 2981 Agathe:
1699 2909 1789 2965 via
1835 2909 2090 2978 Aurelia,

460 2998 600 3054 item
627 2998 686 3054 S.
715 2997 1180 3063 Pancratii,item
1209 3001 1266 3050 S.
1297 2996 1576 3064 Silvestri,
1597 2997 1734 3053 item
1759 2998 1816 3052 S.
1837 2998 2089 3067 Martini,

461 3087 604 3143 item
633 3084 736 3142 SS.
765 3085 985 3141 Cosmaa
1017 3089 1074 3141 et
1119 3084 1408 3156 Damiani,
1461 3089 1519 3140 et
1575 3085 1720 3141 alias
1781 3085 2093 3142 nonnullas

462 3174 694 3243 struxit,
726 3175 1018 3231 renovavit
1045 3178 1104 3230 et
1131 3172 1376 3230 ornavit.
1411 3174 1597 3230 Anast.
1632 3173 1762 3228 Bed.
1796 3174 1983 3230 chron.

2183 609 2430 677 delatus,
2464 612 2536 666 ab
2569 611 2712 682 ipsis
2735 612 3062 685 jugulatur,
3087 617 3144 669 et
3171 611 3515 686 Burgundia
3537 630 3572 668 a
3593 613 3834 669 Francis

2183 699 2550 771 subjugatur.
2585 701 2737 771 Greg.
2771 703 2904 756 Tur.
2925 702 3130 758 Marius
3149 702 3244 758 Av.
3267 719 3322 756 a.
3343 703 3471 756 515.
3503 717 3618 772 seq.

2252 789 2360 843 512
2383 787 2745 844 Amalaricus
2775 788 2834 843 in
2860 789 3160 861 Hispaniis
3191 807 3289 845 rex
3319 789 3652 846 Gothorum
3681 790 3838 846 Aria-

2185 893 2298 931 nus
2329 875 2705 932 Hrodhildem
2738 893 2973 934 uxorem
3006 894 3174 934 suam
3219 877 3570 935 catholicam
3633 878 3838 934 multis

2186 965 2382 1020 modis
2413 965 2635 1020 afﬂixit.
2670 965 2777 1030 Qui
2803 971 3004 1038 postea
3031 984 3065 1022 a
3095 967 3240 1022 fatre
3290 967 3421 1038 ejus
3463 966 3838 1024 Childeberto

2187 1068 2383 1124 pugna
2405 1051 2590 1108 victus
2617 1057 2674 1109 et
2704 1058 3040 1126 peremptus
3069 1059 3191 1124 est;
3223 1058 3282 1111 et
3310 1072 3414 1128 pro
3473 1071 3543 1112 eo
3595 1055 3844 1112 Theuda

2188 1140 2448 1210 regnavit
2477 1141 2640 1211 (136).
2676 1141 2825 1213 Greg.
2862 1144 2986 1198 Tur.
3017 1161 3070 1199 a.
3103 1143 3229 1198 531.

2257 1228 2362 1282 513
2391 1229 2772 1285 Cassiodorus
2797 1230 2973 1302 hujus
3002 1231 3140 1287 anni
3171 1231 3376 1288 consul
3408 1233 3540 1302 fuit,
3569 1233 3676 1307 qui
3737 1251 3843 1306 po-

2191 1321 2314 1370 stea
2337 1333 2648 1372 conversus
2665 1323 2721 1373 et
2737 1319 3061 1375 monachus
3078 1320 3319 1376 effectus
3337 1321 3680 1377 coenobium
3706 1338 3843 1378 conc

2189 1403 2422 1469 struxit,
2455 1408 2511 1459 et
2542 1405 2600 1458 in
2633 1405 2892 1460 saeculari
2915 1406 3228 1480 divinaque
3246 1408 3580 1466 litteratura
3600 1411 3708 1468 02
3729 1410 3844 1466 cla-

2191 1508 2291 1547 rus
2323 1491 2558 1548 etlulsit.
2595 1493 2850 1550 Psalmos
2875 1495 3160 1568 exposuit,
3193 1495 3376 1554 libros
3395 1497 3845 1556 institutionum

2192 1585 2250 1636 et
2279 1581 2550 1636 chronica
2582 1581 2731 1637 fecit.
2760 1583 2951 1638 Romze
2979 1585 3238 1653 tandem,
3293 1586 3676 1644 dissensione
3723 1605 3845 1645 ces-

2194 1674 2358 1724 sante
2388 1669 2538 1725 inter
2564 1669 2782 1726 clerum
2813 1677 2870 1726 et
2899 1671 3204 1745 populum,
3237 1678 3440 1746 optata
3471 1675 3653 1732 rediit
3711 1693 3846 1733 con-

2196 1758 2411 1823 cordia,
2459 1763 2515 1812 et
2561 1759 2948 1831 Symmachus
3005 1778 3159 1834 papa
3213 1762 3420 1820 beatus
3469 1764 3623 1821 obiit
3673 1766 3844 1836 (137).

2195 1847 2378 1902 Anast.
2405 1848 2556 1902 Cass.

2260 1937 2364 1990 514
2397 1935 2792 1992 Theodoricus
2824 1953 2922 1993 rex
2952 1937 3130 1994 Italia)
3169 1938 3354 1996 filiam
3411 1957 3586 1998 suam
3649 1941 3848 1999 Amal-

2195 2025 2466 2080 suindam
2498 2025 2807 2081 Eutharico
2829 2026 3037 2088 Cillicte
3061 2027 3119 2083 in
3153 2029 3603 2086 matrimonium
3628 2033 3847 2103 junxit.

2198 2113 2437 2168 Cassiod.
2469 2131 2562 2169 an.
2595 2131 2702 2184 seq.
2734 2116 2997 2172 Jornand.
3030 2148 3099 2158 —-
3132 2118 3326 2174 Romae
3359 2119 3685 2177 Hormisda
3705 2139 3850 2195 papa

2198 2201 2312 2257 LIV
2341 2202 2494 2257 sedit
2524 2219 2708 2258 annos
2732 2221 2806 2270 Ix,
2839 2205 2938 2276 qui
2961 2205 3113 2260 inter
3133 2204 3248 2261 alia
3266 2206 3424 2262 bona
3448 2209 3848 2282 Eutychianos

2196 2290 2452 2361 itemque
2499 2291 2847 2348 Manichazos
2901 2293 3222 2362 damnavit,
3281 2294 3506 2352 clerum
3566 2299 3846 2366 erudivit,

2198 2379 2469 2434 basilicas
2501 2379 2826 2436 adornavit.
2855 2382 3042 2437 Anast.

2269 2467 2374 2522 515
2402 2471 2519 2522 Hoc
2549 2471 2808 2540 tempore
2835 2469 3163 2527 Vitalianus
3194 2473 3437 2544 quidam
3496 2491 3712 2532 servus
3768 2477 3848 2532 di-

2199 2555 2520 2626 gnitatibus
2551 2555 2738 2612 elatus
2769 2559 3076 2614 Anastasio
3107 2560 3444 2632 imperatori
3475 2564 3752 2633 rebellat,
3802 2570 3853 2620 et

2199 2643 2430 2715 Scythis
2465 2645 2776 2716 adjunctus
2797 2647 3015 2702 crebris
3038 2647 3255 2720 prieliis
3279 2649 3496 2707 milites
3517 2653 3654 2724 ejus
3673 2655 3851 2710 victos

2201 2733 2432 2804 fugans,
2461 2749 2674 2805 magno
2705 2735 3034 2807 reipublicae
3073 2737 3338 2794 dedecori
3389 2743 3448 2794 et
3495 2741 3851 2798 detrimento

2203 2820 2330 2875 fuit.
2357 2822 2604 2877 Marcell.

2271 2909 2376 2964 516
2402 2909 2503 2964 His
2533 2909 2739 2966 diebus
2770 2911 3078 2968 Hormisda
3095 2929 3266 2987 papa,
3285 2931 3390 2987 pro
3421 2916 3538 2974 ﬁde
3560 2919 3854 2976 catholica

2201 2997 2272 3052 ad
2295 2997 2702 3070 imperatorem
2717 2999 3092 3057 Anastasium
3105 3001 3684 3078 Constantinopolim
3710 3009 3854 3078 lega-

2201 3091 2290 3140 tos
2320 3085 2557 3142 mittens
2585 3093 2642 3141 et
2669 3087 2814 3142 nihil
2864 3089 3194 3169 proﬁciens,
3251 3090 3399 3148 alios
3452 3093 3666 3150 itidem
3719 3113 3851 3152 cum

2201 3173 2462 3245 epistolis
2491 3174 2710 3247 legatos
2737 3175 2932 3232 mittit.
2965 3180 3120 3244 Quos
3148 3180 3496 3238 Anastasius
3533 3200 3676 3240 cum
3729 3201 3850 3241 cor-

527 3265 630 3321 511
664 3263 780 3319 Hoc
803 3266 1062 3335 tempore
1091 3279 1256 3334 reges
1287 3262 1638 3317 Francorum
1671 3261 2092 3329 Chlodomeris,
2123 3258 2166 3324 C
2204 3279 2472 3334 rumpere
2497 3281 2608 3318 non
2645 3269 2858 3336 posset,
2891 3265 3092 3322 exsilio
3123 3269 3422 3340 deputavit
3451 3275 3509 3326 et
3538 3270 3702 3328 inter
3746 3274 3852 3330 alia

456 3353 879 3420 Childebertus,
911 3357 969 3408 et
999 3349 1348 3418 Clotharius,
1391 3350 1870 3422 Burgundionum
1928 3368 2093 3424 reges

455 3442 902 3516 Sigismundum
933 3446 988 3496 et
1017 3439 1411 3495 Godomarum
1443 3443 1667 3511 petunt,
1700 3444 1758 3495 et
1787 3455 1984 3512 pugna
2001 3441 2091 3496 vi-

453 3535 575 3588 ctos
606 3532 828 3604 fugant.
854 3529 898 3585 Ε
915 3529 1129 3601 quibus
1147 3527 1560 3600 Sigismundus
1579 3545 1675 3582 rex
1693 3527 1999 3600 religiosus
2017 3529 2088 3584 ad

453 3624 688 3678 sanctos
717 3619 1091 3690 Agauncnses
1124 3617 1269 3688 (135)
1328 3615 1692 3688 confugiens,
1745 3617 2090 3689 insequente

451 3707 853 3774 Chlodomere,
878 3705 1092 3760 ibidem
1119 3709 1323 3777 captus
1353 3708 1409 3760 et
1437 3704 1764 3760 Aurelianis
1796 3705 1854 3760 in
1895 3722 2086 3762 carce-

452 3813 572 3854 rem
602 3795 818 3852 missus
850 3812 967 3851 una
995 3811 1127 3849 cum
1159 3810 1332 3849 uxore
1363 3811 1426 3849 ac
1456 3793 1592 3848 filiis
1621 3793 1946 3850 trucidatus
1967 3797 2083 3862 est;

449 3889 507 3944 et
525 3889 724 3943 secuto
738 3890 995 3957 tempore
1005 3882 1402 3940 Chlodomeris
1416 3883 1625 3938 iterum
1641 3883 2085 3953 Burgundiones

2202 3351 2416 3406 domno
2449 3368 2606 3422 papae
2639 3353 2936 3424 rescripsit
2963 3353 3201 3412 dicens:
3233 3357 3339 3413 Nos
3349 3359 3549 3429 jubere
3577 3362 3850 3427 volumus,

2199 3457 2308 3494 non
2336 3441 2489 3494 nobis
2506 3441 2712 3511 juberi.
2746 3442 2934 3497 Anast.

2265 3529 2371 3584 517
2400 3529 2502 3584 llis
2535 3530 2896 3600 temporibus
2925 3531 3323 3590 Theodoricus
3355 3552 3454 3592 rex
3486 3537 3852 3597 Francorum

2197 3616 2388 3672 Danos
2421 3634 2482 3672 se
2514 3618 2852 3674 invadentes
2881 3636 2985 3690 per
3013 3620 3199 3678 filium
3222 3623 3702 3684 Theodebertum
3736 3646 3854 3686 una

2195 3721 2328 3762 cum
2361 3723 2493 3778 rege
2525 3723 2628 3762 suo
2661 3707 2733 3761 ad
2763 3706 3217 3766 internecionem
3249 3712 3484 3770 delevit.
3529 3715 3691 3787 Greg.
3729 3719 3852 3774 Tur.

2195 3812 2246 3850 a.
2276 3811 2363 3865 pr.
2386 3811 2408 3855 ,°
2438 3795 2537 3859 aL,
2560 3797 2708 3850 circa
2732 3813 2822 3851 an.
2852 3796 2978 3852 515.

1492 4033 1962 4089 COMPENDIUM
2002 4033 2094 4090 EX
2131 4034 2381 4090 CODICE
2418 4034 2798 4092 BERNOLDI.

513 4155 620 4210 509
649 4152 962 4219 Ludovicus,
1005 4151 1100 4224 qui
1147 4153 1199 4206 et
1237 4149 1543 4219 Clodoveus,
1599 4150 1934 4204 Francorum
1991 4165 2090 4205 rex
2120 4152 2164 4217 D
2262 4150 2366 4204 514
2396 4152 2581 4208 Roma:
2607 4151 2966 4209 llormisda...
2998 4152 3304 4225 adornavit,
3345 4165 3398 4214 et
3443 4168 3691 4232 quatuor
3747 4167 3847 4223 de-

442 4245 678 4300 Parisiis
705 4242 843 4298 obtii
870 4241 968 4296 ubi
993 4240 1172 4296 sedem
1191 4241 1349 4310 regni
1369 4239 1630 4294 instituit.

513 4333 622 4387 510
647 4331 741 4386 His
784 4329 1116 4400 temporibus
1165 4326 1524 4400 Symmachus
1569 4342 1711 4396 papa
1765 4327 1910 4382 inter
1964 4327 2082 4382 alia

445 4421 584 4477 bona
613 4418 941 4478 Manichaeos
963 4420 1022 4474 in
1047 4418 1178 4472 urbe
1209 4419 1450 4471 inventos
1471 4413 1780 4474 damnavit;
1797 4415 2082 4471 basilicam

441 4509 496 4566 S.
530 4510 682 4566 Petri
706 4511 759 4564 et
783 4509 1051 4580 porticum
1077 4520 1353 4561 marmore
1397 4505 1590 4558 stravit
1645 4506 1695 4560 et
1740 4503 1856 4559 alia
1883 4503 2080 4575 hujus-

435 4598 602 4655 modi.

503 4687 609 4742 513
641 4684 984 4742 Cassiodorus
1012 4683 1244 4754 hujus...
1272 4679 1526 4738 chronica
1553 4683 1702 4753 fecit,
1762 4690 1813 4737 et
1867 4684 2077 4754 tripar-

435 4777 594 4832 titam
622 4775 911 4830 historiam
937 4771 1236 4828 ordinavit.
1273 4771 1447 4826 Romae
1478 4770 1695 4826 tandem
1743 4770 2078 4827 dissensione

433 4865 690 4932 cessante,
721 4861 1083 4934 Symmachus
1113 4875 1256 4933 papa
1285 4859 1418 4915 obiit
1447 4861 1505 4914 in
1529 4875 1680 4931 pace.

2190 4246 2338 4293 creta
2365 4240 2517 4310 fecit.

2257 4328 2362 4381 515
2395 4328 2700 4382 Vitalianus
2730 4331 2960 4400 quidam
2985 4348 3171 4389 servus
3198 4349 3325 4390 cum
3355 4335 3575 4408 Scythis
3605 4341 3846 4399 Anasta-

2186 4416 2266 4470 sio
2288 4417 2609 4486 impcratori
2625 4417 2869 4474 rebellat.
3483 4483 3488 4490 ⁴

2255 4503 2360 4559 516
2392 4505 2685 4560 Hormisda
2705 4522 2851 4577 papa
2887 4507 3170 4565 Anastasio
3213 4511 3536 4582 imperatori
3579 4533 3687 4588 pro
3738 4521 3846 4590 [ide

2185 4591 2450 4648 catholica
2479 4593 3003 4666 Constantinopolim
3045 4598 3242 4669 legatos
3285 4603 3459 4668 misit,
3511 4607 3610 4660 cui
3663 4609 3843 4681 impe-

2185 4684 2336 4735 rator
2365 4682 2508 4736 inter
2533 4681 2649 4737 alia
2676 4685 2952 4756 rescripsit
2983 4686 3098 4741 ita:
3129 4687 3246 4744 Nos
3274 4689 3486 4760 jubere
3536 4693 3840 4764 volumus,

2186 4786 2300 4825 non
2335 4770 2505 4826 nobis
2525 4771 2742 4842 juberi.

2004 4955 2231 5013 NOT/E.

506 5085 654 5157 (134)
681 5085 884 5140 Annus
912 5100 1028 5157 xxx
1048 5082 1210 5157 regni
1241 5081 1503 5157 Clodovei
1533 5081 1604 5157 ab
1635 5081 1910 5157 anno_48l
1979 5085 2068 5136 est

435 5153 789 5228 annus'511,
814 5172 928 5228 quo
957 5153 1139 5228 etiam
1163 5153 1328 5228 obiit,
1361 5155 1624 5228 quamvis
1673 5153 1808 5228 anni
1863 5170 1976 5206 cxn
2035 5167 2069 5208 a

435 5232 622 5284 morte
647 5230 704 5280 8.
739 5223 970 5282 Martini
999 5243 1052 5282 a.
1075 5227 1178 5280 397
1211 5223 1466 5279 defuncti
1497 5223 1873 5278 convenirent
1914 5241 2066 5279 anno

433 5299 542 5354 509
569 5297 664 5352 hic
691 5302 909 5353 notato.

506 5369 654 5441 (135)
684 5367 813 5448 Haec
843 5385 912 5448 ex
940 5365 1212 5448 Gregorio
1239 5365 1376 5448 Tur.
1412 5367 1466 5419 et
1497 5363 1674 5448 Mario
1703 5364 2066 5448 Aventicensi

433 5434 745 5510 desumpta
765 5434 1100 5510 posterioris
1129 5441 1270 5493 sunt
1287 5434 1569 5506 temporis
1593 5452 1606 5502 ;
1629 5437 1973 5510 Agaunense
1994 5437 2068 5492 si-

474 5507 668 5568 uideni
698 5507 1117 5566 monasterium
1147 5510 1546 5564 constructum
1575 5509 1664 5562 est
1701 5521 1851 5562 anno
1882 5507 1988 5562 515
2035 5523 2070 5564 ο.

467 5576 824 5668 igiamgudo,
856 5577 958 5658 qui
976 5595 1072 5639 an.
1097 5579 1204 5638 516
1230 5594 1335 5658 pro
1355 5576 1629 5637 defuncto
1657 5581 1820 5654 patre
1839 5576 2070 5640 Gundo-

2177 5081 2348 5136 baldo
2381 5099 2476 5136 rex
2509 5083 2716 5148 factus,
2750 5101 2843 5138 an.
2873 5085 2978 5139 523
3010 5087 3197 5144 victus
3254 5106 3319 5146 ac
3351 5091 3594 5150 demum
3643 5112 3700 5152 a.
3737 5097 3870 5152 524·

2178 5153 2514 5240 occisus'est
2544 5172 2578 5240 a
2606 5154 3004 5240 Ch‘lodom‘ere,
3037 5160 3134 5240 qui
3167 5163 3238 5240 et_
3260 5161 3387 5240 ipse
3415 5164 3475 5220 in
3505 5183 3711 5240 pugna
3749 5169 3832 5223 in-

2176 5224 2350 5280 teriit.
2383 5224 2513 5279 Vid.
2545 5231 2585 5279 t.
2621 5247 2647 5274 »
2684 5227 2815 5280 Maii
2845 5224 3132 5294 Bolland.,
3167 5233 3240 5285 ad
3271 5224 3330 5288 d.
3371 5236 3393 5289 1

2249 5295 2553 5378 (13.6)AVid.
2589 5295 2902 5378 Procopius
2933 5299 3004 5355 de
3031 5301 3178 5356 bello
3199 5303 3466 5376 Gothico,
3498 5311 3558 5362 et
3576 5308 3828 5366 Jornano

2176 5365 2280 5421 des
2310 5365 2386 5438 de
2405 5369 2676 5438 Getarum
2709 5365 2950 5438 origine.

2246 5437 2704 5522 (137)‘Spectant
2733 5437 2853 5522 h‘ze’c
2878 5441 2950 5522 ad
3008 5458 3229 5502 annum
3285 5446 3413 5516 514,
3473 5465 3597 5522 quo
3653 5453 3830 5511 etiam

2175 5507 2556 5568 Cassiodorus
2584 5509 2789 5571 consul
2824 5511 2952 5572 fuit.
