3940 6404
96 341 206 402 109

1313 339 1788 404 GHRONICON.
1819 367 1898 387 --
1931 337 2122 403 S/EC.
2173 336 2274 400 Vl.

3377 331 3495 396 110

1465 499 1698 556 CODEX
1737 498 2135 555 AUGIENSIS.

160 615 266 670 518
285 614 638 672 Anastasius
662 614 997 687 imperator,
1020 633 1156 672 cum
1179 615 1383 671 haeresi
1408 614 1743 687 Eutychetis
1773 615 1825 680 Α
1855 614 1950 677 tis,
1987 611 2244 667 donariis
2277 614 2332 667 et
2355 611 2696 666 muneribus
2729 609 2979 665 donatus
3010 609 3333 666 revertitur.
3359 611 3491 666 Mar-

100 703 332 760 favisset
361 706 420 760 et
449 701 769 760 catholicos
799 709 1268 776 persequeretur,
1304 704 1547 759 fulmine
1594 703 1743 757 ictus

96 790 332 859 interiit,
355 792 549 862 major
567 791 963 864 octogenario.
994 791 1100 848 Pro
1124 809 1239 863 quo
1257 791 1530 847 Justinus
1559 789 1741 862 impe-

99 883 250 936 rator
267 879 597 936 catholicus
619 879 1122 952 Constantinopoli
1145 879 1407 952 regnavit
1428 879 1598 934 annis
1617 896 1738 946 vm;

97 967 191 1040 qui
221 966 541 1024 nonnullos
572 968 817 1040 imperio
839 967 1132 1022 inhiantes
1153 968 1387 1033 occidit,
1410 973 1464 1023 et
1487 984 1622 1022 cum
1644 966 1740 1020 Vi-

97 1055 306 1112 taliano
338 1061 589 1130 tyranno
620 1073 760 1129 pace
805 1057 970 1128 prius
1019 1057 1189 1122 facta,
1236 1058 1510 1112 eumdem
1543 1059 1743 1128 postea

99 1143 355 1216 peremit.
387 1145 630 1200 Marcell.

162 1233 258 1288 08
306 1232 418 1287 519
459 1217 734 1288 Justinus
789 1234 1092 1305 Augustus
1143 1232 1360 1304 legatos
1413 1231 1736 1303 apostolicae

100 1320 266 1388 sedis,
300 1321 375 1375 ab
405 1319 718 1376 Hormisda
742 1337 894 1392 papa
913 1320 1476 1392 Constantinopolim
1501 1338 1602 1391 pro
1628 1320 1738 1374 ﬁde

99 1408 324 1476 missos,
359 1425 593 1464 summo
625 1410 844 1464 honore
874 1408 1148 1480 suscepit,
1174 1411 1374 1480 eisque
1406 1409 1462 1462 in
1495 1409 1736 1464 damna-

97 1497 243 1554 tione
261 1496 555 1552 haareseos
579 1512 682 1568 per
697 1497 895 1552 omnia
913 1502 1340 1552 consentaneus
1363 1497 1617 1568 plurima
1638 1513 1738 1568 per

95 1600 185 1641 eos
209 1585 456 1641 donaria
486 1586 730 1641 Romam
770 1585 948 1640 misit.
975 1586 1164 1640 Anast.

155 1676 256 1731 520
283 1676 398 1730 Hac
430 1678 780 1747 tempestate
811 1673 1209 1728 Theodericus
1241 1689 1339 1726 rex
1385 1675 1734 1727 Francorum

95 1777 216 1816 cum
244 1759 366 1816 ﬁlio
387 1761 794 1817 Theodeberto
827 1761 1162 1832 Thuringos
1195 1764 1416 1832 petens,
1453 1760 1739 1814 immensa

95 1865 182 1905 eos
207 1850 358 1905 caede
390 1848 681 1922 protrivit,
734 1853 791 1904 et
827 1850 1258 1904 Ermenfridum
1309 1866 1501 1919 regem
1535 1865 1735 1904 eorum

96 1937 334 2037 fugavit;
365 1954 546 2010 quem
577 1942 779 2009 postea
814 1937 925 2036 {ide
980 1938 1117 2036 data
1165 1937 1361 2039 atinse
1411 1937 1735 2039 venientem
1767 1975 1813 2039 Β

96 2025 414 2098 suscipiens
434 2043 464 2080 e
491 2043 660 2081 muro
692 2025 1092 2098 prazcipitavit,
1126 2030 1182 2079 ct
1213 2024 1362 2079 filios
1403 2027 1532 2096 ejus
1555 2025 1736 2079 occidi

95 2113 233 2169 fecit.
268 2114 426 2186 Greg.
463 2115 586 2170 Tur.
621 2131 713 2169 an.
746 2115 871 2169 530.

155 2204 251 2257 521
282 2203 562 2260 Justinus
583 2207 888 2275 Angustus
912 2201 1198 2257 haereticis
1222 2202 1468 2256 infestus
1493 2202 1736 2257 Arianos

95 2291 255 2347 etiam
311 2289 818 2362 Constantinopoli
877 2290 1281 2362 persequitur;
1340 2291 1494 2345 unde
1551 2291 1734 2344 iratus

95 2379 480 2437 Theodoricus
508 2397 607 2436 rex
657 2379 833 2435 Italiae
883 2379 1135 2434 Arianus
1191 2378 1430 2434 exitium
1483 2379 1539 2432 in
1571 2378 1736 2434 Italia

98 2468 386 2525 catholicis
421 2468 694 2524 minatur.
725 2470 858 2522 Hist.
892 2469 1117 2522 miscvit.

157 2558 257 2612 522
287 2558 352 2614 In
382 2557 579 2613 Africa
627 2561 860 2612 mortuo
892 2557 1127 2612 tandem
1162 2557 1570 2612 Trasamundo
1602 2573 1735 2628 rege

98 2645 513 2702 Wandalorum
568 2645 805 2714 Ariano,
860 2645 1195 2700 lleldericus
1247 2661 1348 2716 pro
1380 2663 1445 2699 eo
1478 2645 1736 2716 regnavit

99 2734 255 2792 annis
272 2753 407 2802 vm;
433 2733 534 2808 qui
557 2734 754 2790 statim
777 2735 832 2788 in
851 2734 1136 2804 principio
1160 2733 1319 2805 regni
1337 2733 1611 2788 ecclesias
1633 2734 1730 2788 diu

100 2822 315 2879 clausas
339 2822 594 2895 aperuit,
629 2827 684 2878 et
712 2839 916 2878 omnes
947 2822 1266 2876 catholicos
1297 2823 1366 2877 de
1398 2821 1619 2878 exsiliis
1641 2839 1732 2876 re-

99 2927 288 2968 vocare
307 2911 562 2982 studuit,
585 2914 642 2967 et
660 2913 916 2983 optatam
943 2911 1208 2966 Ecclesiae
1233 2927 1430 2982 pacem
1457 2911 1730 2978 restituit,

100 3001 310 3073 Procop.
343 3001 544 3057 Victor.
579 3001 712 3054 Tun.
746 3017 839 3054 an.
871 3015 981 3070 seq.

159 3091 261 3144 523
289 3090 488 3146 Romae
518 3088 774 3145 Joannes
805 3105 955 3160 papa
977 3087 1068 3142 LV
1095 3087 1244 3142 sedit
1275 3087 1445 3142 annis
1480 3105 1540 3153 ιι,
1570 3104 1730 3142 men-

101 3177 252 3234 sibus
280 3196 378 3246 rx;
412 3176 534 3250 qui,
554 3176 884 3233 cmmeteria
904 3175 968 3230 in
994 3176 1134 3230 urbe
1159 3179 1491 3230 restaurans
1521 3179 1578 3229 et
1602 3173 1732 3230 aliis

101 3265 258 3322 bonis
280 3267 537 3336 instans,
559 3284 594 3322 a
617 3264 974 3336 Theodorico
997 3263 1559 3334 Constantinopolim
1582 3263 1731 3336 lcga-

1851 703 1969 756 celi.
2006 720 2098 754 (ιη.
2133 703 2256 755 5‘35.
2313 735 2324 746 -

1919 791 2023 843 524
2055 787 2448 844 Theodoricus
2483 805 2580 842 rex
2632 786 2956 843 Gothorum
2987 789 3045 841 et
3075 789 3358 858 tyrannus
3384 785 3494 842 Ro-

1853 893 2162 932 manorum
2196 877 2351 931 inter
2381 876 2495 930 alia
2525 877 2625 931 64
2651 875 2802 931 mala
2823 873 3087 930 Boetium
3113 873 3420 946 patricium
3441 879 3496 930 et

1849 965 2263 1036 philosophum
2285 965 2383 1019 diu
2403 968 2758 1019 carceratum
2775 963 2994 1037 occidit
3010 982 3023 1032 ;
3041 979 3144 1019 nec
3163 962 3349 1019 multo
3365 967 3496 1035 post

1849 1070 2112 1108 socerum
2127 1053 2256 1124 ejus
2275 1053 2689 1125 Symmachum
2705 1051 3015 1124 patricium
3031 1051 3234 1107 itidem
3250 1052 3496 1125 peremit

1845 1141 2129 1196 Joannem
2147 1158 2374 1212 quoque
2399 1157 2608 1213 papam
2633 1141 2866 1196 beatum
2895 1141 2963 1194 de
2985 1138 3492 1212 Constantinopoli

1847 1246 2139 1285 reversum
2190 1230 2462 1284 Ravenna
2516 1246 2630 1284 una
2681 1245 2813 1284 cum
2869 1227 3182 1284 comitibus
3241 1228 3489 1283 carceris

1845 1318 2156 1372 afﬂictione
2189 1317 2411 1372 necavit
2438 1335 2509 1372 xv
2541 1317 2660 1372 Kal.
2685 1316 2864 1386 Junii,
2889 1316 2988 1389 qui
3010 1334 3125 1370 non
3146 1316 3330 1372 multo
3354 1321 3488 1389 post

1846 1407 2090 1462 Romam
2121 1407 2361 1473 relatus,
2385 1405 2538 1478 apud
2560 1407 2618 1460 S.
2641 1405 2874 1461 Petrum
2907 1405 3172 1477 scplutus
3198 1409 3288 1461 est
3313 1397 3482 1478 (138).

1844 1495 2008 1550 Beda.
2035 1497 2172 1549 Hist.
2205 1495 2439 1549 misrcII.

1913 1585 2018 1637 525
2046 1581 2443 1638 Theodoricus
2494 1585 2802 1653 tyrannus,
2863 1587 2996 1653 post
3051 1600 3111 1637 ιιι
3153 1599 3382 1638 menses
3415 1583 3486 1638 ab

1845 1671 2006 1726 obitu
2027 1689 2184 1744 papae
2205 1671 2472 1736 Joannis,
2493 1674 2625 1742 post
2647 1670 2833 1726 multa
2853 1670 3004 1726 mala
3026 1687 3131 1726 sua
3152 1671 3250 1726 Dci
3267 1671 3490 1743 judicio

1847 1761 2150 1815 subitanea
2173 1764 2356 1814 morte
2381 1759 2666 1815 Ravennae
2689 1759 2931 1826 interiit,
2956 1763 3034 1828 et,
3060 1759 3490 1830 sicut_solitario

1845 1849 2074 1903 cuidam
2100 1847 2413 1904 revelatum
2438 1853 2545 1911 est,
2581 1867 2613 1902 a
2643 1849 2866 1903 Joanne
2893 1865 3040 1921 papa
3062 1853 3115 1903 et.
3140 1849 3490 1920 Symmacho

1845 1937 2083 2009 patricio
2119 1937 2176 1991 in
2207 1937 2381 1990 ollam
2428 1937 2670 1990 Vulcani
2704 1937 2963 2007 dojectus
3007 1941 3093 1991 est
3142 1955 3296 1992 anno
3327 1938 3488 2011 regni

1845 2025 2022 2080 Italici
2045 2026 2551 2098 xxxn.Postquem
2586 2042 2763 2096 nepos
2797 2026 2924 2096 ejus
2965 2025 3484 2097 AtharicustAtha-

1843 2114 2076 2186 laricus]
2103 2132 2244 2186 puer
2268 2131 2399 2169 cum
2425 2119 2608 2168 matre
2630 2112 3012 2170 Amalsuinda
3035 2115 3294 2186 regnavit
3311 2115 3483 2172 annis

1843 2220 1963 2258 vm.
1998 2205 2130 2258 Hist.
2164 2203 2366 2257 miscet.
2401 2205 2624 2274 Procop.
2658 2204 2808 2258 Jorn.
2834 2233 2900 2242 —-
2921 2203 3116 2257 Romae
3141 2202 3298 2258 Felix
3314 2220 3484 2276 quar-

1845 2297 1937 2345 tus
1971 2309 2119 2362 papa
2144 2290 2263 2346 LVI
2289 2291 2438 2345 sedit
2470 2289 2639 2345 annis
2674 2308 2749 2356 iv,
2783 2290 3086 2346 mensibus
3116 2309 3195 2359 Ii;
3229 2292 3325 2363 qui
3351 2293 3486 2349 fecit

1843 2379 2142 2434 basilicam
2175 2383 2509 2434 sanctorum
2545 2379 2764 2433 Cosmce
2797 2383 2851 2434 et
2883 2379 3146 2435 Damiani
3169 2381 3262 2436 via
3285 2382 3482 2450 Sacra,

1843 2472 1900 2522 ct
1931 2470 1986 2522 S.
2017 2467 2313 2522 Saturnini
2350 2469 2440 2522 via
2471 2467 2691 2522 Salaria
2723 2467 2891 2539 (139).
2923 2469 3110 2523 Anast.

1912 2559 2016 2611 526
2045 2555 2547 2628 Constantinopoli
2579 2556 2852 2612 Justinus
2902 2556 3238 2629 imperator,
3299 2559 3486 2616 Justi-

1844 2644 2086 2698 nianum
2145 2644 2304 2714 regni
2365 2650 2690 2698 consortem
2722 2648 2776 2699 et
2805 2661 3201 2700 successorem
3249 2647 3484 2718 faciens,

1843 2733 2020 2800 obiit;
2046 2750 2147 2804 pro
2170 2750 2284 2804 quo
2307 2733 2678 2788 Justinianus
2699 2750 2766 2788 ex
2809 2751 3005 2788 sorore
3027 2751 3206 2805 nepos
3229 2736 3354 2806 ejus
3378 2737 3487 2793 im-

1841 2822 2062 2892 peravit
2109 2805 2279 2876 annis
2333 2839 2551 2876 xxxvm
2601 2819 2787 2876 multa
2843 2822 3058 2892 pietate
3088 2827 3145 2877 ct
3173 2805 3486 2894 prudentia

1841 2910 2214 2982 conspicuus,
2249 2910 2359 2966 nisi
2389 2909 2448 2964 in
2499 2910 2848 2982 quibusdam
2899 2909 3186 2967 hazreticis
3226 2911 3478 2970 favisset.

1839 2999 2078 3054 Marcell.
2113 3017 2205 3053 an.
2238 3015 2348 3070 seq.

1909 3089 2015 3142 527
2039 3087 2408 3144 Justinianus
2469 3091 2772 3157 Augustus
2829 3086 3190 3144 Belesarium
3223 3089 3481 3147 amicum

1840 3193 2013 3232 suum
2047 3175 2368 3247 principem
2396 3175 2614 3230 militiae
2648 3175 2798 3242 fecit,
2832 3193 2936 3248 per
2965 3193 3140 3248 quem
3170 3181 3227 3233 et
3257 3178 3326 3234 de
3349 3179 3484 3236 Par-

1838 3264 1957 3320 this
1987 3263 2368 3336 triumphavit
2413 3269 2467 3319 et
2517 3282 2726 3337 magna
2755 3282 2824 3320 ex
2855 3270 3016 3336 parte
3056 3267 3479 3338 rempublicam

101 3357 186 3412 tus
215 3355 488 3425 mittitur,
519 3334 577 3410 et
605 3334 838 3411 summo
862 3353 1081 3409 honore
1111 3357 1168 3407 et
1194 3353 1408 3424 gaudio
1439 3334 1730 3408 aJustino
1761 3334 1802 3400 (ἶ
1839 3334 2216 3424 recuperavit.
2249 3355 2386 3408 Hist.
2420 3334 2642 3409 miscet.—
2675 3385 2742 3394 ——
2786 3334 2940 3410 Gens
2981 3334 3326 3411 Winilorum
3357 3357 3480 3414 sive

101 3443 349 3516 Augusto
401 3448 463 3500 et
510 3443 738 3498 cunctis
781 3441 1007 3497 civibus
1039 3445 1347 3512 susceptus
1377 3441 1447 3496 ad
1480 3445 1730 3513 portam,

105 3547 217 3602 quae
244 3531 462 3588 dicitur
488 3533 679 3587 Aurea
706 3547 920 3586 caecum
971 3529 1282 3597 illuminat,
1317 3533 1372 3584 et
1401 3535 1673 3584 coronato
1700 3547 1734 3585 a

106 3635 160 3674 se
184 3622 446 3694 Augusto
475 3619 732 3688 Jastino,
755 3623 812 3675 et
841 3635 943 3690 pro
969 3619 1184 3690 quibus
1208 3622 1440 3673 venerat
1461 3618 1734 3690 impetra-

1843 3441 2374 3514 Longobardorum,
2401 3457 2532 3512 rege
2554 3441 2820 3506 Odwino,
2845 3442 2968 3511 [al.,
2989 3443 3314 3514 Audoinus]
3337 3445 3484 3501 Pan-

1840 3530 2075 3585 noniam
2107 3529 2338 3596 invasit,
2371 3528 2568 3600 ibique
2598 3529 2859 3585 habitare
2892 3529 3083 3602 cmpit.
3130 3533 3292 3587 Paul.
3325 3533 3482 3593 Diae.

1846 3619 1972 3674 hist.
1997 3618 2228 3689 Longob.
2261 3619 2484 3690 Procop.

1145 3768 1614 3824 COMPENDIUM
1655 3769 1748 3825 EX
1785 3769 2034 3825 CODICE
2074 3769 2455 3825 BERNOLDI.

167 3887 268 3944 518
294 3887 623 3945 Armstasius
653 3887 811 3959 imp.,
861 3885 1060 3942 haeresi
1113 3888 1301 3956 favens
1351 3884 1660 3956 Eutychetis
1685 3889 1740 3941 et

111 3976 380 4032 catholicos
406 3991 755 4048 persequens,
808 3976 950 4030 ictus
1003 3975 1243 4045 fulmine
1291 3975 1522 4041 interiit,
1563 3976 1742 4046 major

111 4067 473 4134 octogenario;
502 4079 604 4136 pro
635 4079 736 4136 quo
789 4064 1034 4120 Justinus
1092 4064 1390 4134 imperator
1441 4063 1740 4118 catholicus

113 4151 568 4224 Constantinopoli
595 4153 845 4221 regnavit
869 4154 1034 4206 annis
1065 4155 1200 4215 octo,
1231 4160 1281 4206 et
1309 4167 1431 4206 cum
1469 4151 1741 4207 Vitaliano

111 4247 331 4311 tyranno
351 4257 546 4314 pacem
567 4243 720 4313 fecit,
751 4255 910 4311 quem
933 4249 1122 4311 postea
1155 4248 1338 4294 tamen
1365 4241 1614 4310 peremit.

169 4330 270 4386 519
294 4332 549 4388 Justinus
586 4331 858 4398 Augustus
887 4329 1086 4400 legatos
1117 4328 1412 4384 Hormisda:
1459 4344 1620 4400 papm
1645 4345 1742 4401 pro

111 4416 204 4488 ﬁde
228 4421 423 4476 missos
477 4417 772 4488 honoriﬁce
808 4419 1060 4490 suscepit,
1111 4418 1292 4488 eisque
1337 4419 1396 4472 in
1437 4417 1743 4474 damnatio-

112 4521 223 4563 nem
247 4509 512 4564 haereseos
541 4507 900 4574 consentiens,
929 4506 1106 4561 multa
1129 4522 1230 4578 per
1267 4521 1352 4562 eos
1379 4505 1612 4562 donaria
1644 4507 1744 4563 Ro—

113 4610 245 4652 mam
274 4599 452 4653 misit.

172 4685 265 4741 521
299 4687 552 4742 Justinus
598 4684 935 4757 Augustus...
969 4683 1201 4739 exitium
1239 4683 1519 4740 catholicis
1551 4684 1610 4738 in
1640 4685 1749 4740 Ita-

117 4772 187 4828 lia
212 4776 528 4832 minitatur.

1845 3887 2059 3953 missus,
2091 3890 2144 3941 ct
2195 3902 2229 3940 a
2284 3886 2496 3941 Iustino
2526 3886 2660 3957 Aug.
2695 3893 2747 3941 et
2791 3887 3000 3942 cunctis
3029 3888 3238 3944 civibus
3267 3888 3494 3946 honori-

1848 3975 1946 4043 ﬁce
1974 3978 2272 4046 susceptus,
2307 3975 2376 4030 ad
2402 3983 2618 4046 portam
2653 3991 2779 4045 qua:
2829 3976 3034 4030 dicitur
3079 3978 3256 4032 Aurea
3285 3992 3492 4035 (meum

1850 4063 2132 4118 illuminat
2161 4071 2231 4128 et,
2263 4068 2516 4119 coronato
2539 4081 2572 4118 a
2593 4079 2650 4118 se
2676 4065 2898 4120 Iustino
2919 4064 3176 4135 Augusto,
3199 4081 3325 4121 cum
3349 4066 3494 4121 mul-

1849 4153 1920 4206 tis
1947 4151 2265 4206 muneribus
2295 4151 2479 4207 rediit.
3322 4213 3330 4220 _

1917 4241 2021 4294 524
2053 4239 2402 4294 Theodoricus
2458 4256 2556 4296 rea:
2602 4239 2888 4296 Gothorum
2919 4244 2969 4296 et
2998 4249 3266 4313 tyrannus
3295 4245 3496 4300 Roma-

1848 4344 2046 4383 norum
2105 4330 2415 4384 Boctium...
2481 4327 2670 4384 itidem
2723 4330 3024 4386 interemit.
3065 4332 3334 4388 Joannem
3365 4349 3497 4406 quo-

1853 4433 1954 4488 que
1978 4433 2181 4488 papam
2213 4416 2428 4472 beatum
2455 4419 2688 4472 carceris
2713 4419 3014 4488 afﬂictione
3035 4422 3246 4476 necavit
3271 4438 3346 4478 xv
3373 4422 3495 4478 Kal.

1851 4506 2028 4562 Junii.

1923 4593 2030 4650 523
2061 4594 2477 4650 Theodoricus...
2537 4594 2605 4650 ab
2660 4595 2810 4650 obitu
2855 4596 3082 4652 Joannis
3126 4613 3282 4670 papae
3321 4599 3502 4654 subito

1857 4685 2128 4739 Ravennae
2155 4684 2312 4756 obiit,
2333 4687 2382 4739 et
2406 4685 2610 4739 sicut...
2641 4685 2876 4755 deiectus
2895 4693 2990 4740 est.
3013 4686 3141 4742 Post
3161 4702 3321 4758 quem
3339 4703 3506 4760 nepos

1780 4755 1826 4819 D
1855 4774 1994 4845 ejus,
2053 4774 2422 4840 Atltalaricus,
2475 4790 2612 4844 puer
2665 4789 2786 4828 cum
2831 4782 3004 4830 matre
3056 4755 3306 4846 regnavit
3336 4755 3506 4831 annis

177 4862 278 4918 522
303 4865 366 4920 In
423 4863 617 4934 Africa
671 4870 884 4920 mortuo
945 4861 1312 4917 Trasamundo
1358 4877 1484 4932 rege
1519 4862 1752 4918 Wanda-
1857 4870 1991 4917 octo.
2025 4893 2090 4903 —
2123 4862 2375 4920 Rom...
2408 4862 2632 4918 Felix...
2663 4863 2940 4918 mensibus
2971 4881 3032 4918 ιι.

121 4951 283 5008 lorum
311 4954 542 5019 Ariano,
573 4951 884 5008 Hildericus
905 4967 1007 5022 pro
1035 4967 1094 5006 co
1123 4941 1372 5022 regnavit
1400 4953 1564 5006 annis
1597 4955 1710 5008 octo
1735 4969 1748 5020 ;

1926 4951 2034 5004 526
2063 4948 2532 5020 Constantinopoli
2583 4951 2830 5006 Justinus
2881 4952 3014 5024 imp.
3049 4951 3182 5008 obiit
3204 4969 3224 5015 ;
3264 4969 3364 5025 pro
3393 4969 3498 5026 quo

123 5042 206 5110 qui
229 5043 417 5098 statim
445 5041 700 5098 ecclesias
727 5040 824 5096 diu
851 5041 1069 5095 clausas
1096 5041 1329 5111 aperuit,
1359 5045 1410 5096 et
1454 5056 1636 5095 omnes
1655 5057 1754 5095 ca-
1858 5041 2200 5094 Justinianus
2228 5055 2394 5110 nepos
2427 5039 2544 5109 ejus
2575 5041 2861 5112 imperavit
2891 5043 3053 5097 annis
3082 5059 3314 5098 xxxvm.

123 5127 327 5186 tholicos
354 5129 424 5186 de
451 5130 652 5186 exsilio
679 5130 964 5185 revocavit.

182 5217 282 5272 523
338 5221 524 5274 Romae
577 5217 812 5274 Joannes
864 5232 1010 5287 papa
1068 5215 1152 5270 LV
1201 5215 1339 5270 sedit
1397 5232 1568 5270 annos
1595 5216 1751 5284 duos,

122 5317 314 5362 menses
343 5323 560 5375 novem,
619 5307 718 5377 qui
769 5323 804 5361 a
864 5304 1180 5360 Theodorico
1235 5305 1756 5375 Constantinopolim

1929 5129 2036 5181 527
2063 5129 2414 5184 Justinianus
2436 5129 2614 5198 Aug...
2648 5130 2873 5186 militiae
2921 5132 3074 5202 lecit.
3112 5130 3248 5187 Gens
3283 5132 3507 5188 Winilo-

1862 5233 2054 5271 rum...
2086 5219 2304 5285 invasit,
2337 5225 2388 5273 et
2416 5217 2498 5272 ibi
2519 5217 2801 5274 habitavit.
2848 5214 2861 5224 ’

1727 5430 1962 5486 NOTAE.

184 5546 327 5621 (138)
380 5549 650 5621 Mortem‘
677 5545 859 5603 Boetii
890 5545 1130 5621 pariter
1174 5543 1308 5600 huic
1341 5561 1492 5621 anno
1516 5543 1764 5621 ascribit

1943 5545 2092 5619 (139)
2149 5546 2366 5604 Cuncta
2423 5547 2532 5606 hoc
2584 5565 2736 5607 anno
2795 5553 2989 5608 notata
3038 5549 3109 5608 ad
3165 5549 3500 5618 sequentem

124 5616 327 5678 Marius
354 5622 592 5694 _Avent.,
617 5616 956 5694 Symmachi
973 5621 1168 5694 autem
1190 5633 1343 5674 anno
1363 5617 1484 5675 525.
1507 5616 1762 5689 Joannes
1871 5616 2156 5692 spectant.

127 5702 266 5770 ΡεΡα
290 5690 556 5770 Primum
575 5687 742 5757 enim
769 5690 876 5752 526
906 5687 1068 5752 obiit.
