3940 6428
385 327 497 387 111

1195 321 1609 384 HERMANNI
1655 321 2095 387 CONTRACTI
2138 322 2552 391 AUGIENSIS
2596 322 2972 390 MONACHI.

3671 325 3824 388 112

1769 481 1995 538 CODEX
2031 483 2429 541 AUGIENSIS.

456 581 556 640 ω
585 580 692 638 528
723 579 822 636 His
850 577 1214 650 temporibus
1244 577 1446 633 beatus
1479 577 1656 634 abbas
1677 577 2020 635 Benedictus
2049 581 2103 648 Α
2131 580 2361 649 delevit,
2379 581 2765 638 Geilamerum
2786 598 2984 654 regem
3003 597 3206 639 eorum
3231 584 3474 655 captum
3495 582 3815 640 Constan-

383 664 678 728 immensa
692 668 975 726 virtutum
993 665 1178 740 gloria
1195 665 1422 721 claruit.
1443 665 1776 722 Priscianus
1793 682 2022 740 quoque

383 757 807 836 grammaticus
833 755 927 813 his
956 755 1066 812 fuit
1093 754 1472 826 temporibus.
1503 753 1633 811 Bed.
1665 755 1781 810 chr.

457 835 565 906 529
595 845 890 904 Exercitus
919 845 1217 901 Romanus
1265 843 1506 900 sabbato
1556 843 1787 900 Pascha
1817 860 1852 900 a
1879 845 2019 900 Par-

387 933 507 996 this
539 939 865 1010 superatur.

457 1027 564 1084 530
590 1029 656 1082 In
683 1023 874 1080 Africa
901 1021 1090 1079 occiso
1121 1019 1272 1077 male
1302 1019 1600 1076 Helderico
1622 1036 1754 1093 rege
1773 1022 2022 1078 Wanda-

385 1113 577 1174 lorum
607 1111 910 1177 catbolico,
941 1109 1230 1167 Geilamer
1257 1123 1504 1182 regnum
1553 1109 1834 1166 invadens
1862 1114 2023 1166 tanta

385 1203 612 1260 feritate
638 1201 698 1257 in
746 1197 1058 1256 catholicos
1089 1201 1146 1254 et
1173 1198 1232 1252 in
1263 1214 1463 1254 omnes
1513 1197 1922 1266 debacchatur,
1959 1203 2020 1254 ut

383 1309 488 1348 nec
515 1289 854 1364 parentibus
885 1287 1008 1345 suis
1039 1291 1320 1360 parceret.
1352 1289 1576 1358 Procop.
1613 1287 1742 1342 Vict.
1784 1289 1916 1342 Tun.
1950 1318 2018 1327 ——

378 1381 572 1438 Roma:
592 1377 923 1438 Bonifacius
944 1375 1239 1433 secundus
1260 1392 1411 1448 papa
1428 1375 1574 1431 LVII
1596 1375 1931 1432 seditannis
1953 1393 2014 1442 ιι,

378 1487 582 1528 mense
601 1471 783 1526 ferme
806 1484 843 1537 ι,
857 1481 992 1522 cum
1012 1481 1129 1537 quo
1148 1480 1250 1536 per
1268 1464 1692 1522 dissensionem
1713 1464 2016 1521 ordlnatus

378 1563 469 1618 est
487 1559 822 1624 Dioscorus,
839 1559 897 1612 et
911 1551 1112 1626 paucis
1137 1557 1268 1624 post
1287 1551 1494 1608 diebus
1515 1556 1780 1608 mortuus
1803 1570 1816 1620 ;
1840 1569 2014 1625 quem

375 1651 576 1705 tamen
607 1643 936 1702 Bonifacius
967 1639 1204 1697 collecta
1232 1641 1448 1713 synodo
1479 1641 1756 1696 damnare
1779 1639 2014 1696 molitus

377 1741 486 1795 est.
517 1735 707 1792 Anast.

448 1825 550 1882 531
575 1821 904 1881 Bonifacius
922 1836 1072 1894 papa
1085 1819 1362 1892 Vigilium
1385 1817 1692 1874 diaconum
1717 1818 1775 1874 in
1796 1819 2012 1891 synodo

379 1918 512 1990 post
536 1930 600 1971 se
621 1927 835 1986 papam
851 1909 983 1982 eligi
1011 1908 1121 1964 sub
1142 1907 1528 1979 chirographo
1548 1907 1832 1975 decrevit;
1858 1908 2010 1979 quod

376 2010 574 2060 tamen
604 2004 806 2074 postea
835 1997 1190 2064 rescindens,
1215 1995 1354 2070 quia
1373 1999 1573 2052 contra
1596 2013 1847 2051 canones
1868 2000 2010 2062 erat,

377 2091 723 2150 combussit.
757 2088 885 2160 Ipse
912 2085 972 2142 in
1002 2085 1260 2159 periculo
1309 2084 1480 2140 famis
1511 2083 1726 2140 clerum
1762 2088 1819 2140 et
1868 2101 2011 2156 pau-

375 2196 542 2255 peres
567 2177 843 2235 alimonia
865 2175 1036 2249 juvit.
1068 2175 1255 2230 Anast.

440 2269 550 2324 532
575 2268 660 2324 Ab
689 2265 800 2322 hoc
829 2281 1000 2330 anno,
1033 2261 1595 2318 scilicet.Justiniani
1647 2259 2013 2332 imperatoris

375 2361 556 2425 sexto,
587 2354 900 2427 Dionysius
927 2353 1227 2408 Romanus
1247 2350 1449 2418 abbas,
1473 2349 1778 2420 utriusque
1800 2349 2011 2421 lingua:

357 2439 792 2520 peritissimus,
823 2440 1050 2515 eyclum
1081 2455 1362 2513 magnum
1393 2437 1722 2510 paschalem
1755 2437 2010 2502 inchoat,

375 2533 478 2608 qui
498 2533 626 2606 jam
656 2530 838 2588 semel
875 2529 946 2586 ab
991 2527 1392 2584 incarnatione
1447 2526 1677 2582 Domini
1729 2525 1789 2580 in
1842 2525 2012 2581 annis

376 2639 568 2680 Dxxxn
597 2623 852 2690 exactus,
882 2617 1122 2674 totidem
1152 2616 1211 2671 in
1243 2632 1306 2672 se
1343 2631 1528 2672 annos
1556 2613 1832 2670 continet.
1863 2613 2011 2669 luci-

374 2710 462 2786 pit
505 2713 700 2766 autem
731 2725 766 2765 a
794 2707 981 2782 primo
1012 2703 1348 2761 Diocletiani
1407 2719 1579 2770 anno,
1621 2703 1777 2758 unde
1828 2702 2007 2758 Graeci

372 2799 562 2874 cyclos
589 2815 730 2856 suos
775 2795 1145 2863 inchoabant,
1187 2792 1361 2866 cyclis
1407 2789 2010 2848 decennovennalibus

369 2906 476 2946 xm
503 2885 742 2953 exactis,
773 2885 831 2940 id
862 2888 968 2952 est,
993 2901 1089 2940 an.
1122 2899 1362 2938 ccan.
1393 2880 1522 2936 Bed.
1565 2880 1682 2936 chr.
1717 2911 1782 2921 --
1819 2880 2008 2935 Romae

372 2975 626 3033 Joannes
637 2972 952 3037 secundus,
968 2969 1068 3043 qui
1082 2973 1140 3025 et
1150 2968 1485 3035 Mercurius,
1502 2984 1654 3040 papa
1671 2967 1842 3022 LVIII
1861 2967 2011 3022 sedit

376 3061 548 3120 annis
563 3077 627 3128 ιι,
645 3059 946 3116 mensibus
969 3075 1043 3114 iv.
1059 3057 1144 3112 Ad
1163 3056 1240 3111 bu
1251 3071 1318 3111 nc
1332 3055 1703 3113 Justinianus
1715 3056 2012 3126 Augustus

378 3151 452 3212 de
480 3150 594 3206 Iide
623 3146 969 3205 sualitteras
992 3149 1048 3202 et
1072 3144 1312 3200 donaria
1331 3147 1532 3200 sancto
1553 3143 1718 3198 Petro
1739 3144 2011 3198 transmi-

2127 669 2432 742 tinopolim
2459 669 2721 737 abduxit,
2745 675 2801 727 et
2821 670 3229 744 Carthaginem
3254 670 3597 744 reipublice
3621 670 3818 728 resti-

2127 757 2239 812 tuit
2267 763 2398 830 post
2433 775 2619 814 annos
2647 775 2779 816 xcrv
2805 775 2876 815 ex
2905 775 3021 831 quo
3051 776 3086 816 a
3115 759 3407 816 Geiserico
3465 763 3645 833 capta
3673 763 3809 817 est-

2127 846 2675 920 Geilamerzquoque
2712 852 2844 920 post
2892 846 3118 920 aliquot
3155 864 3341 904 annos
3371 865 3408 904 a
3435 849 3810 906 Justiniano

2127 937 2390 1006 Augusto
2420 951 2614 990 comes
2667 937 2926 1002 effectus,
2980 941 3038 992 et
3091 935 3152 992 in
3205 936 3495 994 terminos
3535 937 3808 994 Partho-

2127 1039 2259 1078 rum
2281 1025 2352 1080 ad
2370 1039 2469 1080 eos
2491 1025 2771 1080 arcendos
2791 1024 3151 1083 constitutus
3161 1029 3270 1082 est.
3287 1024 3528 1082 Marce”.
3543 1028 3804 1084 Marius.

2126 1114 2349 1184 Procop.

2196 1202 2303 1256 535
2333 1202 2523 1271 Romae
2556 1201 2830 1274 Agapitus
2861 1217 3012 1274 papa
3066 1201 3184 1258 LIX
3209 1203 3364 1260 sedit
3392 1220 3548 1261 anno
3585 1203 3718 1261 fere
3750 1222 3808 1260 ι.

2125 1289 2226 1344 Hic
2253 1308 2287 1345 a
2312 1289 2607 1346 Thcodato
2647 1294 2916 1362 tyranno,
2949 1306 3052 1363 pro
3084 1290 3274 1362 gratia
3295 1291 3624 1350 Justiniani
3656 1295 3810 1350 Au-

2123 1378 2302 1449 gusti,
2335 1381 2569 1451 propter
2596 1377 2848 1434 occisam
2886 1377 3337 1436 Amalsuindam
3387 1381 3501 1437 sibi
3533 1382 3807 1450 infensi,

2123 1465 2679 1538 Constantinopolim
2702 1466 2940 1537 missus,
2974 1470 3310 1524 constanter
3337 1485 3475 1526 cum
3503 1471 3804 1544 Augusto

2121 1571 2224 1626 pro
2256 1555 2369 1610 Iide
2397 1554 2612 1610 Christi
2667 1555 3012 1624 decertavit;
3071 1556 3452 1614 Anthemium
3499 1559 3800 1630 ejusdem

2122 1643 2285 1698 urbis
2315 1643 2652 1715 episcopum
2683 1643 3018 1702 haareticum
3066 1645 3399 1702 convictum
3444 1648 3801 1721 damnavit,

2119 1735 2176 1787 et
2195 1731 2254 1786 in
2277 1731 2470 1788 locum
2490 1733 2617 1802 ejus
2639 1732 2862 1788 favente
2884 1735 3148 1806 Augusto
3170 1733 3423 1791 anam
3447 1735 3580 1807 (aL.
3606 1737 3799 1794 Men—

2119 1821 2279 1887 nam)
2301 1821 2622 1888 ordinavit;
2650 1820 2893 1892 ipseque
2916 1820 3132 1878 ibidem
3156 1823 3362 1879 morbo
3382 1827 3578 1881 tactus
3603 1827 3798 1897 obiit,

2119 1913 2175 1964 et
2205 1909 2264 1964 in
2295 1908 2485 1964 loculo
2517 1908 2790 1980 plumbeo
2821 1910 3065 1966 Romam
3095 1909 3316 1968 relatus
3357 1913 3432 1968 ad
3471 1917 3799 1986 _Sanctum

2121 1998 2352 2054 Petrum
2387 1997 2650 2069 sepultus
2681 2002 2786 2054 est.
2823 1999 3007 2054 Anast.
3042 1999 3280 2056 Marce”.
3321 2003 3451 2058 Vict.
3486 2004 3625 2059 Tim.

2187 2087 2294 2141 536
2317 2087 2508 2142 Romze
2527 2086 3152 2154 Silverius,Hormisda3
3170 2106 3331 2163 pupis
3345 2091 3572 2148 dudum
3588 2093 3792 2163 ﬁlius,

2119 2178 2320 2231 contra
2345 2173 2702 2232 voluntatem
2732 2174 2872 2232 oleri
2913 2191 2948 2232 a
2989 2175 3287 2234 Theodato
3317 2182 3564 2252 tyranno
3594 2198 3795 2253 pecu-

2120 2263 2218 2318 nia
2245 2269 2514 2336 corrupto
2571 2263 2718 2334 (149)
2768 2263 2857 2319 LX
2908 2281 3060 2337 papa
3113 2265 3396 2324 violenter
3435 2276 3790 2342 promotus,

2119 2351 2270 2408 sedit
2289 2369 2440 2407 anno
2466 2369 2506 2416 ι,
2532 2353 2832 2409 mensibus
2852 2370 2906 2408 ν.
2932 2354 3171 2414 Marce”.
3195 2355 3384 2412 Anast.
3411 2388 3476 2400 —
3498 2357 3794 2417 Theoda-

2118 2441 2293 2496 datus
2323 2445 2606 2512 tyrannus
2637 2439 2848 2496 abhinc
2879 2447 3012 2514 post
3063 2459 3103 2498 ιι
3161 2459 3395 2501 menses
3427 2463 3460 2501 a
3491 2447 3792 2522 Witigiso

2119 2533 2474 2600 peremptus,
2509 2533 2565 2584 et
2593 2529 2828 2602 Witigis
2857 2531 2980 2602 (al.,
3013 2530 3278 2604 Witiges)
3311 2549 3412 2589 rex
3438 2533 3791 2596 Gothorum

2117 2618 2304 2673 factus
2317 2618 2670 2673 est.Aimoin.
2683 2616 3079 2674 —Belisarius
3091 2620 3790 2691 patriciusaiustiniauo

2115 2706 2375 2777 Augusto
2401 2705 2459 2760 in
2488 2705 2716 2762 Italiam
2748 2710 2948 2762 contra
2975 2707 3194 2764 Gothos
3225 2709 3468 2778 missus,
3497 2727 3608 2784 per
3629 2713 3793 2772 Sici-

2118 2791 2259 2849 liam
2301 2793 2613 2862 transiens,
2663 2797 2720 2849 et
2761 2795 3051 2851 Sunderat
3096 2793 3308 2852 ducem
3354 2799 3484 2870 ejus
3523 2800 3789 2860 vincens

2117 2881 2485 2954 Africamque
2503 2883 2574 2938 de
2597 2882 2858 2954 tyrannis
2880 2884 2975 2940 87
3003 2899 3236 2953 eruens,
3251 2886 3553 2955 Neapolim
3576 2895 3790 2950 trans-

2109 2969 2348 3024 fretavit
2374 2970 2680 3042 ipsamque
2701 2971 2904 3027 urbem
2927 2972 3040 3028 sibi
3065 2973 3434 3032 resistentem
3455 2977 3785 3039 obsessam

2117 3057 2171 3112 vi
2203 3057 2374 3128 cepit,
2407 3063 2466 3114 et
2495 3063 2614 3113 tam
2645 3059 2798 3114 cives
2828 3076 3006 3131 quam
3031 3060 3271 3129 Gothos,
3310 3062 3456 3118 nulli
3488 3083 3781 3138 parcens,

2115 3145 2442 3202 trucidavit.
2462 3146 2598 3202 Inde
2619 3164 2752 3204 cum
2774 3148 2978 3204 urbem
3000 3149 3243 3207 Romam
3261 3150 3565 3225 ingressus
3585 3164 3782 3232 esset,

370 3237 467 3298 sit.
499 3239 694 3296 Anast.
725 3252 818 3292 an.
850 3235 974 3290 533.
1008 3265 1075 3275 —
1105 3231 1498 3289 Theodericus
1527 3247 1626 3286 rex
1655 3230 2007 3288 Francorum
2044 3305 2076 3314 _
2115 3235 2286 3290 Gothi
2315 3252 2520 3293 omnes
2549 3235 2648 3308 qui
2679 3236 2758 3292 ibi
2782 3237 3026 3307 fuerant,
3059 3243 3226 3296 nocte
3255 3243 3499 3314 egressi,
3533 3230 3781 3304 Raven;

369 3343 520 3387 anno
551 3325 715 3400 regni
745 3339 890 3381 χχιιι
921 3321 1187 3390 moritur,
1237 3325 1292 3377 et
1339 3321 1507 3376 Metis
1554 3319 1867 3392 sepelitur:
1900 3337 2003 3392 pro
2035 3305 2078 3375 Ο
2115 3340 2252 3380 nam
2284 3305 2583 3396 fugientes.
2601 3325 2910 3396 petierunt,
2945 3305 3092 3398 quos
3131 3305 3455 3400 insecutus,
3485 3339 3779 3393 conserto

367 3433 484 3494 quo
513 3415 670 3472 ﬁlius
707 3415 836 3486 ejus
891 3411 1324 3468 Theodebertus
1383 3408 1642 3482 regnavit
1696 3407 1835 3464 anni
1883 3427 1998 3466 xxv.

365 3505 519 3580 Greg.
557 3508 680 3564 Tur.
707 3521 802 3560 an.
831 3503 958 3558 534.

367 3589 375 3600 ’
431 3596 538 3652 533
569 3595 762 3652 Rome
791 3595 1019 3648 mortuo
1074 3588 1408 3646 Athalarico
1464 3605 1598 3661 rege
1655 3587 1999 3659 Gothorum,

362 3682 742 3742 Amalsuinda
770 3681 1136 3737 Theodatum
1168 3680 1269 3734 66
1307 3679 1366 3734 in
1425 3678 1786 3734 consortium
1835 3679 1998 3751 regni

363 3769 650 3838 assumit;
675 3769 778 3842 qui
808 3768 997 3840 ipsam
1023 3782 1136 3822 non
1159 3765 1342 3820 multo
1363 3769 1494 3838 post
1513 3764 1699 3821 occidi
1716 3764 1922 3836 jussit,
1944 3768 2000 3821 et

361 3875 608 3934 regnum
637 3857 750 3916 sibi
781 3855 886 3912 soli
921 3853 1237 3926 usurpavit.
1261 3853 1498 3910 Marce”.
1527 3871 1620 3909 an.
1653 3869 1762 3924 seq.

427 3949 532 4006 534
562 3941 875 4006 Belisarius
905 3943 1180 4018 patricius
1211 3960 1245 3999 ει
1271 3942 1604 3999 Justiniano
1650 3943 1998 4014 imperatore

357 4037 576 4097 missus
599 4033 1022 4094 Wandalorum
1045 4035 1273 4105 gentem
1307 4032 1366 4086 in
1396 4031 1590 4086 Africa
1611 4029 1758 4086 bello
1782 4031 1994 4087 victam

2113 3411 2308 3484 pra-lio
2339 3417 2564 3485 septem
2595 3411 2780 3468 millia
2831 3428 2900 3469 ex
2945 3414 3031 3470 eis
3090 3415 3322 3472 occidit.
3352 3418 3594 3493 Witigis
3624 3439 3779 3480 vero

2109 3499 2347 3556 collecto
2377 3501 2583 3572 grandi
2615 3499 2867 3556 exercitu
2899 3501 3246 3560 Belisarium
3280 3506 3612 3580 urbemque
3645 3510 3781 3568 Ro-

2108 3605 2265 3644 mam
2288 3606 2402 3645 uno
2417 3607 2568 3645 anno
2586 3589 2833 3673 obsedit,
2849 3591 3166 3664 omniaque
3183 3593 3406 3650 circum
3419 3595 3776 3672 devastans,

2107 3677 2310 3733 urbem
2345 3676 2494 3742 bello
2527 3683 2583 3733 et
2616 3678 2765 3733 fame
2783 3678 3034 3750 graviter
3052 3682 3364 3752 oppressit.
3388 3681 3600 3741 Postea
3624 3703 3777 3745 vero

2104 3782 2336 3838 egresso
2367 3765 2662 3834 Belisario,
2695 3783 2893 3839 pugna
2923 3771 3240 3826 commissa
3263 3771 3475 3837 victus,
3528 3774 3777 3836 Raven-

2104 3872 2240 3912 nam
2282 3855 2526 3928 aufugit.
2577 3857 2802 3926 Procop.
2861 3856 2994 3912 Mar.
3027 3858 3180 3914 Jorn.
3229 3889 3296 3901 -—
3345 3860 3554 3918 Fames
3587 3867 3775 3921 tanta

2102 3945 2256 4000 facta
2286 3949 2396 4010 est,
2432 3949 2494 3999 ut
2525 3944 2583 3998 in
2618 3943 2853 4016 Liguria
2883 3945 3150 4017 quaedam
3174 3947 3450 4006 mulieres
3475 3951 3780 4022 parvulos

2102 4049 2242 4089 suos
2267 4034 2656 4089 comederent.
2688 4032 2934 4089 Marce”.
2968 4033 3024 4090 h.
3055 4051 3108 4090 a.

1383 4155 1855 4212 COMPENDiUM
1897 4155 1987 4212 EX
2024 4156 2274 4214 CODICE
2315 4156 2694 4214 BERNOLDI.

425 4277 532 4334 528
561 4277 654 4332 His
679 4273 1031 4348 temporibus,
1063 4275 1200 4341 etc.,
1233 4275 1297 4328 ut
1325 4273 1472 4344 Aug.

426 4365 533 4421 330
560 4367 620 4422 In
652 4365 838 4435 Africa
865 4364 1036 4420 occiso
1067 4361 1416 4418 Hilderico...
1457 4359 1740 4428 invadens,
1792 4362 1852 4415 in
1895 4375 1988 4416 ca-

353 4454 582 4512 tholicos
603 4459 654 4510 et
681 4455 742 4509 in
769 4469 950 4510 omnes
977 4451 1356 4508 debacchatur.
1386 4452 1566 4506 Romae
1587 4450 1899 4519 Bonifacius
1923 4451 1992 4522 II,

345 4559 494 4617 papa
522 4545 678 4612 LVII,
705 4543 841 4598 sedit
868 4542 1034 4598 annis
1063 4557 1128 4608 ιι,
1157 4555 1340 4596 mense
1367 4541 1537 4610 ferme
1564 4553 1694 4593 uno.

417 4633 518 4689 531
551 4633 866 4704 Bonifacius
891 4647 1037 4704 papa
1064 4630 1388 4700 Vigilium...
1423 4626 1727 4682 combussit.

415 4722 524 4778 532
549 4721 626 4777 Ab
652 4721 750 4778 hoc
803 4736 1013 4776 anno...
1073 4720 1346 4774 Romanus
1399 4716 1564 4771 abbas
1615 4715 1894 4788 cyclum...
1929 4717 1987 4771 in

343 4825 403 4866 se
429 4826 602 4867 annos
628 4811 883 4866 continet.
920 4810 1102 4864 Romae
1127 4807 1431 4862 Joannes...
1463 4804 1600 4860 sedit
1628 4821 1800 4860 annos
1829 4805 1981 4872 duos,

2023 4274 2068 4340 D
2095 4277 2312 4344 gentem
2348 4273 2732 4330 Wandalorum
2759 4275 2820 4330 in
2865 4275 3056 4346 Africa
3088 4275 3227 4334 bello
3268 4279 3473 4336 victam
3527 4280 3768 4354 delevit,

2095 4371 2356 4434 captoque
2381 4379 2505 4433 rege
2525 4379 2712 4418 eorum
2735 4361 3020 4420 Gevamero
3042 4363 3320 4440 (Gelimer)
3355 4367 3774 4439 Carthaginem

2102 4451 2339 4506 Romano
2368 4453 2566 4524 populo
2607 4452 2868 4508 restituit.

2167 4540 2275 4594 535
2305 4541 2479 4622 Rome
2510 4541 2770 4612 Agapitus
2793 4557 2938 4613 papa
2966 4543 3077 4598 LIX
3119 4543 3258 4600 sedit
3285 4561 3434 4602 anno
3459 4548 3580 4618 fere
3608 4564 3757 4608 uno.

2098 4629 2194 4684 Hic
2221 4646 2256 4684 a
2281 4629 2546 4686 Theodato
2575 4633 2812 4701 tyranno
2862 4647 2961 4701 pro
3017 4633 3201 4700 gratia
3247 4636 3566 4692 Justiniani
3606 4639 3758 4710 Aug.

2093 4717 2295 4772 missus
2322 4719 2870 4788 Constantinopolim,
2913 4720 3262 4776 Anthemium
3315 4722 3562 4793 ejusdem
3589 4726 3762 4783 urbis

2091 4807 2400 4876 episcopum
2429 4804 2746 4870 hxreticum
2773 4806 3078 4875 damnavit,
3109 4807 3467 4882 ordinatoque
3483 4812 3602 4870 alio
3622 4818 3759 4887 epi-

342 4914 550 4970 menses
599 4903 854 4971 quatuor,
905 4898 998 4953 cui
1048 4895 1392 4952 Justinianus
1441 4894 1577 4965 Aug.
1639 4893 1702 4949 de
1746 4893 1853 4964 ﬁde
1880 4910 1983 4951 sua
2088 4910 2242 4966 scopo
2271 4892 2327 4949 id
2357 4900 2455 4963 est,
2494 4895 2692 4950 Menete
2727 4895 3010 4964 catholico,
3071 4897 3190 4968 ipse
3245 4898 3449 4956 ibidem
3493 4900 3657 4972 obiit,
3688 4905 3758 4962 in

342 4987 548 5045 litteras
575 4988 898 5044 transmisit.

408 5077 514 5132 533
540 5077 723 5133 Roma
747 5084 960 5130 mortuo
985 5071 1294 5128 Alhalarico
1324 5087 1448 5140 rege
1477 5068 1767 5126 Gothorum
1787 5071 1974 5127 Amal-

2086 4983 2462 5038 ecclesiasticis
2491 4983 2692 5053 regulis
2721 4986 2970 5056 apprime
2998 4987 3264 5042 eruditus.

2155 5072 2262 5126 536
2291 5072 2466 5127 Romae
2496 5071 2780 5141 Silverius,
2815 5075 3114 5132 llormisdse
3133 5075 3344 5132 dudum
3366 5095 3533 5152 papae
3561 5081 3748 5152 ﬁlius,

336 5163 533 5221 suinda
558 5169 736 5220 mater
762 5167 878 5236 ejus
935 5160 1260 5217 Theodatum
1316 5161 1376 5214 in
1430 5161 1761 5214 consortium
1817 5162 1978 5230 regni
2081 5168 2270 5216 contra
2299 5159 2631 5215 voluntatem
2657 5161 2814 5226 cieri,
2853 5177 2886 5216 a
2923 5163 3176 5220 Theodato
3205 5169 3466 5238 tyranno,
3498 5173 3752 5239 pecunia

334 5255 536 5310 sumit:
569 5254 664 5326 qui
693 5259 874 5308 tamen
927 5267 1050 5307 eam
1095 5253 1278 5321 postea
1335 5247 1507 5304 occidi
1553 5249 1744 5319 jussit,
1779 5251 1832 5302 et
1863 5251 1975 5322 ipse
2081 5257 2350 5322 corrupto,
2381 5249 2466 5304 LX
2489 5265 2634 5320 papa
2689 5249 2954 5307 violenter
3003 5257 3306 5326 promotus,
3347 5257 3492 5314 sedit
3521 5275 3748 5319 annum

332 5342 478 5399 solus
505 5343 779 5412 regnavit.

401 5429 507 5488 534
536 5429 837 5487 Belisarius
859 5428 1128 5500 patricius
1163 5443 1198 5483 a
1245 5427 1554 5484 Iustiniano
1585 5426 1716 5499 imp.
1749 5427 1968 5498 missus,

2081 5354 2276 5410 unum,
2321 5353 2530 5393 menses
2561 5337 2825 5410 quinque.

1911 5552 2139 5611 NOT/E.

395 5670 544 5756 (140)
573 5665 788 5751 Pagina
816 5667 876 5734 in
929 5667 1090 5732 Brev.
1139 5669 1302 5731 Pent.
1347 5669 1538 5742 Rom.,
1579 5670 1722 5727 tom.
1759 5666 1803 5742 Ι,
1833 5683 1966 5746 pag.

2077 5669 2204 5746 285,
2263 5668 2570 5732 Silveriurn
2630 5668 2702 5734 ab
2760 5667 2866 5734 hac
2931 5671 3064 5739 labe
3117 5675 3303 5742 solide
3381 5677 3732 5752 vindicavit.
