3940 6398
145 452 237 519 lii

1346 450 1819 519 CHRONICON.
1850 478 1931 500 —
1958 450 2149 516 SEC.
2195 452 2299 517 Vl.

3392 457 3509 520 122

1491 612 1723 671 CODEX
1758 609 2157 670 AUGIENSIS.

138 713 510 788 Fridegundis
532 714 658 787 jam
690 714 901 789 reginae
933 715 1162 773 duobus
1182 712 1760 776 adolescentibus,ab
1790 711 1846 776 Α
1875 712 2033 766 Paul.
2066 713 2217 768 Diae.
2250 729 2341 769 an.
2376 714 2500 768 572.
2529 745 2594 754 —
2620 714 2731 769 Hoc
2765 713 2905 770 item
2939 718 3200 787 tempore
3238 715 3515 783 Saxones,

140 806 211 862 eis
224 808 563 876 peremptus
580 804 821 873 interiit,
839 806 1069 877 ipsique
1087 806 1301 877 pariter
1315 804 1498 859 exstin
1509 802 1581 857 cti
1598 806 1761 868 sunt;

141 898 188 950 et
213 891 476 949 Brunihil
508 908 653 947 uxor
681 893 808 963 ejus
837 909 970 948 cum
995 893 1112 948 ﬁlio
1143 892 1508 948 Childeberto
1527 894 1692 961 capta
1713 895 1769 943 et

138 982 396 1039 custodite
455 980 787 1052 mancipata
844 986 951 1036 est.
1011 982 1122 1037 Sed
1180 981 1584 1036 Childebertus
1626 996 1769 1051 puer

140 1069 388 1129 clanculo
419 1069 545 1125 suis
576 1074 832 1142 ereptus,
865 1074 922 1125 et
953 1087 1050 1127 rex
1081 1087 1183 1141 pro
1221 1074 1383 1141 patre
1441 1073 1765 1140 promotus,

139 1157 386 1233 regnavit
414 1158 586 1213 annis
615 1174 780 1225 xxm,
812 1175 910 1213 rex
940 1159 1257 1214 admodum
1291 1158 1455 1213 fortis
1516 1162 1572 1213 et
1623 1162 1766 1213 stre-

140 1264 298 1305 nuus.
332 1246 518 1317 Hujus
547 1261 711 1302 soror
740 1246 1023 1318 Ingundis
1056 1246 1442 1318 Hirmingildo
1488 1246 1608 1317 regi
1658 1246 1767 1301 Go-

137 1337 359 1393 thorum
391 1334 512 1389 filio
544 1334 860 1406 Leovigildi
893 1336 1111 1407 nupsit.
1148 1336 1299 1406 Greg.
1352 1337 1498 1400 Tur.,
1532 1336 1569 1389 ι.
1622 1352 1697 1401 ιν,
1719 1352 1766 1389 c.

142 1426 220 1481 46.
252 1442 303 1480 a.
340 1425 467 1480 575.

198 1511 811 1584 575Constantinopoli
824 1512 1093 1569 Justinus
1112 1513 1424 1585 imperator
1441 1518 1573 1585 post
1586 1513 1772 1568 multa

140 1601 281 1659 mala
308 1605 367 1658 et
395 1600 745 1673 cupiditates
775 1618 911 1657 suas
941 1602 1001 1658 in
1031 1602 1346 1659 amentiam
1368 1619 1570 1659 versus
1594 1603 1769 1658 mori-

133 1696 257 1760 tur;
288 1707 394 1763 pro
420 1705 536 1761 quo
558 1689 827 1746 Tiberius
877 1691 1315 1759 Constantinus,
1378 1693 1477 1764 qui
1534 1697 1589 1747 et
1646 1692 1769 1764 ipso

134 1783 321 1838 mente
351 1781 521 1849 capto
553 1776 838 1849 palatium
870 1785 1113 1848 rexerat,
1146 1782 1405 1853 regnavit
1452 1782 1622 1837 annis
1669 1798 1767 1847 vn,

129 1869 213 1925 vir
237 1868 355 1924 Deo
385 1866 632 1921 devotus
662 1869 719 1920 et
749 1865 1131 1941 eleemosynis
1154 1886 1477 1941 pauperum
1505 1870 1770 1925 omnium

129 1954 516 2029 largissimus,
540 1957 716 2024 atque
747 1954 805 2010 in
829 1957 1101 2027 acquiren
1113 1959 1199 2013 dis
1222 1958 1387 2013 facile
1410 1958 1629 2013 divitiis
1651 1974 1770 2012 om-

1879 800 1978 871 qui
2009 818 2140 856 cum
2168 802 2409 858 Alboino
2444 803 2666 859 Italiam
2693 804 3069 870 intraverant,
3102 803 3319 861 Gallias
3357 804 3515 859 inva-

1875 890 2057 955 dunt;
2094 893 2191 946 sed
2226 908 2259 946 a
2289 892 2611 948 Mummulo
2642 893 2773 948 cmsi
2801 898 2856 947 et
2883 892 3172 948 humiliali
3210 894 3519 966 impetrata

1877 994 2016 1048 pace
2046 980 2291 1034 redeunt
2314 985 2403 1047 ;et
2433 985 2562 1052 post
2585 997 2805 1036 annum
2826 982 2966 1037 item
2991 981 3242 1053 patriam
3263 987 3519 1053 repetere

1876 1066 2131 1122 volentes
2163 1068 2378 1123 Gallias
2400 1075 2624 1140 petunt,
2643 1069 2765 1125 viso
2789 1070 3113 1125 Mummulo
3147 1071 3351 1136 territi,
3380 1088 3520 1126 auro

1879 1173 1941 1211 se
1966 1157 2279 1211 redimunt.
2314 1158 2612 1213 Postremo
2644 1177 2677 1213 a
2708 1158 2933 1227 Suevis,
2962 1159 3063 1231 qui
3093 1158 3285 1214 locum
3317 1176 3519 1215 eorum

1879 1244 2275 1314 possederant,
2311 1263 2505 1317 pugna
2532 1247 2665 1301 victi
2696 1252 2751 1303 et
2791 1264 2933 1319 pene
2954 1247 3129 1302 deleti
3162 1252 3321 1303 sunt.
3353 1248 3517 1304 Paul.

1878 1335 2027 1387 Diae.
2062 1335 2097 1387 ι.
2134 1352 2214 1397 ιιι,
2242 1352 2288 1389 c.
2323 1352 2397 1401 v.,
2430 1337 2503 1390 al.
2539 1353 2590 1390 a.
2618 1338 2741 1392 572.
2847 1400 2853 1405 λ

1951 1424 2054 1477 578
2086 1424 2277 1478 Roma:
2309 1424 2656 1480 Benedictus
2687 1442 2836 1496 papa
2866 1425 3034 1481 LXIV
3065 1426 3214 1481 sedit
3242 1425 3411 1481 annis
3444 1444 3516 1494 ιν,

1880 1510 2181 1566 mensibus
2216 1530 2250 1565 ιι
2274 1514 2443 1580 (162),
2468 1531 2501 1566 a
2533 1529 2646 1583 quo
2683 1513 2885 1568 beatus
2900 1513 3212 1585 Gregorius
3235 1515 3305 1569 de
3328 1531 3521 1569 mona—

1879 1598 2053 1652 sterio
2084 1599 2314 1654 ablatus
2344 1605 2401 1655 et
2430 1602 2711 1657 diaconus
2741 1602 3070 1667 ordinatus,
3118 1603 3522 1658 Constantino-

1880 1685 2173 1757 polimque
2195 1688 2586 1760 apocrisiarus
2619 1690 2858 1757 missus,
2884 1690 3235 1763 Eutychium
3257 1691 3519 1761 ejusdem

1880 1775 2040 1830 urbis
2070 1776 2405 1848 episcopum
2440 1778 2496 1835 in
2532 1779 2644 1834 fide
2677 1778 3120 1834 resurrectionis
3152 1796 3397 1847 errasse,
3431 1779 3525 1833 Ti-

1878 1862 2036 1918 berio
2065 1867 2328 1935 Augusto
2360 1871 2643 1937 prescnte,
2679 1868 2962 1934 convicit;
3025 1869 3122 1923 ubi
3182 1867 3358 1923 etiam
3423 1869 3519 1925 78

1879 1953 2175 2024 egregium
2207 1971 2352 2026 opus
2384 1957 2610 2011 Moralia
2643 1959 2704 2011 in
2731 1958 2847 2022 Job,
2878 1957 3246 2012 venientibus
3288 1958 3359 2012 ad
3392 1974 3522 2013 eum

127 2046 286 2102 nium
317 2042 823 2100 fortunatissimus
854 2046 1020 2117 (I59).
1055 2048 1119 2101 In
1151 2047 1314 2102 Italia
1343 2047 1479 2118 Clep
1512 2047 1770 2118 (Clepho)
1805 2077 1852 2142 B
1883 2041 2186 2142 monachis
2217 2043 2373 2142 suis1
2391 2045 2635 2100 scribere
2680 2046 3018 2116 compulsus
3075 2050 3184 2101 est.
3235 2046 3397 2142 Beda.
3459 2077 3526 2085 —

127 2130 639 2207 Langobardorum
671 2146 790 2198 rex,
824 2132 923 2203 qui
956 2150 1059 2206 pro
1091 2135 1332 2189 Alboino
1380 2135 1596 2191 electus
1654 2135 1774 2190 fue-

122 2227 227 2291 rat,
259 2237 402 2279 oum
425 2235 580 2276 anno
600 2224 658 2275 et
680 2236 880 2277 mense
906 2240 1020 2279 uno
1047 2223 1359 2279 crudeliter
1382 2229 1707 2296 regnasset,
1734 2228 1791 2280 et

122 2309 340 2367 multos
360 2309 762 2364 Romanorum
788 2311 1162 2381 peremisset,
1183 2329 1216 2367 a
1239 2312 1471 2383 proprio
1496 2328 1659 2367 servo
1684 2329 1789 2367 suo

119 2399 512 2470 interemptus
532 2400 649 2464 est;
666 2402 797 2469 post
815 2416 988 2470 quem
1006 2401 1371 2473 Longobardi
1400 2401 1524 2456 sine
1554 2401 1790 2472 regibus

121 2505 222 2562 per
252 2503 447 2544 annos
476 2503 515 2540 x
546 2484 656 2541 sub
688 2488 939 2544 ducibus
989 2492 1079 2545 77
1141 2490 1476 2555 militantes,
1511 2490 1782 2562 pluribus

118 2596 222 2651 per
242 2581 433 2634 totam
456 2572 685 2631 Italiam
707 2576 1144 2634 debacchentur
1163 2579 1505 2646 sceleribus,
1532 2581 1726 2651 Burgu
1737 2596 1796 2633 n-

117 2667 407 2739 diamque
429 2663 608 2732 (sicut
655 2670 894 2722 sanctus
953 2668 1259 2739 Hospittus
1318 2670 1465 2740 (160)
1526 2667 1793 2723 reclusus

118 2756 499 2829 pradixerat)
530 2752 807 2827 ingressi,
851 2758 1125 2811 Amatum
1178 2758 1324 2828 (161)
1383 2758 1591 2813 ducem
1632 2758 1792 2813 Gun‘

114 2846 360 2903 trammi
381 2846 543 2921 regis
560 2862 760 2919 pugna
792 2844 1013 2900 victum
1041 2846 1333 2913 occidunt,
1356 2850 1412 2901 et
1442 2846 1625 2901 multa
1641 2848 1792 2903 caede

113 2933 270 2991 facta
299 2935 546 3008 praedis
577 2933 750 2990 ditati
794 2935 855 2989 in
914 2933 1140 2990 Italiam
1190 2939 1576 2991 revertuntur.
1638 2936 1788 3007 Greg.

117 3025 245 3081 Tur.
278 3024 463 3080 Paul.
496 3024 672 3089 Diac.,
705 3024 838 3091 Mar;
876 3040 929 3077 a.
956 3023 1081 3078 576.

179 3113 295 3170 576
314 3112 450 3168 Hoc
476 3114 745 3183 tempore
774 3111 1080 3168 Meroveus
1101 3112 1408 3183 Chilperici
1431 3111 1609 3181 ﬁlius,
1641 3131 1674 3168 a
1695 3130 1791 3185 pa-

108 3203 198 3257 tre
217 3204 451 3259 contra
480 3200 746 3256 Pictavos
777 3201 1020 3268 missus,
1053 3205 1110 3257 et
1134 3201 1268 3256 inde
1300 3205 1613 3269 revertens,
1646 3204 1790 3258 Bru-

110 3287 420 3344 nihildem
455 3286 681 3358 accepit
717 3304 1054 3355 uxorem;a
1108 3304 1225 3359 qua
1279 3290 1481 3344 statim
1538 3307 1571 3345 a
1628 3295 1787 3361 patre

1898 2130 2015 2184 Hoc
2046 2135 2301 2202 tempore
2334 2133 2755 2189 Guntrammus
2788 2135 2934 2205 (l63)
2994 2151 3092 2189 rcx
3142 2133 3527 2190 Dracolenum

1899 2217 2107 2273 ducem
2138 2223 2384 2291 superbe
2414 2221 2524 2276 sibi
2554 2220 2787 2277 vincula
2817 2222 3182 2278 minitantem
3214 2240 3409 2295 pugna
3446 2224 3527 2278 vi-

1898 2310 2058 2361 ctum
2090 2308 2318 2365 occidit.
2355 2308 2509 2379 Greg.
2541 2312 2664 2366 Tur.

1968 2396 2073 2449 579
2101 2396 2460 2469 Chilpericus
2492 2415 2587 2454 rex
2609 2400 2962 2455 Francorum
2993 2399 3272 2455 inauditis
3294 2400 3537 2456 exactio-

1901 2483 2073 2539 nibus
2093 2486 2373 2556 populum
2398 2504 2572 2542 suum
2593 2492 2652 2548 et
2677 2488 3166 2560 descriptionibus
3182 2489 3414 2557 afﬂixit;
3436 2490 3536 2544 scd

1900 2578 2132 2628 exactor
2162 2575 2289 2645 ejus
2319 2576 2566 2644 occisus,
2629 2581 2684 2631 et
2742 2576 2989 2650 pictacia
3033 2594 3244 2633 census
3302 2578 3538 2634 incensa

1901 2666 2056 2718 sunt.
2088 2662 2240 2734 Greg.
2276 2665 2398 2719 Tur.
2429 2682 2481 2719 a.
2505 2681 2612 2736 seq.
2649 2696 2718 2706 —-
2744 2666 2953 2738 Magna
2984 2684 3271 2738 aquarum
3292 2667 3538 2722 inunda-

1899 2750 1978 2806 tio
2008 2754 2064 2805 et
2091 2751 2337 2819 illuvies,
2363 2753 2628 2820 fulmina,
2662 2758 2719 2810 et
2747 2759 3130 2824 terrazmotus,
3159 2759 3216 2811 et
3272 2754 3537 2828 prodigia

1899 2855 2151 2912 sequens
2204 2841 2533 2912 pestilentia
2589 2842 2802 2899 Gallias
2873 2843 3133 2915 aliasque
3209 2844 3534 2916 provincias

1900 2929 2172 2985 afﬂixere.
2207 2961 2273 2971 —
2303 2932 2445 2986 Tres
2468 2931 2569 2985 ﬁlii
2601 2931 2908 3004 Chilperici
2929 2933 3262 3004 dysenteria
3292 2933 3533 3004 periere,

1898 3023 2162 3089 quartus,
2196 3019 2268 3075 ab
2299 3019 2426 3091 ipso
2458 3019 2515 3075 in
2547 3021 2812 3077 custodia
2838 3022 3081 3093 positus,
3116 3021 3417 3077 molimine
3434 3037 3536 3077 no-

1897 3125 2073 3162 vercae
2111 3107 2490 3180 Fridegundis
2520 3109 2707 3165 cultro
2740 3111 2889 3165 fixus
2916 3110 3156 3166 interiit.
3199 3110 3354 3180 Greg.
3390 3112 3536 3180 Tur.,

1898 3198 2032 3251 Hist.
2066 3198 2219 3268 epist.
2249 3214 2301 3251 a.
2324 3213 2433 3269 seq.
2466 3229 2534 3238 —
2573 3199 2636 3254 In
2666 3198 2961 3271 Hispaniis
3020 3198 3382 3271 Leovi‘gildus
3438 3216 3539 3254 rex

1898 3285 2219 3340 Gothorum
2276 3286 2548 3355 Arianus,
2610 3287 2926 3358 instigante
2993 3287 3281 3344 Goesinda
3337 3304 3531 3356 uxore,

102 3378 466 3448 separatus,
499 3391 636 3431 cum
684 3380 990 3447 suspectus
1034 3376 1367 3443 haberetur,
1426 3394 1541 3433 non
1601 3379 1785 3435 multo
1822 3438 1856 3449 η
1895 3373 2209 3429 catholicos
2242 3376 2629 3446 persequitur.
2658 3376 2758 3431 His
2790 3376 2997 3431 diebus
3028 3392 3250 3448 magnae
3310 3376 3535 3449 Longo-

100 3438 243 3537 po-st
271 3438 566 3522 attonsus
597 3468 655 3520 et
676 3438 979 3537 presbyter
993 3438 1476 3537 ordinarijussus
1496 3472 1601 3523 est.
1625 3468 1780 3538 Greg.
1814 3438 1857 3505 C
1896 3463 2211 3518 burdorum
2242 3438 2587 3534 copiarcum
2620 3465 2810 3519 tribus
2849 3464 3097 3520 ducibus
3125 3438 3391 3520 "Galliam
3428 3438 3535 3519 in-

99 3556 225 3610 Tur.
260 3555 304 3610 ι.
341 3571 409 3623 v,
445 3569 496 3608 ο.
530 3554 659 3619 2,3.
694 3554 893 3609 -—Per
921 3555 1077 3610 idem
1107 3558 1341 3626 tempus
1366 3556 1423 3610 S.
1459 3556 1785 3614 Germanus
1895 3568 2127 3623 grossae,
2163 3550 2407 3606 diversis
2440 3552 2630 3607 modis
2659 3556 2715 3607 et
2743 3552 2958 3624 prmliis
2990 3571 3024 3608 a
3066 3552 3389 3608 Mummulo
3446 3558 3533 3608 at-

94 3644 491 3699 Parisiorum
514 3641 826 3714 episcopus
852 3642 1122 3715 migravit
1153 3644 1224 3699 ad
1249 3644 1584 3700 Dominum.
1620 3647 1786 3702 Circa
1895 3640 2063 3706 tritae,
2095 3640 2188 3694 vix
2218 3640 2452 3695 tandem
2475 3640 2534 3694 in
2562 3639 2790 3696 Italiam
2814 3641 3171 3713 refugerunt.
3197 3642 3358 3697 Paul.
3382 3643 3534 3697 Diae.

96 3733 211 3790 hoc
242 3737 519 3805 tempus
547 3731 918 3804 Langobardi
965 3731 1180 3790 iterum
1237 3733 1637 3806 Burgundiam
1696 3736 1786 3790 in-
1893 3731 1931 3785 ι.
1968 3746 2052 3796 ιιι,
2083 3746 2130 3783 c.
2162 3729 2239 3796 8.,
2271 3730 2368 3791 al;
2400 3746 2453 3784 a.
2485 3730 2612 3784 576.

91 3821 320 3895 gressi,
347 3837 388 3877 θ.
414 3819 755 3876 Mummulo
774 3819 1021 3892 patricio
1041 3820 1431 3887 Guntrammi,
1454 3823 1555 3893 qui
1577 3827 1785 3879 Amata
1961 3820 2067 3873 580
2097 3818 2330 3873 Cometa
2357 3818 2418 3872 in
2444 3817 2535 3872 die
2563 3818 2797 3874 Pascha:
2829 3817 3009 3875 visus.
3042 3808 3374 3876 Suessionis
3420 3837 3534 3875 cm-

85 3911 520 3977 sucoeeserat,
579 3908 983 3975 circumventi,
1044 3907 1317 3980 pluribus
1369 3910 1675 3967 trucidatis
1730 3916 1788 3967 et
1892 3907 2015 3963 lum
2050 3908 2250 3963 ardere
2278 3906 2469 3962 visum
2501 3910 2606 3962 est.
2633 3907 2893 3963 Parisius
2915 3907 3156 3979 sanguis
3186 3907 3256 3963 de
3277 3908 3534 3965 nubibus

94 4001 295 4073 captis
323 3998 439 4056 vix
473 3996 841 4070 refugerunt.
875 3997 1031 4066 Greg.
1066 3999 1214 4065 Tur.,
1239 3999 1382 4053 Paul
1412 4000 1561 4055 Diae.
1893 3997 2079 4053 ﬂuxit.
2114 3994 2451 4052 Pestilentia
2479 3998 2536 4050 et
2563 3994 2886 4050 mortalitas
2916 3995 3123 4067 ingens
3154 3996 3322 4051 facta.
3374 3996 3531 4067 Greg.

148 4090 271 4146 577
324 4090 452 4146 His
503 4084 714 4144 diebus
770 4084 1131 4158 Chilpericus
1188 4085 1538 4144 Clodoveum
1596 4088 1781 4145 filium
1894 4089 2017 4143 Tur.
2050 4104 2108 4143 α.
2139 4087 2266 4141 582.
2299 4116 2367 4125 —
2394 4083 2759 4157 Leovigildus
2791 4100 2890 4139 rex
2929 4084 3421 4157 Herminigildum
3466 4086 3534 4141 fi-

78 4195 292 4250 suum,
322 4183 392 4236 et
426 4175 811 4235 Desiderium
843 4175 1053 4230 ducem
1083 4178 1286 4229 contra
1325 4175 1563 4232 fratrem
1610 4194 1785 4234 suum
1892 4176 2038 4232 lium
2065 4174 2416 4231 catholicum
2449 4189 2584 4228 cum
2615 4172 2868 4229 exercitu
2916 4174 3304 4246 persequitur.
3364 4174 3529 4230 Idem.

73 4267 594 4326 Guntrammum
622 4263 973 4331 transmisit,
998 4263 1097 4319 sed
1130 4279 1165 4318 a
1196 4263 1520 4320 Mummulo
1542 4268 1785 4338 patricio
1895 4267 1948 4321 h.
1982 4283 2035 4320 a.
2071 4297 2137 4305 —
2167 4263 2430 4319 Rodinus
2463 4261 2582 4334 [al.,
2615 4260 2966 4331 Chrodinus]
3006 4264 3123 4319 dux
3177 4262 3529 4320 Childeberti

77 4355 513 4415 Guntrammi
540 4368 745 4427 pugna
769 4351 903 4409 victi
932 4355 1096 4424 terga
1122 4353 1595 4426 verterunt.Greg.
1640 4358 1786 4425 Tur.,
1895 4356 2027 4428 pius
2057 4358 2113 4410 et
2143 4352 2451 4424 religiosus
2471 4351 2632 4407 obiit.
2669 4351 2819 4405 dim.
2851 4367 2905 4406 a.
2935 4352 3060 4407 582.

1180 4467 1650 4526 COMPENDIUM
1690 4474 1785 4528 EX
1824 4471 2076 4530 CODICE
2116 4466 2488 4525 BERNOLDI.

130 4572 252 4629 515
283 4564 814 4637 Constantinam)”
842 4566 1091 4621 Justinus
1121 4566 1418 4636 imperator
1440 4571 1558 4638 post
1605 4571 1783 4626 multa
1809 4574 1855 4639 D
1886 4583 2093 4625 menses
2113 4566 2325 4621 duos...
2345 4566 2616 4637 praesente
2645 4565 2913 4619 convicit:
2945 4563 3041 4618 ubi
3068 4565 3237 4619 etiam
3277 4564 3349 4620 ab
3391 4565 3531 4636 epis-

53 4662 217 4718 mala
234 4677 362 4717 sua
396 4661 477 4715 in
508 4655 827 4712 amentiam
856 4669 1038 4709 versus
1062 4653 1215 4709 obiit.
1246 4655 1355 4709 Pro
1382 4672 1485 4727 quo
1532 4657 1779 4714 Tiberius
1886 4659 2033 4729 capis
2053 4653 2296 4711 Moralia
2324 4653 2384 4708 in
2404 4653 2539 4721 Job,
2560 4653 2966 4708 venientibus...
2992 4653 3301 4725 compulsus
3321 4658 3419 4708 est.

52 4749 548 4812 Constantinus,
584 4745 681 4816 qui
705 4750 759 4798 et
785 4744 900 4814 ipso
914 4746 1092 4798 mente
1112 4746 1266 4814 capto
1292 4743 1567 4815 palatium
1623 4763 1779 4802 νεφε-
1958 4747 2065 4802 579
2085 4745 2277 4815 Magna
2307 4758 2581 4814 aquarum
2609 4742 2898 4798 inundatio
2926 4750 2975 4798 et
3002 4743 3236 4809 illuvies,
3264 4743 3526 4815 fulmina,

48 4844 164 4906 rat,
198 4835 514 4911 regnavit
552 4831 721 4887 annis
747 4835 969 4902 septem,
998 4832 1088 4886 vir
1118 4831 1225 4886 Deo
1256 4831 1494 4888 devotus.
1887 4840 2227 4892 terreemotus
2277 4833 2521 4887 homines
2578 4834 2839 4887 terruere.
2899 4831 3043 4888 Mar.
3075 4831 3245 4904 Greg.
3306 4832 3428 4888 Tur
3474 4849 3527 4888 a.

117 4928 241 4985 576
267 4926 339 4983 S.
385 4923 731 4980 Germanus
783 4920 1147 5001 Parisiorum.
1189 4920 1466 4991 episcopus
1515 4924 1783 4994 migravit
1891 4941 2014 4995 seq.

46 5017 122 5073 ad
142 5018 537 5075 Dominum.
1958 5011 2066 5067 580
2095 5010 2311 5066 Cometa
2347 5007 2436 5065 die
2478 5006 2704 5065 Pascha
2758 5008 2927 5063 visus.
2982 5007 3287 5065 Suessionis
3334 5008 3531 5065 ccelum

112 5107 231 5165 578
261 5108 503 5165 Romae
538 5095 871 5154 Benedictus
895 5112 1040 5170 papa
1071 5096 1219 5153 LXIV
1270 5098 1419 5154 sedet
1472 5116 1647 5158 annos
1704 5118 1779 5171 ιν,
1890 5100 2081 5157 ardere
2108 5100 2285 5153 visum
2313 5100 2411 5153 est.
2438 5097 2761 5154 Pestilentia
2790 5098 2980 5168 ingens
3008 5098 3090 5167 ﬁt.

1728 5217 1959 5277 NOTAE.

107 5319 278 5396 (159)
312 5313 655 5396 Justinus
684 5327 739 5393 ει.
770 5311 895 5379 574,
936 5325 1140 5392 amens
1185 5310 1430 5396 effectus
1478 5310 1779 5396 Tiberium
1889 5311 2104 5396 __(_162)
2128 5307 3525 5396 Benedictus‘papa‘bocanno‘obiit,_.electus.an.

35 5380 358 5451 Césarém
394 5381 840 5463 creavit,_ipse
864 5381 1142 5463 primum
1172 5398 1267 5438 an.
1326 5382 1431 5463 578
1486 5388 1776 5463 mortuus.
1886 5380 2015 5439 574.
2036 5380 2184 5463 Quae
2199 5396 2332 5463 vero
2354 5380 2535 5463 bicde
2562 5380 3521 5463 ordlnationeGregorii.habentur,
3600 5392 3607 5403 ί

33 5450 202 5521 Paul.
239 5465 435 5521 Diae.
470 5457 640 5513 hist.
672 5450 907 5524 L6ngo6.
941 5453 980 5524 ι,
1006 5469 1070 5507 ιιι
1092 5455 1293 5524 Ευαςν.
1329 5453 1367 5508 ι.
1398 5470 1449 5508 v.
1483 5470 1529 5508 e.
1566 5456 1651 5509 13.
1888 5471 2005 5509 non
2036 5452 2344 5509 Benedicto
2366 5451 2676 5508 tribuenda
2704 5459 2866 5522 sunt,
2889 5453 2990 5509 sed
3015 5450 3244 5523 Pelagio
3265 5450 3519 5520 ejusdem

101 5538 272 5610 (160)
311 5530 611 5610 Colitur
636 5523 729 5580 die
757 5523 822 5610 2}
855 5523 1006 5580 Maii.
1041 5523 1168 5582 Vid.
1201 5523 1513 5597 Gregorius
1559 5526 1774 5582 Turon.
1886 5525 2002 5610 hoc
2018 5542 2180 5610 apag
2212 5524 2556 5610 successori.
2590 5595 2601 5606 .
2644 5599 2654 5610 ι
2919 5609 2922 5610 ν
3014 5594 3054 5610 n
3137 5603 3350 5610 “an”
3387 5585 3463 5610 Μ

33 5586 471 5665 matria-atrio.
515 5598 571 5653 l.
607 5611 747 5670 v,_c.
779 5596 834 5650 6.
925 5666 935 5670 _
1007 5669 1016 5670 ί
1132 5668 1137 5670 Α
1312 5586 1357 5670 ν,
1384 5667 1395 5670 _
1565 5667 1577 5670 _
1958 5596 2107 5670 (168)
2137 5594 2561 5670 Guntrammus
2586 5595 2696 5650 iste
2727 5611 2842 5650 non
2874 5609 2971 5648 rex
3014 5594 3354 5670 Francorum
3386 5586 3510 5665 fuit,

95 5656 286 5808 gibt).
305 5656 789 5735 K—dlatus'dux
816 5666 972 5741 regis
990 5665 1499 5750 Guntrammijam
1529 5667 1609 5751 ab.
1627 5684 1776 5724 anno
1887 5656 2004 5748 sed.
2046 5656 2470 5749 G'untrammus
2528 5668 2675 5722 Boso
2733 5683 2801 5722 ex
2857 5663 3188 5739 proceribus
3213 5656 3509 5729 Chilperici

138 5798 153 5811 _
189 5757 315 5811 aut
348 5762 515 5811 seq.
562 5757 611 5796 ε
645 5737 1039 5811 Longobardis
1070 5738 1259 5796 fuerat
1305 5754 1531 5797 occisus
1559 5743 1779 5797 vivente
1887 5755 2062 5811 regis.
2094 5740 2330 5795 Annam.

24 5754 153 5823 570,
189 5757 515 5823 autrseg.
562 5757 611 5796 α
645 5754 1039 5811 Longonarms
1070 5754 1259 5796 iuerat
1305 5754 1531 5797 occisus
1559 5754 1779 5797 vivente
1887 5755 2062 5811 regis.
2094 5754 2330 5795 nimam.

25 5822 231 5886 adhuc
266 5822 650 5897 Clephone
677 5825 836 5883 rege.
