3940 6362
291 606 406 670 123

1102 604 1509 668 HERMANNl
1549 603 1988 669 CONTRACTI
2027 599 2438 674 AUGIENES
2481 604 2862 675 MONACHL

3570 597 3694 667 1N

1649 764 1886 821 CODEX
1923 766 2318 826 AUGIENSIS.

358 865 454 924 58l
492 865 612 922 Hoc
639 867 896 936 tempore
951 862 1234 919 exercitus
1281 862 1494 918 Tiberii
1552 862 1925 934 imperatoris
1954 866 2010 932 Α
2040 867 2257 924 scelera
2286 873 2342 924 et
2369 869 2524 924 mala
2553 884 2680 937 sua,
2702 866 2933 925 insidiis
2947 867 3248 940 perempto
3267 863 3414 938 (467)
3445 865 3504 920 et
3517 859 3694 920 Pari-

289 956 512 1012 missus
533 954 738 1010 Persas
771 957 1029 1026 potenter
1059 952 1374 1024 superavit,
1406 956 1462 1007 et
1487 950 1638 1006 inter
1693 951 1924 1008 inume-

289 1044 534 1103 rabilem
567 1043 767 1116 praedm
799 1042 1131 1116 copiam‘xx
1187 1040 1530 1112 elephantos
1589 1039 1926 1112 imperatori

291 1133 502 1190 reddit.
538 1109 664 1204 Ipse
693 1109 1192 1202 imper—atorfcum
1229 1109 1394 1183 Italia
1449 1134 1504 1183 et
1559 1109 1691 1199 ipsa
1744 1129 1928 1184 Roma

289 1221 443 1279 bello
472 1221 1002 1292 Longobardorum,
1032 1218 1361 1289 pestilentia
1391 1223 1446 1271 et
1479 1217 1716 1288 insuper
1776 1218 1926 1271 fame

290 1312 538 1386 graviter
566 1309 869 1372 laboraret,
901 1325 1073 1361 naves
1098 1307 1388 1361 frumento
1411 1313 1652 1360 onustas
1684 1307 1926 1360 Romam

292 1399 472 1464 misit,
505 1404 561 1453 et
601 1414 840 1452 annonae
894 1395 1120 1467 copiam
1177 1395 1386 1466 populo
1441 1394 1924 1450 subministravit.

291 1489 602 1544 PaulDiac.
639 1487 676 1540 l.
713 1503 792 1539 ιιι.
826 1501 872 1538 c.
909 1485 992 1538 12.

364 1578 460 1632 19
485 1577 591 1629 582
619 1571 1113 1643 Constantinopoli
1145 1571 1413 1626 Tiberius
1440 1573 1753 1642 imperator
1769 1570 1927 1625 omni

287 1665 457 1719 laude
487 1661 893 1734 dignissimus,
928 1661 1130 1715 morbo
1163 1664 1377 1726 tactus,
1422 1659 1598 1713 filiam
1650 1677 1814 1713 suam
1873 1664 1929 1712 et

284 1752 596 1825 imperium
631 1749 909 1805 Mauricio
935 1749 1192 1817 tradidit,
1211 1753 1268 1803 et
1293 1748 1416 1820 ipse
1439 1764 1506 1802 ex
1529 1748 1637 1803 hac
1661 1747 1776 1801 vita
1798 1747 1926 1801 feli-

286 1843 430 1898 citer
459 1839 744 1895 discessit.
771 1843 878 1892 Pro
900 1854 1014 1908 quo
1039 1837 1189 1892 idem
1215 1836 1530 1891 Mauricius
1554 1853 1758 1906 genere
1781 1835 1925 1906 Cap-

284 1931 472 2002 padox
502 1927 763 2000 regnavit
793 1927 962 1981 annis
991 1943 1107 1982 xxi.
1150 1924 1302 1994 Greg.
1341 1927 1464 1980 Tur.
1500 1955 1568 1964 —
1600 1925 1794 1978 Romae
1826 1923 1926 1977 Pe-

285 2019 476 2092 lagius
507 2017 800 2073 secundus
831 2015 976 2086 (164)
999 2032 1150 2086 papa
1170 2014 1305 2068 LXV
1327 2014 1477 2068 sedit
1499 2014 1666 2067 annis
1684 2013 1928 2081 x,fmen-

285 2109 448 2163 sibus
479 2124 540 2162 ιι.
573 2105 676 2160 Hic
707 2103 992 2175 templum
1042 2106 1098 2157 S.
1162 2101 1314 2156 Petri
1363 2101 1580 2156 tabulis
1639 2100 1926 2172 argenteis

285 2193 581 2252 deauratis
611 2193 770 2259 texit,
805 2193 1046 2246 domum
1081 2207 1247 2244 suam
1301 2189 1723 2244 xenodochium
1775 2189 1925 2252 fecit,

283 2283 586 2340 basilicam
617 2283 677 2336 S.
734 2279 1027 2334 Laurentii
1084 2279 1428 2342 construxit,
1486 2283 1541 2332 et
1591 2277 1925 2350 sepulcrum

285 2375 414 2444 ejus
443 2369 662 2426 tabulis
695 2367 982 2439 argenteis
1014 2365 1257 2422 ornavit.
1291 2367 1472 2421 Anast.

355 2461 478 2516 583.
514 2457 913 2514 Childebertus
945 2471 1044 2509 rex
1077 2456 1427 2509 Francorum
1465 2472 1598 2510 cum
1631 2455 1739 2510 hoc
1777 2459 1926 2510 tem-

287 2565 427 2621 pore
448 2565 480 2602 L
509 2545 694 2600 millia
723 2543 937 2600 solidos
967 2543 1092 2598 auri
1151 2560 1184 2597 a
1242 2543 1519 2597 Mauricio
1581 2543 1928 2614 imperatore

287 2637 628 2708 accepisset,
648 2638 937 2706 quatenus
962 2632 1370 2703 Longobardos
1393 2650 1459 2686 ex
1485 2631 1646 2686 Italia
1662 2630 1924 2703 pelleret.

285 2725 474 2782 valido
505 2739 637 2779 cum
671 2721 920 2778 exercitu
953 2719 1176 2774 Italiam
1195 2720 1386 2790 petiit;
1411 2721 1510 2774 sed
1532 2718 1926 2789 Longobardis

286 2812 636 2887 petentibus,
662 2815 720 2865 ct
751 2825 994 2864 munera
1023 2808 1423 2874 offerentibus,
1451 2825 1650 2880 pacem
1674 2796 1806 2862 cum
1841 2807 1926 2862 eis

286 2905 637 2974 pactumque
667 2899 1044 2962 conﬁrmans,
1083 2896 1209 2952 sine
1259 2896 1408 2952 bello
1461 2897 1654 2964 rediit,
1710 2897 1925 2950 Mauri-

291 2989 497 3062 cioque
528 2987 833 3060 pecuniam
866 2984 1146 3057 repetenti
1179 3001 1282 3040 nec
1339 3002 1686 3057 responsum
1747 2985 1922 3040 dedit.

292 3083 453 3149 Greg.
494 3079 616 3132 Tur.
643 3093 658 3143 ;
687 3076 848 3130 Paul.
880 3075 1030 3129 Diae.
1063 3091 1116 3128 a.
1147 3074 1273 3128 584.

359 3167 465 3219 584
504 3164 862 3219 Guntramus
892 3178 1013 3228 rex,
1045 3161 1103 3216 in
1147 3160 1486 3216 suburbano
1543 3159 1926 3214 Cavillonensi

287 3269 519 3310 summo
536 3252 728 3308 studio
747 3249 1166 3306 monasterium
1211 3250 1270 3304 S.
1287 3249 1540 3305 Marcelli
1561 3253 1925 3317 construens,

291 3342 363 3398 ad
396 3339 726 3412 exemplum
757 3338 1124 3410 Agaunensis
1157 3337 1433 3392 instituit.
1485 3337 1641 3406 Greg.
1679 3339 1802 3392 Tur.
1862 3370 1926 3378 —

287 3429 665 3486 Gundoaldus
683 3428 832 3500 (165)
855 3427 1118 3499 quidam,
1136 3443 1268 3481 cum
1289 3424 1504 3480 auxilio
1529 3425 1836 3480 Mummuli
1872 3432 1930 3482 et

284 3517 565 3574 Desiderii
597 3533 843 3588 regnum
875 3517 1172 3581 affectans,
1215 3518 1415 3568 contra
1473 3514 1924 3569 Guntrammum

2035 956 2160 1011 sius
2180 957 2240 1011 in
2261 956 2504 1012 basilica
2523 957 2579 1012 S.
2600 955 2890 1012 Vincentii
2913 953 3166 1028 sepulto,
3187 951 3520 1009 Clotharius
3543 965 3698 1024 puer

2034 1044 2190 1100 filius
2211 1046 2338 1116 ejus
2369 1062 2402 1100 a
2427 1045 2810 1100 Guntrammo
2837 1060 2969 1117 rege
2999 1047 3208 1116 patruo
3238 1058 3347 1097 suo
3397 1039 3691 1112 baptizari

2027 1133 2233 1202 jussus
2256 1134 2300 1204 (1
2315 1135 2398 1204 68)
2417 1138 2474 1188 et
2489 1133 2560 1188 de
2581 1150 2745 1188 sacro
2771 1133 2926 1188 fonte
2948 1136 3280 1203 susceptus,
3299 1129 3478 1202 inque
3505 1143 3691 1200 regno

2036 1220 2217 1290 patris
2240 1220 2612 1286 sublimatus,
2632 1225 2867 1291 regente
2885 1224 3070 1275 matre
3088 1217 3454 1289 Fridegunde
3467 1220 3525 1271 et
3541 1217 3696 1271 Lan-

2033 1307 2226 1364 derico
2259 1308 2478 1378 majore
2499 1309 2727 1373 domus,
2755 1308 3016 1380 regnavit
3039 1307 3212 1362 annis
3229 1321 3355 1361 xw.
3381 1304 3539 1375 Greg.
3559 1303 3688 1358 Tur.

2034 1413 2086 1451 α.
2121 1413 2204 1460 pr.
2239 1397 2597 1452 Mummulus
2628 1396 2928 1469 patricius,
2961 1413 3097 1450 reus
3131 1393 3456 1466 majestatis
3489 1391 3692 1449 convi-

2035 1488 2182 1548 ctus,
2207 1485 2382 1554 jussu
2415 1484 2786 1540 Guntrammi
2816 1483 2968 1556 regis
3006 1482 3376 1549 interficitur,
3439 1486 3499 1536 et
3554 1479 3690 1535 the-

2035 1573 2192 1626 sauri
2225 1573 2353 1642 ejus
2385 1572 2442 1627 in
2476 1575 2681 1628 fiscum
2714 1573 3080 1644 rediguntur.
3118 1572 3274 1641 Greg.
3309 1572 3368 1625 ἡ.
3396 1588 3449 1626 a.

2104 1663 2209 1715 586
2241 1661 2303 1716 In
2324 1661 2486 1716 Italia
2510 1661 2872 1733 Langobardi
2897 1666 3078 1732 postx
3105 1676 3312 1723 annos,
3335 1659 3556 1730 quibus
3579 1657 3696 1712 du-

2037 1765 2130 1803 ces
2163 1754 2466 1821 praeerant,
2499 1749 2848 1805 Autharium
2876 1749 3118 1805 Flavum
3149 1746 3463 1818 Clephonis
3495 1744 3692 1800 filium

2036 1854 2230 1907 regem
2254 1842 2552 1906 statuunt;
2584 1839 2684 1910 qui
2719 1837 2924 1894 bellico
2947 1837 3140 1893 clarus
3168 1835 3388 1891 virtute
3414 1834 3686 1907 regnavit

2037 1927 2203 1981 annis
2222 1944 2300 1996 v1,
2335 1927 2433 1998 qui
2468 1928 2620 1982 inter
2647 1927 2762 1982 alia
2793 1925 3101 1983 Brexillam
3141 1925 3350 1982 urbem
3391 1922 3598 1989 diruit,
3635 1926 3698 1978 et

2034 2018 2215 2069 totam
2239 2031 2382 2087 pene
2401 2015 2624 2070 Italiam
2645 2019 2846 2072 secuto
2878 2020 3140 2090 tempore
3171 2013 3324 2070 bello
3357 2011 3697 2085 peragravit

2035 2103 2177 2157 Paul
2207 2105 2357 2159 Diae.
2393 2102 2778 2175 Leovigildus,
2814 2120 2915 2158 rex
2945 2103 3266 2159 Gothorum
3302 2101 3362 2156 in
3404 2099 3698 2172 Hispania

2037 2191 2308 2258 Arianus,
2325 2190 2817 2262 Herminigildum
2837 2208 3029 2263 regem
3049 2189 3232 2246 tilium
3256 2189 3542 2245 suumdie
3561 2205 3698 2244 sau-

2035 2283 2126 2334 cto
2154 2280 2386 2335 Pasehee
2421 2298 2581 2346 xvm,
2615 2281 2741 2336 Kal.
2777 2279 2912 2336 Maii
2942 2279 3090 2352 (169)
3115 2277 3697 2350 securijussitinter—

2035 2368 2147 2422 fici.
2177 2369 2599 2424 Guntrammus
2623 2385 2719 2424 rex
2739 2369 3055 2424 exercitum
3085 2367 3144 2423 in
3167 2367 3480 2440 Hispanias
3503 2365 3694 2434 misit,

2037 2457 2136 2529 qui
2169 2457 2502 2513 infirmatus
2533 2456 2731 2512 statim
2759 2457 2928 2512 redit.
2966 2457 3120 2527 Greg.
3155 2457 3278 2511 Tur.
3313 2471 3365 2509 a.
3397 2455 3528 2509 585.

2107 2547 2207 2599 587
2238 2545 2584 2600 Leudisolus
2615 2544 3071 2617 [Leudegiselus]
3103 2561 3136 2600 a
3166 2545 3557 2600 Guntrammo
3581 2559 3690 2616 pa-

2035 2633 2239 2689 tricius
2269 2638 2659 2705 promovetur.
2692 2634 2846 2704 Greg.
2879 2634 3003 2689 Tur.
3053 2650 3106 2688 a.
3165 2633 3290 2688 586.
3349 2662 3418 2672 -
3475 2631 3700 2703 Magna

2035 2738 2320 2793 aquarum
2350 2721 2656 2776 inundatio
2686 2721 2857 2777 facta.
2882 2720 3100 2777 Globus
3123 2719 3333 2793 igneus
3350 2717 3694 2776 scintillans

2034 2816 2090 2866 et
2119 2810 2285 2882 quasi
2316 2811 2552 2881 rugiens
2583 2811 2653 2865 de
2684 2809 2824 2865 coelo
2845 2809 2904 2866 in
2935 2815 3152 2865 terram
3184 2807 3515 2865 cecidit.ld.
3549 2808 3605 2863 h.
3635 2826 3693 2864 α.

2035 2931 2103 2938 —
2117 2899 2177 2954 In
2193 2899 2474 2970 Hispania
2485 2897 2652 2954 Leovi
2660 2897 2856 2971 gildus
2870 2913 2970 2954 rex
2989 2896 3314 2954 Gothorum
3337 2895 3610 2965 moritur,
3629 2900 3693 2953 et

2036 2986 2398 3042 Recearedus
2432 2986 2588 3041 ﬁlius
2612 2987 2740 3056 ejus
2773 3003 2871 3041 rex
2917 3002 3022 3058 pro
3077 3001 3144 3040 eo
3201 2983 3493 3049 efﬁcitur;
3552 2984 3686 3056 qui,

2034 3076 2289 3130 instante
2315 3075 2578 3130 Leandre
2599 3073 2961 3146 Hispalitano
2976 3074 3270 3146 episcopo,
3301 3089 3334 3128 a
3363 3088 3479 3144 quo
3500 3073 3690 3129 frater

2035 3165 2164 3234 ejus
2209 3163 2669 3234 Herminigildus
2723 3179 3038 3219 conversus
3095 3161 3303 3227 fuerat,
3363 3177 3500 3216 cum
3560 3165 3691 3218 tota

2035 3257 2204 3325 gente
2235 3251 2553 3308 Gothorum
2586 3268 2701 3307 non
2733 3250 2918 3308 multo
2949 3255 3081 3324 post
3109 3251 3182 3306 ad
3214 3249 3572 3306 catholicam
3620 3251 3690 3304 fi-

2035 3342 2168 3397 dem
2191 3340 2564 3396 convertitur.
2598 3340 2753 3410 Greg.
2789 3343 2910 3397 Tur.
2944 3357 3002 3396 α.
3029 3341 3135 3395 586
3163 3348 3217 3396 et
3243 3340 3371 3394 588.

2109 3429 2215 3485 588
2245 3429 2690 3503 Guntrammus,
2723 3432 2780 3484 et
2815 3427 3220 3485 Childebertus
3250 3443 3418 3500 reges
3443 3425 3602 3483 inter
3631 3443 3698 3484 se

2038 3533 2240 3590 pacem
2269 3520 2327 3572 et
2351 3522 2586 3588 paetum
2623 3521 2828 3573 mutuo
2883 3517 3254 3584 confirmant,
3314 3532 3692 3589 regnumque

285 3605 652 3679 tyrannidem
683 3603 916 3660 invasit.
949 3603 1058 3658 Sed
1092 3620 1125 3656 a
1155 3602 1406 3657 ducibus
1447 3601 1574 3671 ejus
1623 3603 1925 3658 Leudiselo
1961 3591 2002 3657 Ο
2031 3603 2400 3662 Guntrammi
2435 3610 2568 3676 post
2595 3605 2818 3661 obitum
2845 3605 2976 3676 ejus
3001 3603 3377 3660 Childeberto
3408 3604 3507 3660 81
3549 3621 3690 3676 pro-

287 3700 346 3749 et
388 3692 626 3765 Egilano
677 3693 928 3762 fugatus,
972 3707 1104 3745 cum
1138 3689 1418 3744 latebram
1441 3691 1795 3756 Cambanis(
1805 3691 1924 3764 166)

287 3781 431 3838 urbe
461 3781 694 3846 foveret,
728 3796 763 3834 a
819 3779 1040 3834 Bosonc
1070 3778 1140 3833 de
1172 3795 1314 3850 rupe
1341 3777 1732 3850 prmcipitatus
1781 3780 1924 3835 inte-

286 3869 407 3937 riit,
439 3871 592 3940 Greg.
628 3869 751 3924 Tur.

357 3959 458 4016 80
495 3959 602 4013 585
630 3955 954 4028 Chilperico
984 3970 1114 4027 rege
1145 3955 1520 4024 Francorum,
1557 3960 1689 4027 post
1745 3957 1930 4014 multa

2034 3695 2305 3765 mittitur.
2329 3692 2606 3749 Nonnulli
2630 3693 2962 3768 princippm
2981 3697 3039 3748 et
3062 3693 3283 3748 ducum
3303 3691 3698 3764 Childeberti,

2035 3784 2162 3855 conj
2173 3782 2456 3839 arationis
2487 3789 2686 3837 contra
2714 3798 2850 3838 eum
2873 3781 3140 3848 convicti,
3164 3781 3354 3854 puniti
3376 3786 3540 3838 sunt.
3565 3784 3700 3842 Fre-

2036 3872 2152 3944 deg.
2185 3889 2237 3926 a.
2269 3871 2394 3926 587.
2425 3901 2496 3911 —-
2525 3871 2586 3926 In
2619 3869 2900 3942 Hispania
2933 3869 3174 3927 haeresis
3194 3869 3496 3945 destructa
3526 3875 3586 3927 et
3606 3888 3702 3945 sy-

2037 3943 2228 4016 nodus
2255 3957 2533 4014 Toletana
2563 3957 2804 4014 collecta
2831 3962 2920 4014 est
2949 3957 3244 4014 industria
3266 3943 3516 4014 Leandri
3543 3943 3698 4032 prie-

1327 4059 1801 4118 COMPENDIUM
1840 4065 1932 4120 EX
1971 4066 2223 4123 CODICE
2261 4063 2636 4121 BERNOLDI.

353 4159 449 4216 581
487 4161 594 4216 Hoc
619 4164 860 4231 tempore
889 4160 1154 4215 exercitus
1191 4159 1393 4214 Tiberii
1421 4159 1764 4230 imperatoris
1792 4163 1927 4217 Per-

282 4266 372 4306 sas
404 4251 652 4321 potenter
668 4249 964 4320 superavit.

355 4338 463 4392 582
483 4336 947 4408 Constantinopoli
978 4337 1220 4392 Tiberius
1243 4338 1401 4392 omni
1452 4336 1612 4391 laude
1667 4338 1927 4407 dignissi-

284 4443 409 4482 mus
452 4425 587 4481 obiit
628 4441 729 4498 pro
774 4441 875 4497 quo
924 4426 1222 4480 Mauricius
1281 4430 1532 4494 regnavit
1597 4429 1765 4482 annis
1810 4446 1926 4483 xxx.

285 4517 471 4572 Romae
498 4515 758 4584 Pelagius
787 4515 1056 4570 secundus
1100 4532 1247 4587 papa
1277 4515 1401 4569 LXV
1455 4515 1596 4570 sedit
1649 4518 1813 4571 annis
1871 4535 1927 4586 x,

285 4603 565 4658 mensibus
594 4619 656 4658 ιι.
689 4603 786 4660 Hic
813 4604 1080 4676 templum
1109 4603 1162 4660 S.
1213 4604 1368 4658 Petri
1408 4603 1609 4658 tabulis
1662 4607 1931 4675 argenteis

288 4693 566 4748 deauratis
588 4693 745 4762 texit,
774 4694 992 4764 aliaque
1020 4693 1198 4748 multa
1223 4692 1362 4747 bona
1389 4693 1539 4762 fecit.

359 4779 466 4835 583
492 4781 867 4872 (lbitdebertus
895 4783 1379 4872 rexil‘rancorum,
1425 4783 1658 4852 acceptis
1717 4799 1759 4872 ι.Δ
1801 4783 1931 4872 mil-
1965 4806 2014 4872 Β

293 4870 435 4924 libus
454 4868 752 4927 solidorum
774 4871 904 4925 auri
929 4887 960 4926 a
992 4871 1253 4925 Mauricio
1286 4870 1417 4940 imp.
1456 4875 1514 4925 ut
1562 4870 1934 4942 Langobardos

291 4957 359 5014 de
381 4957 541 5014 Italia
563 4960 810 5030 pelleret,
840 4975 964 5014 cum
982 4957 1182 5013 eisdem
1205 4964 1426 5028 pactum
1457 4959 1721 5030 ﬁrmavit,
1749 4965 1800 5016 el
1826 4963 1930 5016 im-

290 5049 534 5119 peratori
558 5050 848 5122 pecuniam
877 5047 1186 5117 requirenti
1211 5061 1309 5099 nec
1341 5062 1662 5118 responsum
1687 5049 1850 5105 dedit.

361 5137 467 5192 585
497 5135 888 5192 Guntrammus
935 5151 1038 5190 rex
1095 5136 1156 5188 in
1211 5133 1521 5192 suburbano
1563 5137 1936 5194 Cabillonensi

291 5227 686 5280 monasterium
715 5224 770 5280 S.
795 5223 1038 5280 Marcelli
1059 5225 1387 5280 construxit.

2108 4165 2213 4219 585
2243 4163 2576 4234 Chilpericus
2603 4176 2703 4216 rex
2731 4162 3088 4232 Francorum,
3118 4177 3218 4233 per
3245 4161 3487 4219 insidias
3544 4164 3694 4221 inte-

2036 4260 2294 4322 remptus,
2328 4252 2580 4306 Parisius
2608 4250 2892 4322 sepelitur.

2105 4342 2214 4395 586
2241 4337 2582 4411 Langobardi
2611 4338 2942 4394 Autharium
2971 4355 3155 4408 regem
3178 4339 3292 4395 sibi
3325 4342 3696 4398 constituunt.

2105 4431 2212 4484 587
2243 4427 2436 4484 Globus
2470 4431 2728 4498 igneus...
2771 4426 2982 4483 cecidit.
3043 4429 3106 4483 In
3161 4429 3430 4500 Hispania
3483 4430 3697 4488 Richa-

2039 4518 2218 4586 redus,
2252 4517 2528 4588 Levigildi
2564 4519 2706 4588 regis
2759 4517 3051 4573 Gothorum
3106 4517 3307 4573 Ariani
3353 4517 3531 4588 ﬁlius,
3577 4528 3709 4593 post

2037 4611 2266 4662 mortem
2281 4607 2457 4677 patris
2511 4605 2730 4677 e/fectus
2784 4621 2904 4672 rex,
2957 4622 2996 4660 a
3039 4605 3287 4662 Leandre
3339 4607 3698 4680 Hispalitano

2037 4697 2280 4768 episcopo
2334 4711 2460 4750 cum
2505 4698 2620 4749 lota
2670 4698 2827 4764 gente
2886 4693 3174 4750 Gothorum
3229 4694 3304 4750 ad
3364 4697 3709 4753 catholicam

2041 4783 2214 4855 ﬁdem
2241 4785 2596 4839 convertitur.

2108 4875 2214 4927 588
2243 4874 2306 4927 In
2336 4873 2601 4945 Hispania
2633 4871 2854 4928 haeresis
2903 4873 3191 4928 Ariona...
3241 4875 3405 4946 regis.
3471 4873 3702 4932 Cresam

2042 4963 2254 5033 regina,
2286 4978 2428 5017 uxor
2455 4960 2682 5031 Aunulﬁ
2707 4963 2858 5035 regis
2888 4965 3206 5030 Persarum,
3236 4963 3450 5019 occulte
3507 4963 3692 5038 bapti-

2041 5055 2187 5118 zata,
2207 5049 2548 5123 postmodum
2565 5051 2735 5106 etiam
2760 5051 3025 5106 maritum
3051 5067 3215 5106 suum
3243 5067 3370 5107 cum
3400 5059 3512 5111 tota
3544 5060 3712 5127 gente

2041 5139 2186 5211 apud
2219 5140 2564 5196 Antiochiam
2593 5138 2867 5212 baptizari
2891 5141 3185 5211 persuasit.

1880 5335 2112 5392 NOTIE.

370 5426 521 5497 (164)
556 5423 826 5494 Pelagius
849 5425 906 5497 II
929 5427 1052 5496 jam
1085 5442 1138 5497 a.
1169 5427 1274 5480 578
1305 5441 1455 5497 papa
1485 5427 1596 5482 fuit
1622 5427 1860 5485 electus.

369 5496 650 5568 (I65)A_Hic
680 5503 802 5568 erat
831 5496 1253 5552 Gundobaldus
1294 5496 1614 5566 praetensus
1667 5499 1943 5558 Clotharii

301 5566 455 5648 regis
483 5566 665 5648 filius,
699 5567 768 5648 de
799 5585 912 5639 quo
947 5568 1372 5648 plpribusnagit
1401 5569 1758 5648 Gregorius‘
1778 5573 1942 5642 Tur.,

300 5638 447 5693 Hist.
483 5638 712 5704 Franc.,
745 5639 782 5693 1.
817 5638 892 5701 vi,
923 5638 970 5694 c1
1005 5640 1070 5692 2'.
1097 5644 1156 5693 et
1179 5640 1267 5704 25,
1302 5638 1340 5692 1.
1374 5655 1472 5703 vn,
1497 5638 1547 5694 c".
1579 5642 1668 5709 36,
1693 5643 1784 5709 38,
1809 5638 1944 5710 διο..

303 5725 406 5764 nec
439 5725 552 5764 non
583 5711 888 5766 Aimoinus
915 5713 975 5766 in
1007 5711 1221 5765 Ilistor.
1259 5711 1550 5778 Francor.,
1586 5717 1643 5767 et
1673 5712 1792 5769 alii.

375 5779 523 5849 (166)
559 5781 766 5837 Urbem
802 5783 1203 5838 Convenarum
1248 5780 1421 5835 habet
1471 5782 1782 5852 Gregorius
1830 5788 1946 5842 Tu-

2053 5449 2102 5488 c.
2123 5432 2272 5574 (335.7)
2305 5502 2461 5559 Mors
2489 5499 2797 5572 Chilperici
2827 5517 2863 5558 a
2890 5501 3166 5574 Gregorio
3186 5502 3260 5559 ad
3292 5519 3388 5559 an.
3447 5505 3560 5560 584
3614 5519 3712 5562 re-

2053 5579 2632 5719 Χἰοδθίὲὧνὸὶοιξιιιινὶιιειο
2661 5643 2918 5719 primum
2947 5661 3001 5701 a.
3034 5644 3144 5699 590
3201 5645 3539 5719 baptizatus
3594 5651 3710 5704 est.

2057 5715 2211 5784 Greg.
2247 5715 2400 5781 Tur.,
2429 5715 2470 5770 l.
2501 5731 2556 5779 x,
2588 5731 2636 5770 c.
2664 5715 2758 5770 ’28.

2128 5790 2280 5858 (l69)
2310 5787 2404 5842 Ha:
2436 5792 2582 5860 notae
2633 5786 2918 5860 chronicis
2976 5803 3198 5843 annum
3255 5789 3363 5844 586
3411 5787 3706 5860 indicant,

307 5866 456 5930 non”
492 5852 590 5922 qui
621 5853 796 5930 etiam
827 5853 1194 5930 Guntrammi
1228 5853 1406 5930 duces
1440 5851 1870 5930 Leungisiluni
1893 5864 1950 5914 et
2058 5851 2402 5930 quanquam
2433 5858 2530 5912 alii
2563 5857 2820 5930 priorem
2853 5861 3133 5916 statuant.

310 5921 553 5993 zEgiIam
585 5927 772 5992 vocat,
795 5929 852 5980 et
877 5942 980 5999 pro
1013 5931 1235 5981 Bosone
1265 5923 1524 5980 Ollonem
1556 5921 1738 5998 ponit,
1774 5927 1812 5983 l.
1845 5946 1947 5996 v11,
