3940 6424
167 532 279 596 127

974 526 1386 594 HERMANNI
1429 526 1755 592 οοΝΤηΑ‹

1968 527 2330 596 UGIENSIS
2373 527 2750 598 MONACHI.

3433 527 3562 596 128

1508 687 1735 744 CODEX
1771 687 2172 750 AUGIENSIS.

229 813 336 870 595
363 807 674 884 Gregorius
723 823 874 881 papa
901 807 1189 880 synodum
1226 822 1360 861 xxxv
1389 805 1794 877 episcoporum
1823 807 1879 874 Α
1907 812 2242 881 peremptus
2272 814 2379 866 est.
2410 809 2629 882 Fredeg.
2661 826 2696 866 a
2738 825 2827 882 pr.
2861 840 2930 853 -
2980 808 3086 867 Per
3127 808 3251 867 hac
3276 812 3560 884 tempore.

160 920 264 976 pro
296 900 548 958 utilitate
575 896 842 955 Ecclesiae
886 896 958 952 ad
991 897 1267 951 Sanctum
1299 893 1533 950 Petrum
1565 892 1797 966 collegit

158 991 476 1048 indictione
503 1006 598 1044 xiv
630 986 796 1058 (177).
821 984 1024 1040 Franci
1054 988 1110 1039 et
1131 983 1391 1038 Britanni
1423 981 1580 1054 gravi
1612 983 1795 1037 utrin-

160 1095 274 1153 que
305 1079 457 1134 caede
478 1092 674 1148 pugna
691 1073 1032 1144 confligunt.
1066 1071 1167 1127 His
1207 1071 1414 1126 diebus
1442 1070 1664 1126 Tassilo
1697 1088 1794 1126 rex

159 1168 492 1241 Bajoarium
549 1183 584 1220 a
629 1163 991 1219 Childeberto
1039 1160 1431 1225 constituitur,
1495 1159 1595 1232 qui
1661 1177 1795 1215 mox

159 1256 378 1314 Sclavis
399 1253 707 1327 superatis,
734 1268 1007 1324 magnam
1029 1249 1233 1306 exinde
1249 1249 1500 1320 praedam
1524 1249 1792 1320 deporta-

155 1347 256 1402 vit.
301 1345 460 1401 Paul.
495 1344 642 1398 Diac.
671 1342 708 1396 l.
739 1358 813 1407 IV,
844 1357 890 1394 e.
925 1341 978 1408 4,
1010 1341 1066 1406 7,
1097 1339 1184 1394 42.

226 1435 330 1489 596
359 1434 608 1488 Sanctus
655 1429 938 1486 Columba
978 1428 1280 1500 presbyter
1325 1432 1382 1480 et
1429 1426 1630 1492 abbas,
1663 1429 1794 1498 post

156 1522 342 1578 multa
375 1519 656 1577 miracula
685 1519 742 1574 in
775 1517 968 1573 insula
987 1515 1078 1572 Hii
1103 1517 1272 1586 juxta
1297 1514 1652 1582 Hiberniam,
1683 1515 1791 1568 mi-

155 1613 338 1684 gravit
367 1611 437 1666 ad
469 1607 780 1665 Dominum
830 1623 982 1661 anno
1012 1605 1196 1660 rotatis
1249 1621 1440 1658 vam.
1477 1605 1618 1659 Beda
1665 1603 1788 1658 hist.

151 1701 311 1770 Angl.
335 1731 400 1740 ——-
423 1699 540 1754 Hoc
562 1691 821 1770 tempore
835 1697 1042 1751 beatus
1063 1710 1215 1766 papa
1231 1693 1563 1765 Gregorius,
1597 1692 1792 1748 missis

154 1789 486 1846 doctoribus
503 1786 847 1859 Augustino,
869 1783 1112 1849 Mellito,
1139 1782 1359 1838 Joanne
1378 1786 1434 1836 et
1463 1780 1592 1836 aliis
1611 1780 1790 1836 servis

154 1878 276 1946 Dei,
304 1877 624 1950 Anglorum
649 1873 805 1947 genti
827 1873 888 1928 in
919 1871 1218 1928 Britannia
1238 1871 1478 1926 verbum
1500 1869 1627 1924 vitae
1646 1886 1788 1940 proe-

151 1967 344 2023 dicare
357 1965 541 2038 jussit
560 1980 806 2036 eamque
823 1964 1170 2034 cooperante
1189 1960 1288 2016 Dei
1312 1958 1500 2031 gratia
1521 1959 1590 2012 ad
1616 1958 1790 2012 ﬁdem

151 2055 364 2112 Christi
417 2071 520 2126 per
566 2053 798 2109 eosdem
850 2049 1150 2106 convertit.
1201 2047 1337 2104 Ibid.
1371 2079 1438 2087 —
1477 2047 1712 2101 Cometa
1737 2049 1794 2100 et

151 2143 339 2200 multa
363 2143 532 2216 signa
557 2143 954 2214 apparuerunt
973 2137 1033 2193 in
1057 2137 1217 2192 cmlo.
1241 2135 1540 2191 Exercitus
1561 2133 1792 2190 Childe-

149 2232 298 2288 berti
320 2233 548 2289 Varnos
579 2227 926 2286 rebellantes
955 2241 1153 2298 pugna
1179 2223 1360 2280 victos
1386 2239 1533 2294 pene
1555 2221 1784 2277 delevit.

149 2321 310 2376 Fred.
345 2339 399 2377 a.
433 2322 560 2376 595.

219 2411 323 2464 597
355 2407 758 2464 Childebertus
806 2421 903 2460 rex
950 2403 1302 2458 Francorum
1347 2400 1516 2456 fortis
1555 2404 1611 2454 et
1639 2404 1788 2454 stre-

151 2514 328 2562 nuus,
360 2496 518 2552 filius
543 2493 847 2566 Sigeberti,
873 2508 1014 2546 xxm
1045 2489 1208 2562 regni
1239 2505 1411 2554 anno,
1442 2487 1628 2544 aztatis
1656 2504 1790 2543 vero

149 2603 260 2642 xxv
291 2585 436 2656 (178)
466 2599 707 2651 veneno,
740 2585 803 2636 ut
832 2579 1017 2646 aiunt,
1059 2597 1094 2633 a
1126 2577 1370 2648 conjuge
1401 2577 1502 2632 84
1555 2578 1790 2646 accepto

152 2674 401 2730 moritur
448 2672 595 2745 (179)
621 2689 634 2739 ;
661 2687 762 2742 pro
785 2685 898 2741 quo
920 2669 1034 2722 duo
1057 2665 1157 2720 lilii
1181 2667 1327 2737 ejus,
1357 2665 1790 2720 Theodebertus

150 2763 209 2818 in
222 2759 643 2818 Austrifrancia
655 2759 824 2814 annis
837 2774 951 2812 xvn
967 2759 1022 2812 et
1043 2753 1436 2811 Theodericus
1457 2754 1512 2808 in
1531 2754 1790 2825 Burgun-

150 2851 247 2907 dia
277 2867 410 2906 cum
441 2850 570 2906 avia
599 2845 940 2904 Brunihilde
985 2861 1127 2900 xvm
1157 2843 1327 2899 annis
1359 2844 1748 2914 regnaverunt
1774 2857 1788 2906 ;

151 2940 400 3014 ipsoque
457 2955 610 2994 anno
676 2933 1057 3007 Fridegundis
1115 2949 1252 2989 cum
1313 2929 1428 2987 (ilio
1493 2929 1788 2986 Clothario

151 3045 397 3102 regnum
423 3043 624 3083 eorum
647 3024 876 3088 insavit,
896 3027 954 3079 et
975 3039 1073 3078 eos
1093 3037 1224 3076 cum
1245 3019 1496 3076 exercitu
1516 3017 1788 3074 resisten-

150 3121 261 3184 tes,
313 3115 474 3189 gravi
505 3115 658 3171 cade
713 3111 988 3184 protritos
1029 3109 1270 3182 fugavit.
1325 3107 1543 3178 Fredeg.
1575 3124 1630 3162 a.
1663 3107 1786 3174 596,

151 3207 327 3350 Ραέέέ
349 3207 741 3364 ggfllagundis
759 3288 962 3362 regina
981 3291 1168 3342 mater
1189 3285 1467 3342 Clotharii
1498 3285 1651 3358 regis
1663 3301 1791 3342 mo-

1902 896 2247 969 Agilolpbus
2265 914 2362 954 rex
2379 897 2692 954 nonnullos
2705 898 2883 956 duces
2897 899 3407 972 Langobardorum
3433 898 3555 957 sibi

1904 984 2170 1052 rebelles,
2203 984 2348 1041 alios
2378 985 2608 1052 occidit,
2633 984 2776 1042 alios
2798 985 2928 1042 aliis
2950 985 3142 1042 modis
3173 985 3512 1058 perdomuit
3537 1003 3551 1042 :

1902 1072 2026 1144 ipse
2057 1073 2231 1129 etiam
2264 1079 2600 1145 perpetuam
2633 1090 2766 1130 cum
2816 1073 3171 1131 Theoderico
3201 1091 3336 1147 rege
3366 1075 3553 1130 Fran-

1902 1177 2104 1217 corum
2136 1179 2336 1234 pacem
2367 1162 2520 1218 fecit.
2580 1164 2744 1218 Paul.
2789 1165 2942 1219 Diae.
3003 1163 3156 1220 Fred.
3218 1181 3272 1218 a.
3317 1163 3446 1220 598.
3479 1195 3553 1205 -

1903 1248 2065 1306 Circa
2095 1249 2215 1306 haec
2240 1249 2418 1306 etiam
2440 1254 2703 1322 tempora
2721 1250 3140 1308 monasterium
3154 1251 3349 1308 Sancti
3371 1252 3559 1308 Bene-

1902 1338 2037 1394 dicti
2061 1337 2120 1393 in
2142 1343 2330 1396 castro
2355 1339 2594 1396 Cassino
2615 1339 2820 1406 situm,
2849 1339 3212 1412 fugientibus
3233 1357 3302 1397 ex
3331 1357 3397 1396 eo
3429 1357 3557 1398 mo-

1902 1427 2126 1495 nachis,
2159 1445 2193 1484 a
2221 1427 2620 1500 Longobardis
2641 1429 2879 1485 omnino
2901 1429 3264 1486 destructum
3291 1433 3349 1486 et
3377 1430 3554 1486 deso-

1901 1515 2085 1570 lalum
2116 1520 2204 1571 est
2233 1516 2400 1588 (l80).
2432 1517 2598 1572 Paul.
2630 1517 2780 1573 Diae.
2811 1531 2860 1572 ο.
2897 1517 2982 1574 18.

1967 1605 2075 1658 600
2097 1605 2406 1677 Gregorius
2428 1621 2578 1677 papa
2598 1604 2877 1661 Lindunze
2901 1609 2959 1662 et
2976 1605 3218 1662 Eboraci
3241 1605 3554 1678 episcopos

1899 1692 1957 1747 in
1988 1693 2304 1760 Britannia,
2339 1692 2519 1750 misso
2550 1692 2745 1766 pallio,
2780 1693 3259 1767 metropolitanos
3289 1711 3418 1752 esse
3444 1695 3554 1750 de-

1899 1781 2086 1836 cernit
2107 1781 2419 1837 indictione
2462 1799 2539 1837 Iv.
2564 1781 2717 1854 Greg.
2745 1783 2902 1854 epist.
2928 1799 3054 1851 uv,
3085 1783 3158 1838 ad
3185 1800 3279 1838 an.
3313 1784 3440 1838 601.
3475 1814 3550 1825 --

1899 1869 2103 1926 Clades
2125 1869 2492 1942 glandularia
2508 1869 2830 1927 Massiliam
2851 1870 3115 1944 aliasque
3128 1871 3387 1944 partium
3409 1869 3552 1930 illa-

1900 1974 2032 2012 rum
2055 1957 2312 2014 civitates
2333 1963 2390 2014 et
2417 1959 2644 2015 Italiam
2674 1959 2924 2032 graviter
2945 1958 3167 2016 attrivit
3189 1977 3204 2028 ;
3227 1960 3302 2016 al.
3335 1977 3389 2016 a.
3414 1959 3548 2016 599.

1898 2077 1966 2085 —
1989 2046 2050 2102 In
2082 2045 2211 2102 lacu
2231 2047 2494 2103 Dunensi
2515 2064 2668 2118 aqua
2689 2052 2923 2120 repente
2952 2046 3207 2104 bulliens
3237 2052 3296 2105 et
3315 2048 3552 2105 fervens

1899 2151 2171 2206 magnam
2191 2135 2441 2208 piscium
2464 2141 2688 2208 partem
2709 2136 2952 2192 decoxit.
2978 2135 3388 2193 Warinharius
3423 2137 3550 2208 [al.,

1895 2222 2307 2295 Warnharius]
2339 2225 2530 2296 major
2571 2225 2783 2280 domus
2815 2223 3175 2292 Theoderici,
3209 2223 3369 2280 omni
3401 2224 3550 2282 sub-

1897 2311 2114 2368 stantia
2142 2329 2251 2368 sua
2279 2311 2614 2380 distributa,
2646 2312 2808 2369 obiit.
2842 2313 3063 2383 Fredeg.
3098 2330 3151 2370 a.
3180 2330 3270 2386 pr.

1969 2400 2065 2456 85
2097 2400 2192 2456 601
2257 2399 2620 2456 Brunihildis
2675 2402 2746 2456 de
2801 2417 2980 2474 regno
3035 2401 3421 2458 Theodeberti
3472 2403 3550 2459 ob

1898 2489 2116 2545 scelera
2128 2505 2234 2544 sua
2253 2488 2557 2560 depulsa,a
2578 2490 2834 2562 quodam
2858 2506 3112 2563 paupere
3134 2489 3261 2548 sola
3281 2489 3546 2559 inventa,

1898 2582 1955 2633 et
1987 2578 2058 2633 ad
2080 2577 2504 2633 Theodericum
2526 2593 2742 2650 regem,
2771 2582 2836 2634 ut
2864 2578 3125 2650 rogabat,
3149 2578 3432 2652 perducta
3452 2579 3552 2636 be-

1897 2666 2187 2738 nigneque
2204 2668 2474 2738 suscepta
2493 2663 2680 2722 eidem
2702 2666 2944 2738 pauperi
2964 2667 3364 2738 episcopatum
3384 2668 3552 2724 Auti-

1897 2754 2296 2810 siodorensem
2321 2753 2654 2826 impetravit
2685 2755 2852 2828 (181).
2906 2755 3122 2812 Aimon.
3174 2757 3214 2811 ι.
3248 2773 3330 2826 ιιι,
3363 2773 3410 2812 c.
3443 2758 3545 2826 87,

1896 2844 1973 2900 al.
2008 2861 2061 2899 a.
2096 2844 2222 2898 599.

1967 2934 2074 2988 602
2103 2932 2408 2990 Mauritius
2429 2933 2748 3006 imperator
2775 2933 3051 3004 Phocum,
3071 2932 3405 3007 reipublicm
3426 2934 3546 2991 uti-

1896 3020 2364 3093 lem,principem
2381 3019 2603 3077 militiae
2618 3021 3118 3094 faciens,eumque
3130 3038 3266 3079 cum
3286 3022 3548 3080 exercitu

1898 3110 2236 3177 mittens,de
2256 3109 2450 3166 Persis
2472 3113 2529 3164 et
2557 3108 2686 3166 aliis
2706 3109 3005 3166 nonnullis
3030 3111 3305 3184 gentibus
3326 3111 3546 3168 trium-

1898 3197 2115 3270 phavit.
2147 3200 2290 3254 Hist.
2321 3199 2530 3256 miscel.
2563 3231 2630 3240 —
2661 3199 2828 3256 Globi
2847 3199 3024 3274 ignei,
3049 3203 3106 3256 et
3127 3199 3243 3257 alia
3273 3200 3445 3274 signa
3480 3200 3547 3258 in

1899 3287 2040 3342 ccelo
2059 3286 2204 3343 visa.
2237 3285 2455 3358 Fredeg.
2487 3303 2540 3342 a.
2568 3287 2692 3343 600.
2726 3319 2794 3328 —
2811 3287 3249 3344 Theodebertus
3271 3292 3330 3344 et
3348 3288 3548 3346 Theo-

152 3385 320 3440 ritur.
350 3381 570 3452 Fredeg.
601 3397 656 3436 a.
683 3397 770 3452 pr.
795 3409 864 3419 —
892 3377 994 3434 His
1025 3374 1386 3446 temporibus
1417 3390 1548 3430 cum
1581 3375 1789 3430 Roma-
1898 3375 2130 3432 clericus
2150 3375 2378 3442 fratres,
2409 3375 2633 3448 ingenti
2655 3391 2854 3449 pugna
2879 3375 3172 3434 Clothario
3203 3393 3336 3450 rege
3367 3395 3546 3451 supe-

151 3489 264 3528 nus
294 3470 575 3544 patricius
608 3468 829 3540 aliquot
859 3466 1034 3524 urbes
1063 3482 1097 3521 a
1136 3463 1534 3536 Longobardis
1565 3463 1789 3518 dudum
1830 3541 1858 3544 ‘7
1898 3469 2022 3522 rato
2047 3468 2104 3521 et
2122 3463 2375 3522 exercitu
2396 3465 2525 3536 ejus
2549 3465 2834 3522 trucidato
2857 3469 3033 3538 atque
3053 3467 3272 3540 fugato,
3293 3483 3546 3540 regnum

151 3541 373 3634 captas,
394 3560 479 3616 uti
501 3575 634 3614 cum
655 3555 948 3614 deditione
971 3553 1485 3625 recepisset,idque
1506 3551 1786 3626 Agilolfus
1817 3541 1860 3609 C
1898 3554 2026 3625 ejus
2049 3553 2334 3626 diripiunt
2362 3557 2420 3609 et
2462 3551 2616 3610 inter
2637 3571 2698 3610 se
2714 3553 2982 3610 dividunt
3005 3573 3019 3624 ;
3051 3554 3284 3612 modica
3311 3559 3549 3614 tantum

151 3666 248 3705 rex
275 3647 464 3704 ultum
486 3647 568 3702 ire
596 3645 853 3712 molitus,
886 3641 1060 3699 Italiae
1087 3641 1317 3714 ipsique
1351 3641 1544 3696 Romae
1575 3640 1787 3696 infesto
1894 3646 2058 3714 parte
2085 3639 2193 3706 illi,
2215 3641 2274 3698 id
2297 3645 2406 3712 est,
2428 3659 2508 3697 x11
2539 3641 3097 3716 comitatibusjuxta
3117 3643 3285 3701 littus
3304 3644 3546 3714 Oceani,

153 3755 288 3794 cum
319 3735 569 3792 exercitu
598 3732 952 3800 immineret,
1002 3730 1198 3785 studio
1227 3729 1411 3785 sancti
1455 3745 1614 3800 papa:
1644 3729 1789 3784 Gre-
1895 3747 2028 3786 cum
2059 3733 2228 3803 pacto
2257 3729 2419 3803 pacis
2475 3729 2694 3787 relicta.
2751 3731 2910 3789 Fred.
2944 3749 2998 3788 a.
3027 3733 3176 3798 600;
3212 3733 3358 3789 Paul
3385 3733 3542 3790 Diae.

153 3825 298 3898 gorii
331 3829 387 3880 et
414 3822 690 3894 suifragio
708 3818 1114 3876 Theodelindzs
1137 3817 1418 3889 religiosae
1443 3817 1654 3888 regina:
1679 3834 1790 3890 pax
1967 3819 2072 3873 603
2101 3817 2606 3891 Constantinopoli
2633 3818 2857 3876 Phocas
2899 3820 3082 3877 victor
3123 3821 3196 3877 de
3223 3819 3420 3879 Persis
3449 3839 3544 3879 re-

155 3914 428 3985 utrinque
463 3911 664 3968 effecta
695 3913 802 3964 est.
835 3908 997 3963 Paul.
1043 3906 1196 3963 Diae.
1232 3906 1270 3960 l.
1305 3923 1378 3973 1v,
1403 3922 1448 3960 c.
1481 3906 1534 3960 8.
1568 3922 1679 3976 seq.
1725 3981 1733 3990 .
1895 3923 2102 3964 versus
2121 3905 2914 3980 Mauriciumimperatorem,
2933 3913 3167 3982 peccata
3187 3910 3377 3967 suain
3403 3927 3549 3984 prai-

223 4003 328 4058 599
356 3999 618 4067 Quintrio
641 3996 937 4070 (Wintrio)
959 3995 1076 4051 dux
1107 3993 1420 4066 instigante
1449 3993 1790 4050 Brunihildo
1898 3995 2072 4067 senti,
2104 3997 2170 4050 ut
2222 3994 2350 4067 ipse
2377 4009 2612 4069 semper
2663 4013 2862 4054 orasse
2890 3997 3092 4069 fertur,
3126 3997 3545 4070 exsolventem,

1177 4135 1651 4192 COMPENDIUM
1689 4137 1781 4193 EX
1819 4137 2068 4194 CODICE
2104 4136 2492 4194 BERNOLDI-

225 4277 332 4333 595
359 4275 650 4344 Gregorius
705 4271 974 4346 synodum
1029 4287 1164 4328 xxrv
1219 4271 1594 4344 episcoporum
1635 4271 1706 4328 ad
1734 4271 1788 4328 8.
1903 4273 2014 4345 ipsi
2039 4275 2294 4330 Romae...
2323 4287 2438 4343 pax
2463 4273 2728 4344 utrinque
2754 4274 3029 4345 factaest.

153 4371 380 4422 Petrum
405 4363 621 4434 collegit
649 4361 947 4418 indictione
968 4377 1082 4415 x1v.
1969 4356 2076 4416 5‘99
2103 4363 2196 4417 His
2226 4362 2556 4433 temporibus
2583 4364 3000 4430 monasterium,
3030 4366 3166 4432 eto.,
3197 4364 3264 4418 ut
3285 4364 3439 4435 Aug.

219 4455 328 4510 596
357 4453 412 4509 8.
453 4452 818 4508 Columbanus
843 4451 1124 4523 presbyter
1153 4453 1202 4504 et
1231 4449 1417 4517 abbas,
1469 4451 1587 4520 post
1614 4450 1792 4506 multa
1819 4435 1866 4501 D
1968 4451 2074 4506 600
2125 4451 2420 4521 Gregorius
2473 4467 2616 4524 papa
2648 4449 3019 4508 Lundonia...
3092 4451 3390 4508 indictione
3465 4468 3550 4508 Iv.

152 4543 503 4600 mirabilia...
534 4541 716 4599 aetatis
763 4556 932 4594 ωεχυ.
987 4539 1092 4593 Hoc
1133 4542 1370 4608 tempore
1401 4539 1462 4593 B.
1501 4537 1790 4607 Gregorius
1902 4539 2089 4595 Clades
2115 4538 2473 4611 glandularia
2499 4540 2704 4596 multas
2730 4541 2984 4598 civitates
3012 4539 3222 4614 afﬁxit.
3473 4555 3478 4562 ‘

147 4649 314 4704 papa,
345 4632 592 4687 missis...
642 4631 848 4686 Joanne
875 4633 926 4684 et
983 4627 1134 4695 aliis,
1163 4627 1464 4699 Anglorum
1489 4635 1702 4698 gentem
1731 4629 1793 4682 in
1968 4628 2077 4682 602
2104 4628 2403 4683 Mauricius
2457 4629 2594 4699 imp.
2655 4634 2915 4698 Phocum,
2973 4629 3297 4700 reipublicae
3323 4629 3556 4699 utilem,

153 4721 445 4776 Britannia
472 4719 543 4774 ad
569 4717 737 4789 ﬁdem
768 4717 966 4772 Christi
995 4718 1278 4786 convertit.
1895 4717 2204 4788 principem
2227 4714 2452 4772 militiae
2478 4717 2626 4786 fecit.
2657 4717 2817 4774 Globi
2840 4718 2994 4787 ignei
3027 4719 3092 4773 in
3120 4717 3250 4774 cwlo
3278 4718 3404 4772 visi.

224 4809 328 4864 597
376 4807 746 4863 Childebertus
773 4821 873 4861 rex
899 4807 1231 4860 Francorum
1259 4803 1412 4859 obiit.
1973 4804 2078 4859 603
2104 4803 2574 4875 Constantinopoli
2627 4805 2832 4862 Phocus
2877 4805 3204 4862 Mauricium
3255 4807 3391 4878 imp.
3424 4809 3556 4861 tur-

227 4897 334 4952 598
360 4898 455 4952 His
502 4896 852 4968 imparibus,
900 4910 1026 4948 cum
1073 4894 1415 4948 Romanus...
1469 4895 1654 4962 captas
1695 4909 1794 4964 per
1899 4895 2046 4966 piter
2091 4893 2385 4964 interfecit,
2438 4899 2491 4948 et
2517 4894 2630 4966 ipse
2672 4909 2774 4966 pro
2819 4910 2880 4952 eo
2937 4896 3100 4952 annis
3140 4910 3248 4951 VIII
3275 4896 3554 4966 regnavit.

153 4986 495 5043 deditionem
520 4985 820 5056 recepisset,
855 4987 906 5039 et
932 4983 1001 5038 ob
1033 4981 1091 5037 id
1119 4981 1386 5052 Agilolfus
1417 4995 1516 5036 rex
1536 4980 1716 5038 Italiae
1745 4989 1797 5038 et
1909 4981 2111 5054 Corpus
2139 4981 2196 5036 8.
2239 4981 2530 5037 Victoris...
2563 4984 2616 5039 et
2644 4983 2934 5040 miraculis
2963 4983 3296 5042 declaratur.

1735 5124 1965 5182 ΝΟΤΛΕ.

229 5244 378 5314 (177)
408 5242 565 5300 Beda
591 5241 652 5298 in
681 5241 969 5314 Chronico
998 5238 1212 5314 melius
1241 5237 1420 5293 habet
1473 5237 1789 5314 indictione
1898 5237 2178 5314 billonius
2213 5235 2423 5314 Annal.
2475 5237 2617 5314 Ben.
2645 5243 2687 5296 t.
2729 5240 2771 5310 l,
2806 5257 2864 5314 p.
2892 5239 3024 5314 176,
3055 5237 3220 5296 illam
3242 5236 3424 5314 circa
3452 5253 3553 5296 an.

159 5308 278 5382 xui,
313 5308 440 5384 quae
471 5315 654 5371 mensi
685 5313 840 5370 Julio
871 5311 1049 5382 hujus
1078 5308 1600 5384 anni_concorda_t._
1676 5383 1681 5384 γ
1899 5312 2007 5366 580
2023 5309 2395 5384 statuendam
2418 5311 2649 5384 probat,
2671 5308 2941 5384 quamvis
2957 5308 3560 5369 communiorhucus-

231 5379 378 5459 (178)
411 5385 523 5459 Alii
553 5402 706 5442 anno
735 5384 898 5458 regni
947 5379 1044 5452 ix,
1083 5379 1270 5459 astatis
1299 5397 1451 5447 XXVI,
1483 5379 1543 5435 id
1575 5380 1796 5459 factum
1905 5399 2019 5459 que
2040 5379 2241 5459 opinio
2280 5379 2501 5459 anm_i_m
2529 5379 2641 5459 589’
2669 5379 2981 5459 adoptarit.

161 5449 444 5521 scribunt,
476 5449 952 5529 ipsumque'cum
981 5449 1250 5529 conjuge,
1276 5468 1399 5529 non
1428 5467 1560 5529 vero
1591 5451 1664 5506 ab
1695 5449 1798 5529 illa
1921 5449 1943 5454 “
1975 5454 2066 5524 (18

159 5545 378 5587 veneno
407 5521 588 5585 fuisse
635 5521 1024 5584 interfectum.
1074 5521 1234 5580 Paul.
1267 5523 1418 5578 Diae.
1449 5523 1486 5578 l.
1523 5540 1598 5588 IV,
1626 5539 1672 5578 e.
1705 5521 1794 5578 12.
1904 5521 2053 5580 nova

230 5601 380 5670 (179)
411 5600 634 5656 Laudes
661 5601 788 5671 ejus
821 5595 1194 5670 prosequitur
1223 5593 1394 5666 Greg.
1425 5593 1506 5648 M.
1538 5593 1722 5665 Epist.
1754 5592 1796 5650 l.
1905 5593 3188 5671 episcopumﬁutisiodorensemreferuntur,
3216 5593 3322 5671 qui
3348 5597 3556 5671 tamen

158 5663 484 5754 νινξρῑλλῖίῖο-.
648 5663 709 5754 ,ἶ
807 5663 840 5754 ζ
899 5739 908 5749 .
1011 5663 1030 5667 “
1138 5663 1374 5754 ί
1447 5735 1497 5754 ,ί
1905 5663 2580 5754 iéﬁalliassristiane»
2627 5672 2672 5724 τ·
2721 5670 2940 5754 X151?-
2979 5663 3554 5754 463405993112“

233 5734 392 5819 (180)
413 5741 746 5819 Missashio
803 5739 1052 5819 facimus
1081 5740 1397 5819 auctorum.
1438 5735 1508 5790 de
1529 5739 1800 5819 tempore
1907 5741 1964 5819 et
1991 5734 2356 5819 Brunihildis
2381 5734 2750 5819 propinquus
2781 5734 3032 5812 dicitur;
3065 5734 3220 5796 unde
3245 5741 3359 5819 ett}
3377 5736 3556 5819 Coin-

1681 5807 1803 5938 Rﬁit
1907 5807 2090 5938 tiiquad
2121 5824 2217 5878 an,
2255 5808 2360 5866 699
2381 5807 2645 5870 narratio
2673 5812 2819 5886 (haec
2848 5829 2954 5872 ceu
2984 5807 3387 5872 commentitia
3415 5807 3556 5880 reji-

1745 5897 1800 5938 a-
1909 5897 2078 5938 οιιωδ.

2149 5451 2278 5527 Haec
2303 5525 2308 5527 _
2319 5467 2392 5527 _ex
2412 5451 2755 5527 Fredegario
2779 5450 2852 5512 ad
2881 5472 2977 5527 an.
2998 5453 3105 5514 599
3129 5451 3460 5527 desumpta
3488 5450 3556 5508 in

2153 5521 2462 5579 ibliotheca
2519 5521 2660 5582 Ms‘c.
2719 5526 2780 5584 P.
2844 5525 3036 5584 Labbe
3077 5525 3147 5582 ad
3177 5521 3556 5582 Desidet-ium

162 5807 342 5884 hujus
361 5807 776 5871 destructionis
806 5808 1250 5884 sententiasde
1280 5807 1494 5878 quibus
1526 5808 1650 5884 fuse

163 5879 514 5950 Munatorius
536 5885 596 5943 in
623 5886 750 5942 suis
771 5883 844 5940 ad
870 5879 1115 5936 Paulum
1136 5879 1456 5937 Diaconum
1478 5879 1651 5937 notis.
