3940 6358
231 255 349 317 133

1445 254 1912 319 CHRONICON.
1948 287 2023 299 —
2056 254 2245 315 SEC.
2290 253 2423 314 VII.

3512 259 3632 319 434

1566 388 1796 444 CODEX
1835 384 2227 441 AUGIENSIS.

230 484 481 558 aufugit.
514 486 695 551 Quem
727 486 1963 557 cumTheodoricusodio,etinsuperve-A
2063 482 2167 537 6|7
2226 482 2420 536 Romae
2477 482 2791 538 Deusdedit
2845 483 2991 554 (198)
3066 502 3214 558 papa
3287 487 3428 543 LXX
3478 490 3630 546 sedit

230 573 513 630 nerabilis
534 573 644 628 viri
671 575 931 630 Leunisii
957 576 1105 646 (195)
1128 560 1879 647 Mogontiacensisepiscopi

228 660 610 733 instigatione
632 668 1094 734 persequeretur,
1116 662 1211 717 ille
1225 664 1414 717 denuo
1431 662 1685 717 collectis
1709 662 1877 716 undi-

229 766 346 821 que
375 748 619 817 viribus,
655 751 809 822 apud
842 749 1191 806 Tulbiacum
1230 766 1542 805 occurrens
1599 750 1877 813 conﬂixit,

229 842 290 893 et
316 837 607 893 immensa
635 838 940 894 hominum
972 844 1131 911 stage
1167 840 1318 895 facta
1347 840 1558 893 iterum
1581 838 1766 893 victus
1793 839 1877 893 fu-

230 926 338 999 git.
371 925 768 982 Theodericus
790 944 921 983 vero
934 927 1228 983 Coloniam
1252 927 1552 999 ingressus
1575 928 1879 981 thesauros

232 1015 364 1085 ejus
395 1031 461 1071 ac
486 1031 729 1088 regnum
753 1016 965 1087 rapuit,
987 1015 1291 1088 filiumque
1312 1017 1436 1086 ejus
1460 1014 1763 1087 parvulum
1788 1032 1881 1069 ne-

232 1101 354 1158 cari
374 1103 578 1174 jussit,
614 1101 885 1174 etipsum
918 1104 1407 1176 comprehensum
1456 1120 1521 1157 ac
1572 1105 1879 1158 detonsum

230 1190 546 1247 Cavillonis
578 1191 758 1258 misit,
792 1209 896 1247 nec
928 1192 1111 1248 multo
1144 1196 1273 1264 post
1303 1196 1639 1263 suspectum
1663 1192 1883 1247 habens

230 1280 558 1353 instigante
580 1279 923 1335 Brunihilde
944 1281 1125 1336 occidi
1152 1280 1440 1352 praecepit.
1466 1282 1686 1349 Fredeg.
1701 1298 1735 1335 α
1753 1282 1809 1333 64
1826 1284 1880 1345 2,

229 1370 368 1424 Mar.
383 1373 478 1424 Av.
498 1402 563 1410 —
585 1369 807 1433 Quibus
827 1369 1033 1425 diebus
1044 1370 1248 1424 beatus
1263 1369 1659 1423 Columbanus
1682 1369 1751 1423 de
1768 1369 1884 1422 Bri-

231 1457 435 1532 gantio
453 1457 621 1530 pulsu
632 1458 1114 1524 s,febricitantem
1127 1457 1355 1513 Gallum
1376 1458 1453 1513 ibi
1469 1457 1722 1528 reliquit,
1739 1458 1887 1529 ipse-

233 1564 350 1620 que
382 1547 441 1601 in
478 1547 700 1602 Italiam
729 1547 989 1614 veniens,
1023 1551 1080 1602 et
1112 1546 1358 1617 benigne
1388 1547 1459 1600 ab
1482 1546 1729 1617 Agiloll‘o
1752 1562 1884 1616 rege

230 1641 291 1691 et
321 1633 722 1690 Theodelinda
743 1639 1071 1707 susceptus,
1097 1634 1423 1690 ccnnobium
1446 1634 1727 1689 Bobiense
1749 1651 1883 1689 con-

229 1724 471 1781 struxit.
501 1725 663 1780 Jonas
694 1725 753 1778 in
783 1724 925 1789 Vita,
958 1723 1165 1778 Mabilt.
1199 1738 1323 1779 saec.
1361 1740 1399 1777 II
1430 1723 1627 1777 Bened.
1651 1740 1669 1784 ,'
1708 1724 1784 1777 at.
1829 1740 1882 1778 a.

230 1811 361 1867 6-12.
395 1812 745 1909 :Banctus
777 1828 1010 1909 quoque
1041 1811 1241 1909 Ghallus
1299 1810 1677 1909 solitudinem
1730 1811 1885 1866 cella:
1916 1846 1963 1909 Β

229 1918 355 1956 suae
388 1900 536 1969 (196)
560 1900 808 1956 incolere
839 1900 1029 1971 ccepit.
1067 1902 1302 1969 Rutpert.
1337 1900 1548 1955 Strabo.

303 1989 416 2043 615
440 1988 834 2044 Theodericus
864 1991 1066 2044 contra
1087 1987 1441 2043 Clotherium
1466 2005 1628 2042 arma
1650 2005 1881 2059 parans,

233 2076 524 2149 profluvio
554 2077 795 2143 ventris,
830 2082 904 2145 et,
934 2081 997 2130 ut
1027 2076 1263 2147 quidam
1295 2075 1477 2141 aiunt,
1512 2077 1712 2131 fraude
1744 2078 1885 2131 Bru-

233 2162 483 2218 nihildis
502 2179 723 2219 veneno
746 2162 912 2218 Metis
944 2163 1159 2217 interiit
1180 2181 1193 2229 ;
1214 2168 1270 2219 et
1289 2164 1644 2234 Sigebertus,
1667 2181 1733 2218 ex
1756 2182 1885 2219 con-

231 2252 455 2307 cubina
485 2250 641 2307 {ilius
673 2252 821 2322 ejus,
856 2269 886 2306 a
920 2250 1258 2306 Brunihilde
1290 2258 1344 2306 et
1377 2252 1737 2323 principibus
1790 2270 1887 2307 rex

232 2357 345 2413 pro
376 2357 443 2395 eo
474 2340 662 2395 factus
692 2344 799 2395 est.
834 2340 947 2395 Nec
970 2339 1151 2394 multo
1171 2345 1302 2411 post
1324 2340 1649 2395 Clotharius
1682 2358 1777 2395 rex
1798 2358 1886 2396 rc-

234 2445 425 2501 gnum
458 2430 586 2500 ejus
615 2428 829 2484 invasit
857 2445 1009 2484 anno
1040 2426 1201 2499 regni
1232 2428 1322 2482 sui
1364 2445 1493 2483 xxx.
1550 2430 1771 2497 Fredcg.
1831 2447 1884 2483 η.

230 2517 365 2584 643,
398 2516 531 2572 Mar.
566 2518 659 2571 Av.
692 2516 854 2571 Paul.
888 2517 1038 2571 Diue.

306 2605 417 2659 616
450 2605 510 2659 In
546 2603 847 2659 Britannia
876 2603 1225 2668 Edilbertus,
1279 2604 1503 2674 primus
1565 2604 1882 2673 Anglorum

236 2709 449 2766 regum
481 2692 868 2759 Christianus,
893 2710 1045 2747 anno
1078 2693 1239 2763 regni
1272 2711 1356 2747 LVI
1391 2693 1571 2757 obiit;
1618 2710 1718 2762 pro
1774 2710 1888 2764 quo

239 2780 469 2853 Eatpoli
505 2782 628 2852 [at.,
661 2780 936 2850 Ebaldus]
962 2783 1222 2853 regnavit
1243 2782 1410 2836 annis
1432 2800 1580 2837 xxxv.
1608 2782 1735 2835 BL’tl.
1757 2782 1884 2837 hist.

235 2871 405 2939 Angl.
424 2870 616 2924 a.6l3.
637 2902 704 2908 —
723 2869 838 2923 Hoc
852 2873 1110 2940 tempore
1126 2869 1753 2940 Isidorusllispalensis
1768 2871 1888 2941 epi-

243 2976 463 3030 scopus
495 2957 688 3013 clarus
718 2956 775 3011 in
812 2957 1106 3029 Hispaniis
1138 2958 1405 3023 habetur,
1438 2958 1536 3028 qui
1585 2959 1888 3029 hucusque

242 3048 399 3121 (197)
432 3052 762 3118 temporum
791 3045 1280 3101 abbreviationem
1314 3045 1600 3117 perduxit,
1633 3051 1689 3101 et
1706 3046 1891 3101 multa

238 3136 479 3207 egregia
507 3135 600 3191 9|
639 3152 735 3207 cpi
761 3133 924 3189 scula
952 3134 1151 3188 edidit.
1192 3134 1249 3189 In
1279 3134 1443 3189 Italia
1471 3134 1754 3206 Agilolfus
1793 3153 1889 3190 rex

240 3200 760 3296 Lbngobardorum
794 3222 1061 3287 moritur,
1093 3239 1196 3293 pro
1219 3238 1332 3293 quo
1362 3200 1808 3278 ﬁliustdaloald
1822 3242 1888 3278 us
1920 3200 1962 3266 C

236 3329 378 3367 cum
441 3316 625 3367 matre
683 3310 1081 3366 Theodelinda
1138 3312 1397 3382 regnavit
1427 3311 1596 3366 annis
1638 3330 1693 3366 x.
1729 3314 1890 3367 Paul.

244 3403 397 3456 Diae.
414 3401 453 3455 ι.
470 3417 543 3468 1v,
559 3399 709 3455 0.93.
725 3431 792 3438 —
812 3398 978 3471 Apud
1003 3399 1253 3454 Francos
1269 3400 1598 3469 Sigebertus
1621 3418 1736 3466 rex,
1759 3418 1891 3455 cum

237 3493 449 3545 contra
478 3487 838 3545 Clotharium
870 3487 1183 3543 exercitum
1217 3486 1563 3558 collegisset.
1600 3505 1633 3543 a
1661 3490 1784 3543 suis
1803 3490 1894 3544 dc-

238 3582 442 3633 sertus
468 3580 525 3631 et
541 3576 612 3631 ab
635 3575 902 3632 hostibus
916 3580 1141 3646 captus,
1157 3592 1419 3631 unacum
1433 3575 1707 3631 fratribus
1728 3578 1892 3647 jussu

238 3663 525 3720 Clotharii
548 3668 885 3736 peremptus
901 3668 988 3719 est
1012 3682 1025 3731 ;
1050 3680 1083 3717 a
1108 3680 1221 3735 quo
1252 3664 1429 3719 etiam
1461 3664 1586 3735 ipsa
1609 3665 1895 3720 Brunihil-

239 3754 339 3808 dis
364 3752 668 3809 indomitis
681 3753 847 3826 equis
870 3750 1096 3823 alligari
1112 3753 1286 3823 jussa
1305 3753 1453 3807 etab
1476 3752 1559 3806 eis
1581 3752 1890 3825 discerpta,

242 3841 432 3915 digna
445 3840 681 3896 tandem
696 3844 881 3896 morte
894 3838 1479 3912 periit,etClotharius
1494 3842 1892 3897 monarchiam

234 3929 415 4003 regni
448 3930 688 4002 accepit.
721 3928 877 3984 Fred.
910 3946 963 3984 α.
995 3928 1120 3984 643.
1154 3933 1296 3985 Mar.
1329 3929 1514 3983 Avent.

1988 572 2157 626 annis
2192 589 2272 635 III,
2308 586 2507 625 mense
2534 572 2649 626 fere
2683 589 2737 638 1;
2770 572 2870 642 qui
2921 572 3140 627 clerum
3199 578 3256 628 et
3305 578 3628 635 sacerdotes

1988 660 2186 715 dilexit
2214 660 2413 730 eisque
2445 664 2717 730 sumptus
2743 661 2942 729 auxit;
2976 663 3145 730 cujus
3176 666 3433 734 tempore
3464 665 3628 722 Eleu-

1989 748 2219 803 therius
2243 748 2540 819 patricius,
2562 748 2891 802 Ravennam
2910 749 3165 816 veniens,
3190 751 3433 806 Joannis
3454 755 3632 823 patri-

1989 838 2059 891 cii
2093 841 2486 907 peremptores
2517 837 2746 890 occidit.
2766 839 2903 891 Item
2925 838 3161 909 Neapoli
3184 843 3239 893 et
3262 839 3318 894 in
3343 839 3472 895 aliis
3494 841 3633 898 locis

1988 924 2251 995 tyrannis
2281 924 2485 978 occisis
2516 941 2711 995 pacem
2750 926 2922 979 ltalim
2956 926 3479 985 reddidit.Anast.a.
3508 932 3631 986 615-

1990 1044 2055 1053 —
2086 1012 2146 1066 In
2181 1013 2479 1066 Britannia
2512 1013 2808 1068 Ediwinus
2839 1016 3029 1069 occiso
3063 1015 3366 1084 Edilt‘rido,
3404 1023 3461 1073 et
3499 1018 3635 1075 ﬁliis

1990 1102 2117 1171 ejus
2152 1101 2207 1153 in
2241 1100 2575 1155 Hiberniam
2610 1101 2840 1171 fugatis,
2883 1119 3127 1173 regnum
3160 1104 3318 1159 illius
3376 1123 3478 1177 per
3533 1125 3635 1162 an-

1992 1207 2097 1243 nos
2128 1205 2243 1243 xvu
2274 1190 2501 1259 egregie
2534 1190 2694 1243 rexit.
2733 1190 2877 1244 Beda.
2909 1193 3035 1245 hist.
3071 1194 3229 1263 Angl.

2061 1278 2166 1331 618
2193 1277 2579 1331 Terriemotus
2638 1295 2887 1349 magnus
2942 1280 3128 1335 factus
3157 1286 3267 1349 est,
3324 1288 3382 1336 et
3437 1283 3635 1338 clades

1994 1366 2256 1419 scabiosa
2284 1366 2594 1420 subsecuta
2623 1366 2900 1437 populum
2924 1368 3073 1422 fmda
3094 1373 3276 1424 morte
3292 1371 3531 1441 attrivit,
3555 1372 3636 1427 ita

1994 1458 2057 1507 ut
2092 1454 2305 1507 mortui
2338 1472 2449 1507 non
2479 1460 2717 1523 possent
2747 1456 3003 1524 agnosci.
3038 1457 3221 1510 Anust.
3246 1490 3313 1496 —
3359 1459 3632 1515 Hieroso-

1991 1541 2147 1613 lyma
2176 1541 2325 1596 inter
2354 1540 2499 1595 alias
2553 1541 2845 1596 Palestina:
2898 1544 3071 1598 urbes
3104 1562 3136 1598 a
3192 1545 3444 1601 Chosroe
3500 1564 3634 1619 rege

1994 1635 2301 1685 Persarum
2333 1636 2520 1700 capta,
2555 1635 2611 1684 et
2641 1646 2780 1684 crux
2811 1631 3116 1686 Dominica
3136 1632 3193 1686 in
3215 1635 3509 1689 Persidem
3542 1638 3638 1690 ab—

1995 1720 2169 1774 ducta
2198 1722 2283 1773 est
2314 1718 2483 1786 (499).

2063 1807 2171 1862 649
2202 1806 2531 1861 Clotharius
2564 1824 2659 1862 rex
2690 1807 3109 1864 Warnharium
3143 1811 3264 1880 [at.,
3288 1811 3639 1869 Warnacha—

1994 1897 2141 1951 rium
2158 1898 2190 1965 l,
2210 1896 2301 1949 cui
2326 1896 2691 1966 aliquantum
2718 1895 2981 1952 infensus
3003 1902 3144 1965 erat,
3179 1899 3637 1972 suifragantibus

1994 1985 2215 2049 multis,
2250 1985 2307 2037 in
2340 1986 2585 2055 gratiam
2621 1983 2923 2055 recipiens,
2959 1986 3016 2040 in
3055 1987 3382 2059 principatu
3444 1992 3634 2061 majo-

1995 2073 2072 2126 ris
2104 2073 2314 2126 domus
2338 2071 2723 2125 confirmavit.
2756 2073 2970 2143 Fredeg.
3005 2092 3059 2129 (ι.
3087 2076 3211 2129 643.

2062 2163 2168 2214 620
2202 2161 2391 2214 Roma:
2420 2160 2749 2213 Bonifacius
2780 2161 3021 2231 quintus
3063 2181 3212 2234 papa
3266 2165 3427 2221 LXXI
3483 2168 3637 2222 sedit

1995 2249 2163 2304 annis
2194 2267 2249 2313 ν,
2284 2248 2366 2302 vir
2395 2248 2558 2302 valde
2588 2250 2688 2304 92
2720 2250 2880 2304 mitis
2906 2256 2963 2304 et
2993 2252 3146 2321 pius,
3170 2254 3363 2309 Anast.
3409 2273 3461 2310 a.
3507 2257 3634 2325 6l8,

1994 2343 2150 2393 recte.
2173 2369 2237 2376 —
2262 2337 2623 2391 Eleutlierius
2643 2336 2921 2408 patricius
2939 2339 3303 2409 tyrannidem
3327 2349 3637 2415 etregnum

1994 2427 2272 2480 affectans
2289 2426 2342 2478 in
2362 2424 2571 2479 ltaliaa
2588 2424 2870 2481 militibus
2896 2433 3231 2498 peremptus
3259 2436 3368 2491 est.
3387 2437 3443 2486 et
3465 2439 3640 2504 caput

1996 2516 2123 2585 ejus
2155 2513 2718 2583 Constantinopolim
2752 2514 3019 2569 missum.
3055 2517 3131 2570 at.
3162 2535 3214 2572 a.
3263 2520 3388 2573 649.
3449 2553 3516 2560 —
3578 2522 3639 2576 In

1994 2603 2295 2657 Britannia
2314 2604 2582 2656 defuncto
2607 2603 3039 2675 archiepiscopo
3065 2606 3374 2663 Laurentio
3390 2609 3642 2665 Mellitus

1996 2690 2297 2745 successit.
2332 2692 2462 2744 Βιτιι.
2518 2692 2657 2745 Hist.
2693 2693 2848 2760 Angt.
2911 2724 2975 2731 —
3037 2694 3353 2765 Magundat
3409 2714 3637 2769 magus,

1995 2796 2203 2850 genere
2234 2779 2426 2838 Persa,
2453 2780 2521 2833 ad
2548 2779 2719 2832 fidem
2742 2780 2954 2834 Christi
2977 2797 3290 2837 conversus
3311 2788 3366 2838 et
3388 2790 3640 2841 Anasta-

1997 2869 2119 2922 sius
2151 2868 2362 2931 dictus,
2401 2867 2813 2938 Hierosolymis
2847 2869 3004 2922 mirae
3045 2872 3371 2927 sanctitatis
3428 2890 3636 2929 mona-

1996 2956 2062 3010 ch
2076 2973 2141 3009 us
2171 2957 2409 3009 effectus
2438 2960 2545 3009 est.
3414 2966 3417 2971 '

2065 3044 2160 3097 621
2200 3042 2529 3097 Clotharius
2561 3059 2678 3107 rex,
2714 3046 2966 3115 acceptis
3005 3045 3217 3117 amplis
3275 3051 3639 3116 muneribus,

2002 3131 2398 3202 Longobardis
2432 3133 2785 3202 petentibus,
2817 3150 2897 3187 xu
2929 3133 3111 3189 millia
3141 3135 3459 3192 solidorum
3489 3139 3638 3207 auri,

2002 3236 2148 3291 quos
2179 3219 2483 3275 annuatim
2542 3237 2643 3291 pro
2701 3221 2902 3276 invasa
2952 3224 3247 3293 quondam
3306 3226 3645 3297 Burgundia

2002 3308 2236 3363 Francis
2250 3308 2653 3379 persolvebant
2673 3310 2780 3363 sub
2797 3309 3264 3377 nominetributi,
3286 3313 3641 3384 quibusdam

2001 3396 2463 3459 consiliantibus,
2500 3396 2743 3451 dimisit.
2777 3397 2929 3452 Fred.
2959 3398 3074 3452 chr.
3106 3415 3160 3453 a.
3182 3401 3307 3454 618.

2067 3488 2172 3539 622
2204 3484 2542 3539 Berthrudis
2573 3484 2788 3555 regina,
2825 3476 2967 3540 uxor
2996 3486 3273 3542 Clotharii
3306 3490 3479 3560 regis,
3520 3490 3636 3563 ipsi

2000 3579 2056 3629 et
2084 3572 2356 3627 omnibus
2390 3589 2489 3643 pro
2522 3573 2751 3643 pietatis
2778 3578 2834 3627 et
2864 3590 3092 3629 morum
3152 3577 3493 3632 excellentia
3549 3580 3641 3634 ni-

2002 3664 2184 3717 mium
2216 3660 2506 3730 amabilis,
2535 3662 2697 3715 obiit.
2729 3662 2865 3717 Fred
2898 3662 3031 3717 Chr.
3063 3681 3117 3718 a.
3151 3666 3275 3719 649.

2069 3753 2173 3806 623
2202 3751 2302 3805 His
2334 3750 2695 3822 temporibus
2724 3751 2929 3807 beatus
2958 3752 3149 3808 Attale.
3187 3759 3245 3809 et
3300 3760 3431 3826 post
3488 3756 3642 3812 hunc

2002 3840 2306 3903 Bertolfus,
2340 3840 2650 3895 Bobienses
2674 3840 2932 3906 abbates,
2956 3841 3015 3895 in
3043 3841 3389 3898 Alamannia
3410 3861 3641 3916 quoque

2000 3929 2378 3985 beatissimus
2399 3927 2597 3982 Gallus
2628 3928 2941 3984 virtutibus
2972 3928 3324 3986 claruerunt.
3354 3934 3545 3988 Jonas.

1269 4054 1737 4110 COMPENDIUM
1776 4055 1867 4110 EX
1904 4055 2150 4111 CODICE
2192 4052 2569 4107 BEBNOLDI.

302 4152 415 4208 6l6
447 4152 688 4209 Isidorus
717 4153 815 4207 hoc
845 4156 1082 4225 tempore
1114 4152 1457 4223 Hispalensis
1474 4153 1751 4222 episcOpus
1769 4154 1881 4207 cta-
1912 4160 1959 4224 Ῑ)
2059 4153 2164 4205 620
2194 4153 2374 4206 Roma,o
2397 4151 2731 4220 Bonifacius,
2765 4154 2897 4217 etc.,
2931 4156 2997 4205 ut
3026 4161 3174 4224 Aug.
3208 4184 3276 4192 —-
3305 4155 3364 4208 In
3416 4156 3635 4212 Britan-

223 4257 328 4296 rus
360 4240 611 4296 habetur.
637 4241 985 4295 Brunihitdis
1019 4242 1389 4313 iniquissima,
1423 4242 1575 4311 equis
1608 4241 1885 4297 indomitis
1990 4243 2105 4303 nia,
2139 4243 2282 4303 etc.,
2316 4243 2381 4292 ut
2404 4240 2549 4309 Aug.
2582 4268 2650 4277 —-
2678 4238 2972 4308 Magundat
3025 4258 3221 4309 magus
3251 4283 3288 4296 ..
3337 4246 3637 4302 monachus

228 4330 489 4399 alligata,
512 4329 675 4399 jussu
699 4329 973 4396 Sigeberti
1003 4330 1147 4398 (200)
1178 4330 1321 4399 regis
1350 4330 1683 4383 Francorum
1719 4329 1886 4399 digna

222 4425 408 4474 morte
429 4418 625 4488 periit.
656 4417 958 4472 Pmdictus
980 4417 1227 4474 Isidorus
1267 4418 1546 4487 hucusque
1600 4417 1887 4472 abbrevia-

223 4509 439 4563 tionem
470 4509 778 4578 temporum
803 4505 1089 4578 perduxit.

297 4594 413 4649 647
443 4594 630 4652 Rom
669 4595 956 4651 Deusdedit
1008 4613 1152 4668 papa
1196 4597 1321 4651 LXX
1378 4596 1513 4651 sedit
1568 4598 1732 4651 annis
1783 4596 1887 4650 tri-

228 4684 357 4750 bus,
388 4699 576 4740 mense
602 4685 719 4755 fere
748 4701 875 4740 uno.

300 4770 413 4827 618
437 4772 534 4827 His
554 4773 888 4846 temporibus
915 4774 1358 4844 Hierosolyma...
1393 4773 1653 4830 abducta.

1998 4333 2060 4384 ef
2057 4329 2253 4384 ﬁcitur.

2124 4330 2253 4382 itur.

2027 4330 2167 4471 {£622
2190 4415 2478 4471 Gertrudis
2510 4415 2656 4486 (20l)
2688 4432 2907 4487 regina,
2931 4434 3073 4473 umor
3096 4418 3344 4474 Lotharii
3354 4422 3634 4492 piissima,

1996 4508 2143 4561 bonae
2171 4504 2471 4570 memoria},
2505 4503 2658 4558 obiit.

2063 4594 2169 4648 623
2202 4594 2293 4647 His
2319 4592 2715 4663 temporibus...
2749 4594 2990 4659 abbates,
3023 4598 3075 4649 et
3106 4595 3160 4650 S.
3187 4594 3372 4651 Gallus
3407 4598 3633 4655 clarue-

1995 4685 2145 4739 runt.

1794 4872 2021 4928 NOTAE.

298 4968 458 5043 (196)
489 4969 595 5027 Hic
619 4970 753 5027 aliis
796 4973 1079 5029 Leonisius
1127 4970 1360 5043 dicitur,
1419 4986 1593 5043 quem
1653 4970 1876 5043 Trithe-

220 5041 389 5115 mius
408 5041 599 5115 virum
626 5042 685 5098 in
700 5043 927 5099 Christo
948 5059 1294 5115 magnorum
1307 5041 1586 5115 virtutum
1608 5042 1883 5115 appellat,

1990 4966 2657 5044 ejusgeditioneMadrit.
2694 4969 2938 5044 a._1_778,
2971 4974 3012 5026 t.
3047 4973 3089 5035 Ι.
3123 4988 3180 5044 p.
3212 4988 3273 5039 II,
3308 4988 3364 5044 p.
3398 4970 3520 5028 121.

2062 5040 2554 5113 (198)7Deusdedit
2583 5041 2653 5094 ad
2688 5040 2997 5113 minimum
3024 5040 3147 5113 jam
3174 5061 3266 5098 an.
3298 5040 3403 5099 645
3458 5045 3630 5101 Boni-

221 5114 298 5193 εἰς
330 5114 506 5193 cujus
537 5113 689 5170 facto
721 5115 814 5193 hic
838 5112 1078 5193 narrato
1125 5112 1520 5170 consulendus
1575 5112 1884 5169 Aimoinus
1992 5112 2421 5193 fuci-oui‘V'papae
2449 5112 2745 5193 successit.

222 5183 371 5239 hist'
409 5183 685 5241 Francor.
722 5186 760 5239 4.
796 5202 879 5248 in,
913 5203 963 5242 c.
995 5188 1086 5240 98.

2060 5183 2203 5253 (499)
2234 5182 2358 5236 Vid.
2395 5200 2528 5237 ann.
2561 5183 2685 5247 610,
2719 5184 2817 5237 sed
2851 5185 2921 5238 all
2957 5190 3230 5241 neutrum
3257 5203 3473 5242 annum
3518 5186 3632 5243 hoc

298 5255 347 5337 (4
361 5256 699 5337 96)_$cilicet
798 5258 949 5313 saltu
972 5256 1259 5337 Rhaeticas
1274 5253 1878 5337 Alpesinteretlacum
1990 5259 2212 5334 spectat
2237 5254 2523 5337 {.coiitigit
2552 5255 2705 5307 enim
2731 5258 2897 5337 juxta
2920 5257 3253 5337 Chronicon
3289 5259 3630 5313 Alexandri-

221 5325 645 5409 Brigantinum
677 5328 833 5409 sitae,
859 5345 984 5400 quae
1016 5332 1217 5409 postea
1239 5327 1297 5380 in
1322 5325 1762 5380 celeberrimum
1786 5326 1876 5380 sui

224 5397 489 5454 nominis
519 5397 943 5455 monasterium
973 5397 1239 5455 excrevit.

1989 5324 2126 5380 niim
2162 5324 2473 5379 indictione
2510 5342 2544 5377 ii
2577 5342 2675 5378 seu
2711 5324 2803 5379 an.
2836 5327 2959 5381 644.

2058 5397 2203 5463 (200)
2233 5396 2353 5448 Non
2386 5413 2417 5449 a
2448 5396 2745 5466 Sigeberto
2778 5398 2833 5451 id
2861 5400 3096 5466 factum,
3132 5401 3231 5455 sed
3260 5398 3619 5463 aClothario,

297 5468 694 5552 (197)"1flempe
712 5487 911 5552 usqu_e_
928 5488 1001 5552 an
1020 5487 1237 5552 annum
1262 5466 1530 5552 quintum
1554 5465 1803 5552 Ileraclii.
1819 5471 1877 5552 et
1986 5466 2430 5552 attrecte'habet
2449 5465 2594 5552 Ang.

221 5536 821 5628 ξτειξηᾙίςρειῖιίοςιπῐ
838 5543 974 5628 ἑβίιν
1004 5541 1104 5628 qui
1126 5543 1238 5628 est.
1255 5536 1693 5628 ξιξτξιξεέἒὲξίξξὶ
1709 5536 1869 5628 -919-

2055 5538 2202 5613 (204)
2234 5537 2317 5613 Ita
2346 5530 2855 5613 etiam‘Canisiana
2879 5540 3076 5613 editio,
3102 5530 3206 5598 sed
3250 5536 3482 5594 omnino
3534 5534 3614 5594 le-

218 5606 559 5696 Eutatsuﬁ
574 5614 816 5677 nomine
835 5606 1105 5676 Chronici
1124 5609 1333 5674 Isidori
1354 5610 1414 5672 in
1444 5624 1591 5671 nova
1617 5606 1869 5689 Operam
1982 5606 2240 5686 gendum
2270 5608 2590 5671 Bertrudis.
