3940 6366
317 421 432 483 135

1131 413 1534 485 ΗΕΗΜΑΝΝῘ
1579 422 2020 486 CONTRACTI
2063 423 2476 489 AUGIENSlS
2519 427 2870 492 MONACH.

3592 427 3710 493 136

1608 581 1841 638 CODEX
1878 581 2048 639 AUGI
2058 583 2276 639 ENSIS.

377 680 482 734 624
513 679 574 735 In
605 677 901 734 Britannia
934 679 1204 734 defuncto
1236 679 1452 734 Mellito
1510 679 1941 752 archiepiscopo
1971 681 2023 748 Α
2054 696 2188 736 cum
2218 681 2448 738 infinita
2467 684 2658 754 praeda
2677 701 2909 741 crucem
2934 685 3300 742 Dominicam
3325 685 3710 760 triumphans

305 768 514 825 Justus
543 767 901 824 substitutus
929 771 1054 836 est;
1087 768 1185 840 qui
1217 769 1482 840 sequenti
1513 785 1665 824 anno
1705 769 1938 824 beatum

307 864 936 922 Paulinum'ordinans
993 865 1350 937 episcopum,
1408 865 1612 938 Anglis
1667 865 1786 922 illis
1840 866 1940 938 qui

309 956 500 1012 adhuc
527 953 738 1028 pagani
767 957 932 1010 erant
958 954 1390 1026 praedicatorem
1417 960 1473 1011 et
1507 957 1801 1010 doctorem
1831 955 1941 1011 mi-

309 1044 406 1101 sit.
439 1044 600 1100 Beda.
651 1045 779 1100 hist.
835 1043 996 1111 Angl.
1058 1041 1389 1099 Clotharius
1439 1061 1537 1100 rex
1590 1045 1942 1100 Francorum

311 1151 463 1189 anno
493 1132 652 1204 regni
684 1131 773 1187 sui
803 1148 968 1187 xxxnx
1000 1132 1390 1203 Dagobertum
1415 1133 1598 1188 lilium
1615 1137 1941 1190 consortem

308 1222 516 1293 (regni)
545 1221 695 1288 fecit,
728 1224 802 1288 et,
818 1221 984 1276 beato
1005 1221 1125 1276 viro
1145 1221 1382 1277 Arnolfo
1415 1223 1559 1294 (202)
1585 1223 1945 1295 Pippinoque

307 1311 439 1366 duci
471 1309 962 1375 commendatum,
1008 1309 1078 1364 ad
1137 1311 1456 1382 regendum
1514 1311 1943 1367 Austril‘ranciaa

306 1398 502 1470 dirigit
529 1414 795 1469 regnum.
829 1398 962 1452 Fred
982 1399 1096 1452 chr.
1131 1416 1184 1454 a.
1215 1400 1341 1452 622.

374 1490 480 1542 625
507 1487 700 1542 Roma:
729 1485 1018 1541 Honorius
1049 1504 1202 1558 papa
1230 1488 1424 1542 LXXII
1451 1488 1598 1542 sedit
1618 1488 1786 1542 annis
1821 1505 1942 1556 xm,

304 1576 404 1648 qui
438 1573 642 1630 multis
657 1575 828 1630 bonis
851 1576 1093 1630 studens
1109 1575 1384 1632 ecclesias
1406 1576 1602 1648 plures
1625 1577 1944 1644 adornavit,

302 1664 612 1729 renovavit,
644 1662 944 1718 exstruxit.
978 1664 1134 1718 Fecit
1163 1664 1466 1720 basilicam
1506 1665 1563 1720 S.
1587 1663 1824 1736 Agnetis
1854 1662 1949 1720 via

302 1753 688 1808 Numentana.
722 1751 864 1806 Item
895 1751 953 1806 S.
987 1750 1339 1822 Apollinaris
1372 1751 1428 1805 in
1452 1751 1746 1822 porticus.
1774 1749 1945 1806 Petri.

304 1841 444 1897 Item
476 1841 534 1894 S.
567 1841 667 1896 93
699 1839 951 1905 Quiriaci
981 1839 1074 1894 via
1101 1839 1376 1896 Ostiensi.
1411 1840 1555 1895 Item
1580 1844 1830 1911 quatuor
1851 1841 1955 1898 Co-

301 1933 657 1985 ronatorum.
691 1929 834 1984 Item
861 1928 920 1983 S.
953 1928 1212 1984 Severini
1242 1929 1567 2002 Tyburtina
1597 1930 1760 1985 urbe.
1809 1931 1950 1984 Item

2049 769 2507 844 Hierosolymam
2541 774 2776 830 revexit.
2812 775 3116 847 Theophan.
3179 775 3234 832 h.
3291 793 3346 832 a.
3405 807 3477 818 —
3531 777 3706 850 Apud

2053 858 2306 916 Francos
2364 860 2751 920 Warnharius
2794 864 3713 939 [seuWarnaeharius]maJordo-

2052 963 2185 1003 mus
2206 949 2473 1017 moritur,
2499 955 2556 1006 et
2585 951 2846 1008 Godinus
2871 952 3028 1010 filius
3050 954 3178 1025 ejus
3199 971 3511 1012 novercam
3534 971 3711 1012 suam

2051 1051 2289 1093 uxorem
2319 1038 2927 1111 accipiens,Clothario
2949 1047 3333 1116 persequente
3349 1060 3453 1117 per
3472 1044 3711 1102 diversa

2053 1123 2332 1197 fugitans,
2367 1132 2657 1199 postremo
2688 1133 3026 1202 peremptus
3056 1135 3164 1188 est.
3197 1133 3356 1188 Fred.
3389 1149 3442 1189 a.
3467 1134 3597 1189 626.

2121 1216 2228 1269 629
2254 1215 2580 1273 Clotharius
2611 1234 2709 1274 rex
2738 1235 3017 1291 magnum
3065 1221 3137 1276 de
3192 1225 3313 1277 toto
3357 1237 3540 1294 regno
3597 1239 3708 1279 suo

2053 1301 2329 1375 Clippiaci
2353 1303 2557 1360 habuit
2578 1312 2925 1363 conventum
2947 1326 2960 1376 ;
2979 1307 3080 1364 ubi
3100 1325 3317 1382 magna
3335 1308 3630 1366 dissensio
3651 1313 3712 1367 et

2054 1391 2340 1448 tumultus
2371 1398 2602 1450 exortus
2631 1395 2724 1450 vix
2753 1397 2989 1452 tandem
3021 1397 3215 1454 studio
3244 1397 3402 1471 regis
3437 1399 3706 1455 sedatur.

2053 1481 2213 1536 Fred.
2245 1482 2358 1536 chr.
2387 1499 2440 1537 a.
2473 1484 2596 1538 627.

2121 1569 2228 1622 630
2255 1569 2582 1626 Clotharius
2613 1588 2710 1627 rex
2741 1573 3093 1628 Francorum
3127 1573 3314 1642 fortis,
3344 1574 3479 1648 pius
3509 1579 3570 1631 et
3611 1592 3709 1633 re-

2052 1657 2297 1728 ligiosus
2323 1675 2473 1714 anno
2497 1661 2658 1732 regni
2675 1661 2778 1717 04
2802 1679 2909 1717 va
2928 1661 3258 1732 defunctus,
3286 1666 3343 1719 et
3357 1663 3626 1721 Parisius
3647 1664 3710 1722 in

2055 1745 2298 1802 basilica
2325 1748 2382 1802 S.
2415 1747 2701 1804 Vincentii
2731 1749 3000 1822 sepultus
3038 1755 3163 1820 est;
3221 1752 3393 1824 cujus
3452 1769 3708 1826 regnum

2058 1835 2414 1906 Dagobertus
2442 1835 2600 1893 ﬁlius
2629 1837 2940 1910 accipiens,
2973 1855 3106 1895 cum
3127 1839 3254 1913 jam
3285 1856 3344 1894 v1
3377 1839 3551 1898 annis
3609 1857 3709 1898 re-

2058 1928 2283 1995 gnaret,
2315 1941 2351 1978 ι
2382 1924 2554 1980 annis
2585 1931 2785 1998 postea
2813 1926 2980 1995 rexit,
3014 1927 3244 1984 modica
3273 1931 3506 1985 tantum
3540 1932 3710 2002 parte

300 2019 358 2074 S.
393 2016 676 2073 Pancratii
705 2017 796 2072 via
822 2017 1082 2112 Aurelia.
1125 2018 1283 2112 Item
1306 2019 1366 2074 S.
1414 2018 1620 2072 Luciae.
1683 2019 1826 2073 Item
1883 2019 1942 2074 S.
1975 2047 2024 2112 Β
2052 2012 2221 2083 juxta
2239 2012 2556 2112 Vascones
2581 2017 2638 2070 et
2657 2014 2978 2112 Pirenaeum
3000 2015 3162 2072 fratri
3211 2016 3555 2075 Chariberto
3573 2034 3710 2075 con-

299 2106 534 2161 Adriani
565 2110 621 2161 et
648 2105 762 2161 alia
794 2104 978 2160 multa
1005 2105 1324 2162 laudabilia
1351 2107 1620 2176 patravit.
1645 2107 1831 2161 Anast.

365 2197 469 2250 626
499 2196 672 2250 Samo
702 2194 964 2266 quidam,
990 2195 1248 2250 Francus
1267 2195 1609 2266 negotiator,
1643 2195 1784 2250 dum
1805 2211 1938 2250 cum

295 2284 428 2340 aliis
455 2284 525 2338 ad
546 2281 779 2338 Sclavos
803 2283 1077 2344 venisset.
1103 2283 1305 2353 eisque
1326 2286 1528 2338 contra
1553 2283 1817 2353 Hunnos,
1837 2283 1938 2355 qui

293 2378 349 2428 et
364 2377 594 2438 Avares,
610 2371 827 2426 bellum
845 2377 1142 2426 moventes
1157 2371 1472 2426 fortissime
1489 2388 1758 2444 pugnans
1778 2373 1941 2442 adju-

291 2465 504 2532 vasset,
535 2459 646 2532 ipsi
679 2459 976 2516 victoriam
1009 2459 1159 2514 nacti
1193 2475 1371 2532 super
1401 2476 1462 2514 se
1518 2476 1713 2532 regem
1771 2459 1936 2516 illum

292 2550 546 2622 eligunt;
581 2547 680 2604 ubi
709 2547 911 2603 multis
941 2547 1136 2603 clarus
1164 2547 1423 2604 victoriis
1443 2565 1591 2602 xxxv
1621 2549 1790 2604 annis
1816 2547 1938 2602 feli-

292 2639 434 2694 citer
462 2653 708 2710 regnum
737 2636 955 2692 tenuit.
992 2635 1095 2690 Hic
1125 2635 1205 2690 ibi
1236 2654 1317 2691 xu
1347 2653 1579 2703 uxores,
1632 2641 1689 2692 et
1731 2653 1799 2692 ex
1855 2637 1938 2694 eis

293 2727 444 2782 ﬁlios
471 2743 587 2780 xxn
618 2724 888 2796 filiasque
918 2740 993 2778 xv
1022 2723 1264 2794 accepit.
1295 2725 1452 2780 Fred.
1483 2727 1598 2779 chr.
1633 2742 1686 2780 a.
1713 2727 1838 2780 623.
1870 2756 1940 2766 —-

295 2816 356 2871 In
391 2814 557 2870 Italia
581 2811 959 2877 Adaloaldus,
995 2829 1093 2867 rex
1124 2813 1661 2884 Longobardorum,
1685 2830 1818 2869 cum
1877 2814 1936 2869 in

292 2901 812 2966 amentiamﬁmci
829 2901 1137 2970 cujusdam
1151 2899 1322 2973 legati
1341 2901 1603 2957 malefico
1618 2907 1936 2973 unguento,

293 3005 499 3044 versus
531 2987 845 3044 nonnullos
877 2987 1204 3060 principum
1239 2989 1602 3060 peremisset,
1636 2989 1938 3062 depositus

293 3078 364 3132 de
397 3093 574 3149 regno
603 3092 708 3131 nec
733 3075 916 3131 multo
939 3081 1069 3148 post
1087 3092 1305 3132 veneno
1327 3077 1649 3132 exstinctus
1663 3083 1752 3133 est
1777 3083 1942 3150 ;post

291 3181 466 3236 quem
498 3163 806 3220 Harialdus
841 3163 1306 3235 [al.,Arioaldus]
1339 3182 1435 3221 rex
1467 3165 1654 3221 factus
1676 3165 1844 3222 annis
1859 3183 1939 3238 νιι

291 3252 568 3325 regnavit.
603 3252 705 3307 Hic
735 3253 1180 3324 Gundabergam
1215 3253 1394 3308 filiam
1443 3253 1674 3326 Agilolfi
1731 3253 1939 3310 habuit

291 3357 549 3398 uxorem.
580 3341 742 3396 Paul.
776 3341 924 3396 Diae.
957 3358 1010 3396 a.
1033 3343 1142 3396 625
1163 3343 1238 3397 al.
1267 3359 1318 3396 a.
1343 3343 1468 3396 623.

2051 2116 2236 2156 cessa.
2269 2101 2427 2157 Fred.
2459 2102 2579 2158 chr.
2611 2119 2664 2158 a.
2691 2103 2819 2158 628.

2117 2189 2215 2244 631
2252 2189 2611 2261 Dagobertus
2641 2206 2740 2246 rex
2767 2196 2969 2250 sancto
2997 2192 3235 2249 Arnolfo
3268 2193 3532 2251 Metense
3579 2195 3703 2268 epi-

2048 2294 2246 2350 scopo,
2277 2284 2334 2334 et
2361 2278 2604 2351 Pippino
2625 2281 2791 2347 duce,
2817 2281 3037 2354 majore
3055 2283 3286 2353 domus,
3310 2283 3706 2340 Chuniberto-

2049 2383 2161 2439 que
2189 2367 2532 2424 Coloniense
2589 2368 3024 2442 archiepiscopo
3083 2375 3256 2428 utens
3315 2370 3704 2445 consiliariis,

2048 2455 2230 2510 nimio
2259 2471 2456 2511 amore
2477 2456 2720 2526 justitiaa
2752 2458 3036 2530 ﬂagravit,
3069 2463 3128 2515 et
3180 2477 3280 2517 rex
3337 2477 3443 2534 per
3498 2462 3704 2520 omnia

2046 2544 2358 2600 laudabilis
2388 2545 2624 2601 exstitit.
2646 2546 2850 2602 Postea
2868 2564 3024 2616 vero,
3046 2549 3282 2622 propria
3301 2555 3545 2608 secutus
3562 2567 3703 2608 con-

2049 2633 2198 2699 silia,
2232 2631 2481 2688 multum
2514 2633 2586 2689 ad
2613 2634 2897 2690 deteriora
2924 2636 3178 2694 deﬂuere
3209 2639 3384 2711 capit
3403 2655 3704 2712 uxoreque

2049 2721 2406 2777 Gomatruda
2418 2721 2744 2793 repudiata,
2763 2722 3136 2780 Nanthildem
3148 2727 3471 2796 quamdam
3485 2727 3558 2783 de
3580 2744 3702 2784 meo

2047 2809 2301 2864 nasterio
2333 2810 2478 2881 (203)
2511 2809 2764 2882 puellam
2796 2811 3020 2886 accepit
3047 2829 3288 2870 uxorem
3316 2815 3545 2888 Fredeg.
3578 2817 3700 2872 chr.

2049 2901 2083 2953 ξι
2114 2898 2240 2952 629.

2115 2987 2221 3041 632
2231 2986 2602 3042 Charibertus
2628 2986 2886 3060 regulus,
2904 2989 3083 3046 frater
3098 2989 3432 3064 Dagoberti,
3455 2992 3697 3052 Wasco—

2048 3075 2206 3130 niam
2228 3075 2508 3132 invadens
2534 3093 2639 3132 suo
2655 3093 2784 3133 eam
2797 3093 2975 3150 regno
2997 3078 3228 3150 adjecit.
3242 3079 3616 3152 Dagobertus
3629 3099 3700 3140 ex

2047 3161 2302 3232 quadam
2332 3162 2654 3218 concubina
2683 3163 2832 3234 (204)
2857 3164 3223 3236 Sigebertum
3253 3165 3444 3223 tilium
3464 3170 3696 3241 genuit.

2045 3249 2200 3305 Fred.
2232 3249 2348 3304 chr.
2375 3267 2427 3305 a.
2458 3251 2584 3306 630.
2619 3281 2688 3291 —
2717 3251 2834 3306 Pax
2863 3257 3144 3325 perpetua
3163 3253 3316 3310 inter
3356 3254 3696 3315 Heracliam

2046 3338 2454 3410 imperatorem
2487 3344 2544 3394 et
2571 3339 2984 3411 Dagobertum,
3016 3339 3225 3414 legatis
3268 3343 3694 3417 mediantibus,

358 3433 462 3485 627
496 3433 556 3486 1n
587 3429 883 3485 Britannia
915 3430 1198 3487 Edwinug
1231 3447 1328 3486 rex
1357 3430 1676 3502 Anglorum
1709 3448 1742 3487 ε,
1777 3431 1930 3488 pau-
1961 3403 2005 3476 C
2043 3403 2213 3498 pacta
2242 3431 2368 3495 est;
2401 3431 2478 3492 et,
2510 3403 2786 3498 petitione
2815 3403 3206 3500 imperatoris,
3239 3431 3341 3504 qui
3371 3403 3698 3506 imperium

288 3517 407 3574 lino
437 3517 708 3590 episcopo
738 3534 1073 3588 conversus,
1106 3534 1240 3572 cum
1271 3521 1441 3589 gente
1471 3536 1580 3574 sua
1605 3519 1933 3590 baptizatur

289 3621 443 3661 anno
473 3607 756 3661 adventus
803 3605 1115 3677 Anglorum
1167 3605 1226 3660 in
1289 3606 1648 3662 Britanniam
1699 3606 1928 3663 circiter

291 3711 486 3751 ccxxx.
521 3694 651 3748 Bed.
683 3694 810 3748 hist.
845 3694 1006 3761 Angl.
1039 3725 1106 3733 ——
1147 3694 1446 3749 Discerdia
1494 3695 1644 3751 inter
1695 3695 1930 3752 Clotha-

291 3782 445 3838 rium
479 3797 670 3852 regem
703 3784 758 3836 et
786 3779 972 3835 lilium
1029 3781 1158 3852 ejus
1219 3783 1604 3853 Dagobertum
1657 3784 1926 3856 incoepta,

291 3871 460 3926 beato
511 3867 746 3926 Arnolfo
799 3867 1048 3942 aliisque
1102 3871 1464 3942 principibus
1535 3872 1930 3928 mediantibus

295 3960 550 4014 sedatur.
585 3958 745 4014 Fred.
771 3957 888 4012 chr.
920 3975 975 4014 a.
1007 3959 1131 4014 625.

360 4049 465 4102 628
511 4046 724 4102 Beatus
779 4047 1125 4102 Anastasius
1181 4047 1524 4116 monachus,
1583 4047 1774 4105 multa
1825 4065 1929 4121 pro

291 4135 520 4190 Christo
549 4138 843 4191 tormenta
867 4151 1098 4207 passus,
1131 4137 1365 4192 tandem
1386 4137 1446 4192 in
1463 4136 1718 4205 Perside,
1741 4155 1775 4192 a
1795 4154 1930 4211 rege

291 4222 586 4278 Chosdroe
615 4237 749 4277 cum
780 4220 910 4277 aliis
953 4239 1057 4278 Lxx
1109 4223 1532 4296 transgulatus,
1585 4226 1929 4297 martyrium

293 4307 621 4381 complevit.
652 4309 780 4366 Bed.
813 4311 924 4366 chr.
957 4341 1026 4350 —
1049 4313 1176 4383 Ipso
1195 4329 1346 4368 anno
1362 4312 1658 4370 Heraclius
1679 4313 1929 4386 impera-

294 4404 388 4454 tor
415 4397 704 4454 Persidem
739 4397 921 4470 petiit,
965 4397 1231 4472 victoque
1276 4406 1332 4457 et
1378 4402 1566 4458 occiso
1619 4401 1926 4469 Chosdroe,

2040 3531 2214 3570 suum
2228 3532 2262 3570 a
2273 3520 2442 3587 gente
2454 3515 2800 3572 circumcisa
2817 3519 3164 3574 vastandum
3195 3527 3693 3594 precognoverat,

2037 3603 2222 3659 Judaei
2253 3602 2422 3658 multi
2451 3603 2511 3658 in
2539 3619 2716 3676 regno
2751 3605 3127 3676 Francorum,
3161 3607 3313 3664 sicut
3339 3615 3400 3666 et
3428 3609 3569 3667 alibi
3628 3612 3695 3669 in

2038 3692 2298 3748 Romano
2318 3691 2581 3763 imperio,
2610 3692 2901 3765 proﬂigati
2932 3698 3071 3750 sunt
3097 3695 3266 3768 (205).
3326 3696 3442 3754 Nec
3500 3699 3695 3759 multo

2038 3784 2170 3853 post
2199 3780 2412 3836 secutis
2441 3781 2802 3852 temporibus
2829 3781 3239 3840 crudelissima
3253 3801 3396 3859 gens
3416 3787 3697 3846 Sarrace-

2039 3883 2270 3936 norum,
2303 3873 2360 3924 et
2387 3867 2517 3941 ipsa
2539 3869 2901 3937 circumcisa,
2923 3870 3140 3928 multas
3161 3873 3492 3945 provincias
3510 3875 3696 3934 inun-

2037 3958 2185 4012 dans
2205 3957 2533 4022 vastavit,et
2548 3957 2874 4015 Romanum
2887 3959 3200 4018 exercitum
3223 3963 3444 4020 crebris
3465 3965 3697 4037 praeliia

2037 4045 2392 4103 trucidatum
2419 4044 2793 4102 vehementer
2818 4047 3035 4102 attrivit
3061 4049 3218 4104 Fred.
3246 4050 3363 4106 chr.
3394 4067 3451 4108 a.
3483 4053 3612 4110 630.

2109 4134 2235 4190 633.
2269 4133 2334 4188 In
2364 4132 2664 4190 Britannia
2691 4134 2994 4207 Edwinus,
3017 4153 3118 4194 rex
3145 4138 3469 4212 Anglorum
3499 4143 3704 4215 pacifi-

2039 4239 2144 4278 cus
2169 4225 2226 4278 et
2254 4221 2406 4294 pius,
2432 4239 2467 4277 a
2495 4222 2860 4289 Ceadwalda,
2883 4224 3006 4294 [al.,
3035 4226 3388 4301 Cedowalla]
3407 4232 3467 4286 et
3496 4230 3707 4290 Penda

2039 4311 2284 4383 paganis
2315 4311 2552 4383 regibus
2566 4310 2753 4368 victus
2771 4315 2830 4368 et
2850 4318 3192 4386 peremptus
3220 4320 3329 4373 est.
3363 4321 3505 4375 Post
3522 4321 3706 4393 cujus

2042 4404 2288 4457 mortem
2346 4398 2451 4454 filii
2504 4397 2770 4455 Edilfridi
2819 4399 2889 4456 de
2943 4400 3130 4459 Sectis
3162 4405 3401 4472 reversi,
3441 4421 3703 4480 regnum

1318 4499 1792 4555 COMPENDIUM
1833 4499 1922 4555 EX
1961 4498 2212 4556 CODICE
2246 4496 2630 4554 BERNOLDI.

364 4594 470 4648 624
506 4594 566 4648 1η
621 4594 916 4649 Britannia
968 4593 1216 4666 defuncto
1273 4595 1472 4652 Mellito
1528 4596 1930 4668 archiepiscopo
1959 4599 2006 4663 D
2103 4596 2210 4650 630
2239 4594 2532 4652 Lotharius
2553 4609 2653 4649 rex
2679 4595 3018 4652 Francorum
3051 4597 3233 4670 fortis,
3263 4601 3391 4673 pius
3447 4611 3502 4660 et
3555 4609 3699 4664 reti-

294 4683 546 4737 successit
573 4683 778 4750 Justus,
811 4685 920 4752 etc,
951 4686 1018 4736 ut
1043 4685 1190 4755 Aug.

365 4771 472 4824 625
502 4771 683 4826 Romw
712 4771 980 4826 Honorius
1003 4788 1147 4843 papa
1186 4772 1366 4828 LXXII
1411 4771 1546 4826 sedit
1594 4774 1756 4827 annis
1810 4790 1934 4842 xm,

297 4861 394 4932 qui
419 4859 606 4914 multis
641 4859 790 4914 bonis
817 4860 1067 4931 operibus
1097 4861 1414 4916 abundavit.

367 4949 472 5002 627
501 4949 564 5003 In
591 4949 950 5006 Britannia...
983 4950 1041 5004 in
1081 4949 1432 5005 Britanniam
1458 4965 1600 5020 pene
1653 4951 1937 5007 centesimo

296 5037 632 5108 octogesimo.

367 5128 471 5181 628
501 5127 563 5180 B.
595 5125 926 5182 Anastasius
952 5127 1211 5184 multa...
1258 5134 1474 5199 martyr
1501 5127 1757 5198 efﬁcitur.
1818 5130 1940 5200 Ipso

297 5229 464 5271 anno.
496 5215 842 5270 Heraclius...
874 5217 1016 5270 victo
1045 5218 1101 5270 et
1135 5217 1309 5270 occiso
1352 5214 1634 5286 Chosdroe,
1691 5219 1938 5273 Domini-

297 5320 419 5362 cam
445 5319 660 5360 crucem
686 5303 1117 5376 Hierosolymam
1143 5304 1368 5360 revexit.

2044 4685 2229 4754 giosus
2258 4683 2390 4740 obiit
2419 4699 2512 4738 an.
2545 4684 2702 4754 regni
2727 4700 2854 4739 va.

2114 4774 2214 4829 631
2262 4771 2591 4843 Dagobertus
2645 4787 2746 4827 rea:
2799 4773 3136 4832 Francorum
3184 4778 3244 4832 S.
3301 4779 3536 4852 Arnolfo
3585 4784 3700 4842 Ne-

2045 4867 2192 4918 tense
2208 4863 2469 4934 episcopo,
2499 4861 2803 4932 etPippino
2848 4865 3056 4935 majore
3107 4864 3300 4922 domus
3353 4875 3512 4927 utens
3564 4888 3702 4928 eo..-

2044 4951 2304 5017 siliariis,
2333 4950 2507 5005 nimio
2536 4963 2722 5005 amore
2739 4950 2988 5021 justiti}?
3015 4953 3292 5023 ﬂagravit.

2116 5040 2223 5094 632
2241 5040 2362 5094 Pax
2384 5041 2652 5109 perpetua
2679 5039 2824 5097 inter
2851 5041 3166 5098 Heracliam
3200 5044 3590 5117 imperatorem
3647 5057 3706 5108 et

2046 5123 2430 5198 Dagobertum,
2467 5125 2663 5196 legatis
2691 5125 3077 5209 mediantibus,
3101 5134 3264 5202 pacta
3289 5141 3386 5190 est.

2117 5216 2222 5273 633
2250 5217 2314 5272 In
2341 5214 2639 5270 Britannia
2663 5212 2929 5284 Eduinus,
2959 5233 3060 5272 res:
3086 5218 3387 5291 Anglorum
3428 5225 3705 5298 paciﬁcus

2047 5311 2101 5363 et
2118 5307 2264 5379 pius,
2293 5321 2328 5360 a
2349 5304 2586 5376 paganis
2613 5302 2830 5374 regibus
2859 5305 3218 5364 interimitur.

1855 5403 2083 5462 NOTIE.

371 5498 516 5569 (202)
543 5497 602 5551 8.
633 5494 855 5572 Arnulfl
894 5496 1168 5572 Metensis
1223 5497 1479 5572 episcopi
1537 5497 1936 5572 genealogiam

301 5568 628 5650 Ile'rmanno
648 5569 774 5650 jam
834 5568 1244 5650 praemisimus.
1291 5568 1590 5650 _Pippin_us
1634 5568 1941 5650 vero'dux

301 5640 616 5724 Austrasiaa
645 5641 702 5693 et
730 5639 918 5711 major
945 5639 1156 5696 domus
1187 5643 1330 5706 erat,
1363 5639 1683 5696 Laudensis
1729 5657 1941 5714 cogno-

305 5715 934 5865 mtgggsli‘redegarius
963 5781 1024 5842 in
1064 5781 1346 5847 Chronico
1401 5799 1530 5863 cap.
1586 5784 1676 5858 58,
1732 5782 1942 5846 melius

2049 5498 2679 5580 habet_deministerio,
2711 5495 2858 5553 auls:
2881 5498 3128 5580 scilicet,
3159 5519 3264 5580 seu
3293 5506 3530 5580 regina.

2141 5572 2266 5646 204)
2298 5569 2714 5646 Bagintrudem
2734 5573 2900 5646 vocat
2928 5570 3330 5646 Fredegarius.

2141 5573 2244 5628 204
2298 5573 2714 5642 Ragintrudem
2734 5573 2900 5626 vocat
2928 5573 3330 5646 Fredegarius.
3357 5573 3390 5580 “

2120 5573 2266 5726 ξ205ζ
2300 5639 2722 5726 Ιάθιροζιιὰωοε
2750 5640 2822 5698 ad
2862 5641 3221 5716 baptismum
3276 5665 3311 5706 a
3365 5649 3700 5726 Dagoberto

2052 5711 2288 5774 adactos
2316 5711 2538 5772 scribit.

2250 5572 2266 5716 ἐ
