3940 6376
272 424 393 491 137

1491 426 1963 491 CHRONICON.
2000 461 2076 470 —
2107 424 2293 488 SEC.
2343 425 2473 488 VII.

3556 427 3676 493 138

1665 587 1897 644 CODEX
1934 587 2327 644 AUGIENSIS.

271 705 582 775 quandam
619 706 803 776 patris
835 706 925 759 sui
958 706 1286 775 arripiunt;
1320 721 1349 758 e
1375 705 1591 775 quibus
1618 706 1731 757 duo
1764 722 1797 758 a
1818 705 1931 759 ﬁde
1960 710 2005 773 Α
2043 704 2199 757 illius
2233 720 2299 757 ex
2328 704 2639 759 Nanthilde
2671 705 2875 775 regina
2901 705 3193 767 nascitur;
3228 692 3320 757 cui
3352 720 3469 758 non
3490 703 3674 761 multo

267 793 700 864 Christi,quam
734 795 888 865 apud
921 794 1122 849 Scotos
1155 794 1924 863 didicerant,apostalanles,

267 880 432 936 intra
464 898 650 936 unum
673 898 895 936 annum
927 888 1192 953 pereunt.
1227 881 1390 943 Beda,
1452 881 1579 934 hist.
1637 881 1795 949 Angl.
1856 911 1923 920 —

269 969 376 1026 οδ
406 970 577 1041 Apud
613 971 861 1025 Francos
892 970 1269 1025 Charibertus
1304 968 1563 1039 regulus,
1615 969 1790 1023 frater
1820 972 1926 1023 Da-

269 1058 523 1129 gaberti,
554 1058 822 1126 moritur,
858 1063 915 1113 et
945 1075 1188 1129 regnum
1222 1058 1348 1126 ejus
1379 1074 1445 1110 ac
1476 1056 1783 1111 thesauros
1815 1056 1924 1110 Da-

268 1146 557 1219 gabertus
590 1146 764 1202 frater
793 1147 1033 1217 accepit.
1070 1147 1295 1213 Frezleg.
1327 1148 1441 1199 chr.
1496 1162 1549 1199 a.
1599 1145 1723 1198 631.
1784 1145 1926 1199 Tres

268 1235 566 1290 exercitus
596 1251 630 1290 a
660 1235 983 1307 Dagaberto
1016 1241 1217 1290 contra
1264 1235 1576 1289 Samonem
1608 1239 1663 1287 et
1693 1233 1925 1288 Sclavos

268 1323 524 1378 diversis
554 1324 821 1394 partibus
864 1323 1052 1391 missi,
1106 1340 1260 1377 unus
1314 1323 1664 1377 Francorum
1714 1321 1923 1386 victus,

267 1410 393 1466 duo
422 1426 731 1467 saevorum
766 1415 822 1466 et
872 1412 1387 1482 Langobardorum
1437 1410 1682 1464 victores
1741 1410 1920 1464 redie-

265 1504 435 1555 runt.
466 1498 625 1554 Fred.
658 1499 773 1554 chr.
807 1516 860 1554 a.
896 1500 1021 1555 631.

342 1589 453 1643 634
484 1588 872 1644 Calamitosus
902 1588 1010 1643 iste
1043 1605 1232 1642 annus
1261 1589 1371 1642 fuit
1413 1587 1613 1672 Apglis
1662 1591 1778 1641 tam
1830 1604 1921 1640 re-

266 1693 417 1749 gum
474 1677 768 1747 apostasia
814 1682 870 1732 et
917 1678 1239 1747 perditione
1290 1694 1465 1747 quam
1519 1676 1819 1730 barbarica
1870 1684 1925 1729 et

266 1764 704 1837 crudeli,quam
740 1782 773 1819 a
793 1764 1143 1820 Ceadwalda
1164 1764 1546 1835 pertulerant,
1579 1764 1920 1818 vastatione.

266 1854 390 1909 Sed
423 1854 624 1908 statim
656 1852 893 1909 Oswald
925 1853 1131 1908 tertius
1161 1852 1317 1907 filius
1366 1853 1625 1906 Edilfridi
1656 1850 1921 1906 christia-

268 1941 584 2006 nissimus,
621 1942 821 2013 paucis
851 1941 1108 1997 collectis
1142 1943 1198 1995 in
1250 1942 1496 1996 Domino
1541 1943 1818 2009 conﬁsus,
1869 1944 1924 1994 et

264 2032 726 2101 adorata,quam
756 2036 1034 2095 erexerat,
1070 2031 1259 2100 lignea
1281 2048 1470 2097 cruce,
1495 2031 1770 2084 audacter
1789 2046 1920 2082 cum

264 2119 630 2183 Ceadwalda
662 2136 918 2190 pugnam
953 2119 1122 2184 iniit;
1156 2134 1337 2189 eoque
1369 2117 1842 2188 victa.pravincia
1867 2120 1923 2169 et

266 2209 560 2263 fratribus
591 2207 923 2271 vindicatis,
958 2212 1264 2278 paternum
1312 2223 1555 2277 regnum
1611 2224 1707 2260 VIII
1754 2206 1923 2259 annis

268 2296 489 2368 plenus
520 2296 733 2367 pietate
763 2296 1035 2350 nobiliter
1063 2297 1228 2349 rexit.
1264 2296 1428 2355 Beda.
1476 2297 1600 2349 hist.
1658 2295 1823 2362 Angl.
1854 2322 1922 2335 —-

265 2384 452 2439 Samo
495 2399 628 2438 cum
678 2382 899 2438 Sclavis
946 2383 1329 2453 Thuringiam
1389 2387 1597 2436 vastat.
1650 2386 1921 2448 Saxones,

267 2470 500 2527 Sclavis
529 2488 591 2526 se
623 2472 891 2525 resistere
922 2470 1507 2541 pollicentes,tributo
1539 2486 1574 2525 ο
1596 2487 1921 2533 vaccarum,

267 2577 431 2633 quas
460 2559 698 2616 Francis
748 2561 1054 2615 annuatim
1104 2560 1429 2625 solvebant,
1498 2576 1532 2613 a
1579 2559 1924 2629 Dagaberto.

265 2648 683 2704 absolvuntur.
719 2647 873 2702 Fred.
906 2648 1020 2702 chr.
1055 2666 1109 2702 a.
1141 2647 1269 2701 63L
1305 2678 1370 2687 ——
1406 2649 1464 2701 In
1500 2648 1665 2702 Italia
1694 2652 1924 2700 mortua

268 2735 577 2805 Harialda,
602 2752 736 2807 rege
768 2736 1308 2807 Langobardorum,
1344 2735 1651 2790 Itatharius
1688 2736 1923 2805 [al.,Ro-

266 2825 512 2898 tharis),
540 2842 576 2881 a
604 2824 993 2896 Gundeberga
1026 2824 1274 2878 maritus
1333 2829 1674 2895 assumptus
1719 2829 1778 2877 et
1826 2839 1923 2877 rex

268 2915 524 2973 electus.
554 2913 817 2985 regnavit
846 2914 1017 2967 annis
1046 2930 1169 2965 xm.
1205 2914 1367 2965 Paul.
1402 2913 1549 2966 Diae.
1584 2929 1636 2965 a.
1669 2912 1793 2965 636.

347 3004 458 3058 635
487 3002 594 3058 Per
630 3002 751 3057 haec
788 3006 1071 3073 tempora,
1120 3017 1253 3054 cum
1306 3001 1543 3070 Sergius
1598 2999 1925 3054 Constanti-

269 3090 679 3165 nopolitanus,
714 3090 1033 3145 adnittente
1062 3094 1204 3160 Cyro
1236 3088 1624 3143 Alexandrino
1656 3088 1919 3143 haeresim

265 3179 707 3253 Acephalorum
738 3179 1096 3241 instaurans,
1130 3194 1307 3231 unam
1338 3177 1393 3230 in
1437 3177 1665 3231 Christo
1713 3177 1921 3230 divini-

272 3270 419 3327 tatis
434 3268 890 3325 ethumanitatis
909 3266 1263 3321 voluntatem
1287 3271 1343 3319 et
1364 3266 1756 3337 operationem
1780 3266 1920 3335 dag-

271 3358 636 3423 matirasset,
669 3356 980 3427 ipsumque
1014 3356 1421 3424 imperatorem
1463 3355 1811 3418 seduxisset,
1847 3355 1916 3408 ab

2040 797 2167 861 post
2198 810 2440 863 regnum
2478 809 2653 848 suum
2686 791 3043 846 occidentale
3061 790 3372 846 destinavit
3391 796 3447 846 et
3468 792 3675 848 conﬁr-

2038 881 2233 934 mavit.
2295 882 2453 936 Fred.
2510 882 2627 937 chr.
2693 898 2745 934 a.
2804 881 2929 935 633.
2985 910 3054 919 —
3113 879 3376 935 Ratolfus
3425 881 3677 951 [al.,Ra-

2035 968 2253 1040 dull‘us]
2281 970 2397 1023 dux
2428 969 2761 1041 Thuringiae
2793 969 2916 1033 96,
2966 968 3188 1023 Sclavis
3244 985 3397 1039 saepe
3438 984 3677 1042 congre-

2036 1058 2220 1120 diens,
2255 1058 2435 1113 victor
2464 1074 2563 1112 eos
2596 1059 2851 1126 lugebat.
2888 1057 3049 1112 Unde
3080 1056 3290 1122 elatus,
3324 1062 3389 1112 ut
3418 1058 3536 1129 regi
3566 1074 3673 1115 suo

2036 1146 2313 1200 rebellare
2343 1150 2612 1209 tentaret,
2646 1147 2863 1200 sensim
2896 1145 3125 1201 animos
3157 1146 3474 1202 attollebat.
3510 1147 3672 1204 Fred.

2035 1234 2151 1287 chr.
2180 1252 2231 1288 a.
2265 1236 2388 1289 633.

2106 1326 2207 1376 637
2241 1323 2739 1392 Constantinopoli
2773 1324 3068 1379 Heraclius
3098 1323 3432 1395 imperator,
3466 1342 3501 1381 a
3533 1325 3669 1382 Ser-

2035 1410 2128 1479 gio
2160 1408 2796 1477 ConstantinOpolitano
2840 1410 3109 1481 episcopo
3158 1411 3217 1464 in
3264 1411 3553 1475 haeresim.
3602 1416 3673 1470 ut

2035 1498 2218 1560 aiunt,
2251 1497 2411 1567 prius
2445 1498 2740 1565 inductus,
2777 1498 3041 1552 moritur.
3076 1498 3183 1554 Pro
3218 1515 3333 1569 quo
3367 1500 3521 1556 filius
3541 1503 3673 1573 ejus

2040 1585 2383 1639 Ileraclonas
2415 1586 2537 1655 (aL,
2572 1585 2982 1656 Heraclconas)
3015 1603 3149 1640 cum
3201 1590 3385 1642 matre
3424 1588 3676 1647 Martina

2034 1674 2203 1728 annis
2230 1691 2271 1728 II
2313 1674 2581 1745 imperat.
2642 1675 2903 1746 TheOph.;
2937 1675 3012 1729 at.
3045 1691 3098 1730 a.
3131 1676 3265 1742 61H;
3305 1676 3415 1732 vid.
3448 1694 3499 1732 α·
3547 1678 3677 1735 639.

2033 1794 2099 1801 —
2130 1768 2237 1817 Per
2267 1762 2385 1816 haec
2407 1769 2668 1832 tempora
2692 1763 3007 1819 Ratharius
3028 1781 3125 1819 rex
3160 1765 3677 1835 Langobardorum

2033 1852 2299 1921 quamvis
2355 1850 2626 1915 Arianus,
2669 1852 2915 1920 justitiaa
2976 1856 3170 1907 tamen
3228 1858 3457 1909 amator
3520 1855 3676 1929 leges

2034 1939 2547 2009 Langobardorum
2576 1940 2828 2009 scripsit.
2867 1942 2993 2011 Ipse
3023 1941 3195 1995 etiam
3230 1942 3543 1999 nonnullas
3565 1944 3676 2001 Ro-

2034 2045 2336 2082 manorum
2376 2029 2547 2082 urbes
2579 2030 2809 2098 cepit,et
2839 2028 3273 2084 Ravennatibus
3305 2047 3502 2102 pugna
3530 2048 3667 2089 con-

2034 2117 2257 2183 ﬂigens,
2292 2133 2390 2168 VIII
2423 2133 2488 2169 ex
2512 2117 2594 2169 eis
2626 2116 2807 2169 millia
2837 2116 3066 2181 occidit,
3100 2116 3467 2189 reliquosque
3500 2122 3665 2193 fuga-

2032 2204 2127 2257 vit.
2166 2205 2324 2258 Paul.
2358 2205 2508 2258 Diac.
2537 2206 2711 2257 (1643.

2102 2295 2205 2346 6H
2235 2293 2423 2346 llomte
2454 2294 2724 2347 defuncto
2759 2311 2907 2364 papa
2937 2294 3204 2359 llonorio,
3230 2297 3478 2352 cessavit
3499 2299 3671 2355 sedes

2034 2381 2349 2451 apostolica
2379 2397 2597 2434 annum
2630 2397 2669 2441 I,
2703 2397 2931 2435 menses
2961 2400 3061 2448 vn,
3095 2383 3219 2439 dies
3248 2385 3510 2456 x1v,quia
3533 2387 3673 2443 Con-

2035 2469 2413 2540 stantinopoli
2446 2469 2761 2523 auctoritas
2790 2468 3110 2539 imperialis
3142 2476 3325 2526 marte
3344 2474 3673 2547 principum

2036 2558 2279 2611 nutabat
2308 2558 2473 2627 (206).
2508 2559 2690 2611 Anast.
2725 2589 2793 2597 —
2822 2559 2943 2620 Quo
2970 2562 3232 2629 tempore
3263 2561 3670 2621 Lateranensis

2034 2646 2343 2700 thesaurus
2373 2663 2405 2699 a
2438 2646 2712 2701 Mauricio
2744 2647 3119 2715 chartulario,
3168 2653 3225 2703 et
3272 2650 3503 2706 Hisacia
3552 2652 3677 2723 [al.,

2036 2734 2271 2801 Isaaeia]
2306 2734 2543 2805 patricio
2570 2734 2818 2789 exarcho
2852 2735 3026 2789 Italiae
3057 2737 3323 2807 direptus
3354 2744 3414 2793 et
3438 2740 3681 2798 distrac-

2034 2828 2127 2877 tus
2159 2827 2263 2877 est.
2294 2854 2362 2861 —
2390 2823 2709 2877 Wascanes
2751 2823 3026 2878 rebellare
3074 2829 3384 2892 tentantes,
3426 2828 3608 2885 misso
3635 2846 3671 2887 a

2032 2911 2354 2981 Dagaberta
2385 2910 2634 2965 exercitu
2670 2911 2975 2981 perdomiti
3009 2918 3165 2967 sunt.
3209 2914 3539 2972 Brittonum
3566 2934 3667 2974 rex

2032 3001 2101 3053 ad
2134 2999 2522 3069 Dagabertum
2556 2998 2790 3053 veniens
2820 2999 3123 3055 humiliter
3168 3002 3220 3056 ei
3270 3004 3569 3073 satisfecit,
3618 3012 3676 3063 et

2034 3104 2173 3158 pace
2206 3088 2517 3157 impetrata
2546 3088 2736 3141 rediit.
2773 3087 2923 3142 Frerl.
2947 3088 3063 3142 chr.
3100 3107 3151 3143 a.
3184 3092 3309 3145 635.

2098 3177 2204 3231 639
2223 3175 2719 3247 Constantinopoli
2742 3180 2969 3231 mortuo
2988 3176 3299 3235 heraclona
3318 3180 3667 3249 imperatore

2031 3268 2206 3319 frater
2233 3266 2361 3333 ejus
2393 3265 2809 3319 Constantinus
2840 3266 3100 3337 regnavit
3130 3258 3362 3323 menses
3411 3287 3467 3325 v1
3517 3271 3667 3345 (207)

2029 3354 2189 3409 Paul.
2222 3352 2442 3406 Diac.ln
2474 3352 2775 3406 Britannia
2803 3352 3056 3407 Eadbald
3084 3354 3187 3408 rex
3217 3355 3665 3415 Cantuariorum

268 3445 599 3519 apostolica
629 3446 765 3500 sede
794 3444 1108 3498 damnatus
1140 3449 1247 3496 est.
1284 3442 1407 3496 Bt’d.
1441 3443 1578 3504 chr.,
1610 3444 1684 3497 al.
1713 3460 1764 3496 a.
1789 3443 1911 3495 634.
1948 3439 1989 3503 C
2029 3441 2346 3511 Anglorum
2377 3440 2645 3501 decessit,
2680 3440 2847 3510 eique
2878 3441 3033 3496 filius
3066 3442 3516 3502 Erchambertus
3538 3463 3669 3504 suc-

266 3566 343 3578 —-
374 3534 595 3590 Sclavis
636 3548 770 3587 cum
819 3534 1070 3587 Samone
1121 3530 1504 3601 Thuringiam
1550 3535 1607 3585 et
1655 3531 1914 3586 conﬁnes

267 3640 460 3698 pagos
491 3620 954 3684 incursantibus,
988 3620 1350 3691 Dagabertus
1380 3618 1563 3673 lilium
1597 3636 1770 3673 suum
1795 3635 1918 3690 par-

267 3714 483 3768 vulum
515 3710 908 3782 Sigebertum,
940 3708 1180 3779 Pippino
1211 3713 1268 3762 et
1294 3707 1568 3778 Adalgisa
1594 3707 1926 3774 ducibus,et

266 3802 632 3859 Chuniberto
656 3798 1090 3869 archiepiscopo
1112 3797 1433 3850 Coloniensi
1454 3797 1923 3850 commendatum

267 3886 719 3946 Austrifrancia
760 3901 957 3957 regem
972 3885 1123 3948 fecit,
1142 3884 1309 3955 eique
1334 3886 1531 3938 sedem
1556 3884 1721 3938 Motis
1746 3884 1923 3945 dedit,

272 3975 770 4052 principibusque
800 3978 864 4028 ut
894 3973 1178 4029 terminos
1213 3972 1373 4043 regni
1423 3972 1733 4026 Orientalis
1763 3972 1926 4026 dein-

276 4084 423 4139 ceps
481 4068 786 4119 tuerentur
816 4062 1123 4134 persuasit.
1158 4061 1317 4115 Fred.
1350 4062 1465 4113 chr.
1500 4078 1552 4113 a.
1580 4060 1704 4114 633.

350 4153 462 4208 636
512 4152 838 4224 Dagaberto
880 4151 999 4221 regi
1059 4150 1397 4213 Clodoveus,
1450 4165 1552 4203 seu
1607 4148 1931 4202 Ludovicus

2025 3529 2201 3585 cessit
2229 3528 2397 3583 annis
2428 3526 2857 3596 xxv.Beda,hist.
2893 3530 3135 3601 Angl.-—-
3163 3530 3484 3589 Wascanes
3506 3552 3539 3590 a
3559 3537 3672 3593 Da-

2027 3619 2263 3688 gaberto
2298 3633 2397 3687 pro
2430 3616 2743 3669 rebellione
2772 3633 2880 3671 sua
2904 3618 3135 3673 veniam
3162 3627 3474 3690 precantur
3494 3627 3553 3680 et
3568 3624 3675 3680 im-

2034 3711 2279 3777 petranl.
2317 3704 2473 3758 Fred.
2506 3722 2557 3758 a.
2590 3706 2715 3759 636.

2104 3795 2197 3848 91
2234 3794 2339 3846 640
2360 3793 2859 3865 Constantinopoli
2884 3799 3017 3867 post
3039 3801 3290 3854 mortem
3305 3797 3678 3858 Constantini

2036 3882 2408 3953 imperatoris
2440 3880 2596 3936 ﬁlius
2628 3882 2816 3953 ipsius
2846 3885 3280 3954 Constantinus,
3315 3889 3414 3958 qui
3445 3892 3503 3943 et
3529 3888 3680 3945 Con-

2037 3976 2221 4035 stans,
2258 3971 2519 4041 regnavit
2548 3987 2641 4024 an.
2676 3987 2852 4026 XXVIII
2884 3988 2938 4027 a.
2970 3988 3078 4043 seq.
3112 4004 3181 4015 -—
3233 3974 3425 4030 Romae
3452 3976 3683 4033 Severi-

2040 4076 2151 4113 nus
2184 4076 2333 4129 papa
2359 4058 2571 4113 LXXIII
2609 4059 2758 4113 sedit
2790 4061 3091 4115 mensibus
3122 4079 3181 4131 II,
3215 4062 3420 4119 diebus
3470 4081 3548 4134 Iv,
3594 4065 3684 4121 vir

2040 4152 2299 4213 sanctus,
2336 4146 2495 4201 mitis
2528 4151 2584 4201 et
2614 4146 2745 4218 pius
2776 4164 2788 4201 :
2822 4152 2952 4219 post
2984 4164 3160 4219 quem
3192 4152 3439 4208 cessavit
3458 4152 3682 4224 episco-

1324 4263 1798 4318 COMPENDIUM
1837 4262 1927 4317 EX
1965 4262 2213 4316 CODICE
2254 4261 2627 4316 BERNOLDI.

355 4366 468 4421 634
526 4364 806 4420 Oswaldus
878 4366 1028 4434 filius
1085 4361 1348 4431 Edilfridi
1407 4360 1928 4426 Christianissimus,

279 4456 480 4528 paucis
509 4455 767 4517 collectis,
800 4462 851 4508 et
879 4453 1104 4507 adorata
1135 4466 1290 4505 cruce
1317 4467 1481 4521 quam
1525 4453 1793 4515 erexerat,
1846 4450 1933 4503 in-

280 4548 606 4617 terfectores
636 4543 841 4599 Eduini
869 4544 1011 4611 regis
1042 4542 1320 4611 superavit
1349 4541 1566 4609 ipseque
1605 4542 1717 4593 octo
1765 4552 1939 4592 annos

284 4634 571 4705 regnavit.

360 4723 477 4778 635
525 4723 628 4777 His
684 4721 1016 4791 temporibus
1077 4734 1199 4773 cum
1257 4716 1593 4786 Sergius...

290 4819 393 4867 est.

366 4901 477 4954 637
514 4898 987 4969 Constantinopoli
1016 4896 1360 4951 Heraclius...
1394 4896 1638 4966 episcopo
1686 4894 1747 4947 in
1784 4892 1949 4946 haere-

291 4992 410 5046 sim
438 4987 835 5061 Acephalorum
863 4984 1119 5041 inductus
1150 4984 1303 5049 obiit,
1335 4999 1434 5055 pro
1473 4998 1577 5054 quo
1625 4982 1952 5037 Heraclonas

1653 4714 1943 4770 damnatus
1975 4695 2020 4757 D
2122 4715 2228 4769 640
2259 4715 2745 4784 Constantinopoli.
2792 4759 2803 4770 .

2040 4376 2162 4414 cum
2189 4367 2365 4412 matre
2393 4360 2632 4415 Martina
2666 4361 2827 4414 annis
2860 4365 3107 4430 regnavit
3148 4363 3375 4420 duobus.

2114 4450 2218 4502 648
2278 4449 2453 4501 Romae
2512 4446 2764 4517 defuncto
2823 4453 3083 4505 Honorio.
3132 4495 3144 4507 .
3192 4496 3204 4507 .
3246 4454 3511 4510 mutabat.
3568 4456 3687 4525 Quo

2046 4541 2279 4607 tempore
2312 4537 2692 4590 Lateranensis
2718 4536 3003 4593 thesaurus
3032 4542 3325 4598 distractus
3355 4552 3452 4597 est.

2121 4626 2225 4679 639
2256 4624 2741 4695 Constantinopoli.
2789 4667 2801 4680 .
2849 4669 2860 4682 .
2896 4643 3104 4683 menses
3132 4646 3247 4685 sex.

2850 4758 2861 4769 .
2894 4718 3058 4772 annis
3090 4735 3285 4773 xxvm.
3322 4721 3505 4779 Romae
3533 4722 3694 4779 Seve-

2057 4804 2212 4857 rinus
2239 4820 2401 4874 papa.
2449 4845 2461 4857 .
2508 4844 2519 4856 .
2562 4802 2749 4857 diebus
2796 4807 3048 4873 quatuor,
3094 4813 3215 4879 post
3261 4825 3421 4879 quem
3466 4812 3697 4867 cessavit

2059 4893 2393 4963 episcopatus
2422 4893 2698 4948 mensibus
2722 4894 2979 4964 quinque.

1887 5094 2117 5152 ΝΟΤΕ.

374 5203 530 5273 (206)
562 5204 706 5257 Cum
741 5198 1028 5273 Honorius
1053 5195 1301 5273 triennio
1328 5196 1442 5250 fere
1464 5198 1595 5273 ante
1620 5192 1952 5273 Heracliam

298 5265 538 5341 abierit,
573 5288 751 5329 causa
781 5270 972 5326 dilata
1005 5269 1205 5324 tandiu
1241 5265 1697 5341 consecrationis
1746 5265 1949 5341 nonin

301 5351 500 5405 morte
526 5336 933 5417 lprincipum,
962 5342 1062 5397 sed
1086 5340 1169 5417 ⁵ξιι
1229 5336 1676 5417 eanre‘ponenda
1726 5336 1958 5417 videtur

299 5418 465 5492 quod
499 5406 1054 5492 electusSeverinus
1086 5410 1329 5492 Heraclii
1389 5406 1668 5492 Ecth‘esin'
1710 5408 1957 5492 probare

300 5478 510 5554 nollet,
545 5492 610 5543 ut
639 5486 818 5542 habet
844 5484 1189 5540 Anastasius
1236 5483 1292 5535 in
1338 5478 1705 5536 collectancis
1755 5495 1788 5532 a
1832 5478 1955 5532 Sir-

303 5560 532 5619 monda
558 5556 753 5614 editis.
819 5627 868 5630 __
995 5624 1040 5630 __
1479 5620 1546 5630 M
1614 5619 1652 5630 ﬁ
1735 5616 1860 5630 nm

380 5616 536 5703 (207)
566 5627 970 5703 Haecquidem
995 5624 1368 5703 Hermannus
1386 5638 1453 5677 ex
1476 5620 1585 5703 ﬁde
1613 5616 1772 5703 Pauli
1797 5618 1955 5674 Diac.

305 5705 459 5762 Hist.
494 5705 761 5774 Longob.
797 5705 838 5753 l.
872 5714 948 5753 Iv.
980 5712 1031 5751 c.
1065 5705 1154 5763 41,
1187 5705 1284 5750 sed
1320 5705 1391 5750 an
1423 5709 1487 5748 eo
1534 5705 1837 5763 acceptus;
1891 5705 1956 5747 ex

304 5773 642 5854 Nicephoro
673 5768 831 5830 enim
860 5768 1168 5834 habemus,
1201 5769 1428 5822 mortuo
1462 5763 1518 5820 11
1556 5762 1719 5822 Febr.
1768 5778 1818 5821 a.
1850 5760 1956 5824 641

644 5898 911 5968 Panos.
954 5892 1216 5982 CXLIII.

2065 5191 2800 5270 li_araclio,CiiIistantinum
2828 5196 3154 5270 ﬁliumcjus
3178 5202 3464 5258 seniorem
3488 5217 3713 5259 succes-

2070 5268 2238 5340 sisse,
2272 5266 2369 5338 qui
2404 5271 2595 5321 tamen
2635 5276 2761 5340 post
2793 5274 3027 5325 centum
3053 5266 3125 5327 ac
3156 5278 3273 5327 tres
3321 5275 3466 5337 dies,
3516 5288 3617 5329 seu
3641 5274 3715 5328 25

2067 5337 2498 5399 Maii,m0rluus
2531 5337 2719 5393 locum
2756 5341 2888 5396 l‘ecit
2920 5342 3080 5396 fratri
3115 5360 3221 5399 suo
3257 5344 3614 5400 lIeracleana
3642 5358 3714 5399 ex

2066 5410 2319 5483 Martio}
2344 5410 2582 5465 Heraclii
2606 5412 2855 5467 filio.Hic
2878 5418 3009 5482 post
3032 5431 3132 5468 sex
3152 5414 3455 5483 regiminis
3476 5427 3712 5483 menses

2066 5479 2125 5561 ihn
2159 5480 2430 5561 ex‘silium
2462 5498 2594 5536 cum
2630 5487 2813 5537 matre
2843 5479 3009 5561 actus
3040 5479 3445 5561 successorem
3482 5481 3709 5561 accepit

2066 5552 2464 5625 Constantem,
2502 5570 2674 5607 suum
2708 5569 2773 5608 ex
2819 5554 3088 5625 praedicto
3121 5556 3295 5610 fratre
3324 5552 3703 5625 Constantina

2070 5622 2504 5695 nepotem,Hinc
2534 5625 2709 5680 etiam
2743 5620 3083 5695 corrigenda
3112 5629 3249 5679 sunt
3277 5642 3408 5695 quas
3438 5635 3612 5694 supra
3630 5620 3709 5679 ad

581 5692 766 5774 ngob;
797 5697 838 5753 l.
860 5714 954 5774 _Iv._
980 5712 1031 5751 c.
1065 5696 1154 5763 41,
1187 5695 1284 5750 sed
1320 5694 1391 5774 ab
1423 5709 1512 5774 eo.
1534 5692 1961 5774 deceptum};
2069 5692 2165 5752 an}
2199 5694 2301 5750 637
2333 5693 2641 5764 habentur,
2676 5700 2731 5753 et
2761 5692 3049 5768 quae—mox
3078 5692 3432 5768 sequuntur.
