3940 6372
417 469 534 534 H3

1192 468 1606 530 HRBMANNI
1651 463 2087 530 CONTRACTI
2130 461 2550 528 AUUIENSIS
2597 463 2974 530 MONACHI.

3694 463 3796 528 ιιι

1791 625 2020 684 CODEX
2056 621 2452 682 AUGIENSIS.

423 728 538 796 sui,
562 725 1050 798 Grimoaldusque
1079 731 1305 798 arrepto
1337 727 1848 799 Langobardorum
1882 740 2056 795 regno
2087 724 2138 789 Α
2168 725 2428 780 tanniam
2460 729 2517 780 et
2567 725 2906 782 Hiberniam
2949 725 3201 781 nimium
3253 727 3466 781 vastat.
3500 725 3797 782 Deusdedit

425 815 596 874 annis
625 832 684 871 Ix
713 818 950 871 strenue
977 815 1254 886 regnavit.
1303 816 1464 870 Paul.
1519 818 1672 870 Diae.
1705 831 1759 868 a.
1789 815 1913 868 661.
1944 829 2055 884 seq.

493 906 620 962 661.
652 904 769 960 Hoc
799 907 1058 976 tempore
1089 902 1450 971 Pertharich,
1472 904 1692 959 dudum
1719 911 1817 958 rex
1835 903 2059 973 Longo-

427 995 902 1057 bardorum,cum
933 992 1004 1047 de
1035 991 1235 1048 exsilio
1267 1009 1538 1048 reversus
1557 990 1875 1047 Grimoaldi
1909 989 2060 1061 regis

427 1083 672 1157 gratiam
702 1081 982 1153 petiisset,
1016 1081 1382 1153 benigneque
1427 1086 1738 1152 susceptus
1779 1084 1957 1148 esset,
1985 1079 2063 1134 fa-

427 1173 614 1230 ctione
634 1185 942 1242 pravorum
973 1169 1237 1242 proxima
1277 1173 1444 1224 nocte
1464 1169 1535 1224 ab
1556 1169 1682 1240 ipso
1707 1184 1838 1240 rege
1863 1168 2060 1222 obser-

424 1261 545 1319 vari
596 1260 805 1331 jussus
851 1263 960 1326 est,
991 1258 1257 1330 sequenti
1317 1259 1469 1314 102
1519 1257 1612 1312 die
1666 1256 2059 1330 perimendus.

427 1351 540 1408 Sed
570 1351 723 1412 astu,
760 1347 880 1403 imo
905 1346 1018 1402 fide
1065 1346 1318 1402 Hunoldi
1353 1345 1526 1401 amici
1552 1347 1640 1400 sui
1672 1349 1728 1400 et
1755 1344 2063 1413 cujusdam

429 1437 618 1494 fidelis
663 1434 920 1492 vestiarii
963 1433 1053 1490 sui
1085 1435 1334 1490 eductus
1361 1450 1429 1489 ex
1477 1434 1618 1488 urbe
1646 1432 1959 1498 Ticinensi,
1991 1433 2061 1486 ad

427 1531 678 1581 Francos
707 1523 970 1594 confugit
995 1522 1191 1594 ibique
1222 1523 1409 1578 latuit.
1441 1524 1600 1577 Paul.
1656 1523 1802 1577 Diae.
1849 1539 1902 1575 (ι.
1937 1522 2062 1574 664.

428 1645 497 1655 --
528 1614 643 1669 Hac
673 1613 848 1668 etiam
887 1615 1232 1684 tempestate
1263 1615 1611 1666 Francorum
1645 1610 1931 1665 exercitus
1965 1609 2068 1663 lta-

430 1703 567 1759 liam
595 1701 920 1774 ingressus,
951 1717 1083 1756 cum
1115 1700 1175 1755 in
1207 1701 1412 1756 castris
1445 1698 1766 1755 Grimoaldi
1796 1697 2066 1769 regis,si-

433 1791 653 1849 mulata
685 1791 756 1846 ab
789 1789 917 1861 ipso
965 1789 1102 1860 fuga
1153 1787 1390 1856 relictis,
1441 1787 1797 1862 epularetur,
1831 1787 1958 1859 ipso
1988 1786 2066 1840 ir-

430 1883 634 1938 ruente
663 1879 734 1935 ad
785 1878 1242 1935 internecionem
1285 1877 1510 1934 deletus
1566 1879 1674 1932 est.
1707 1875 1868 1932 Idem.
1901 1876 1978 1930 al.
2009 1892 2064 1952 a.

427 1971 534 2026 665

2167 812 2642 886 archiepiscopus
2674 813 2998 886 Anglorum
3029 813 3194 870 obiit.
3211 812 3410 869 Ceidla
3441 815 3566 885 [al.,
3590 813 3798 884 CealdI]

2166 907 2223 958 et
2251 901 2564 956 Wilfridus
2609 903 3192 958 Nordanumbrorum
3243 900 3508 974 episcopi
3553 900 3799 958 ordinan-

2166 995 2280 1046 tur.
2316 991 2446 1047 Bed.
2482 991 2610 1046 hist.
2645 992 2804 1060 Angl.

2237 1081 2344 1134 663
2375 1081 2436 1134 ln
2460 1079 3182 1146 Britannia,Erchanberto
3209 1096 3344 1153 rege
3364 1079 3801 1136 Cantuariorum

2169 1169 2710 1240 mortuo.Egbertus
2731 1168 2888 1224 filius
2909 1169 3038 1240 ejus
3060 1168 3325 1242 regnavit
3354 1169 3531 1224 annis
3551 1185 3626 1224 1x.
3650 1166 3804 1240 Angli

2170 1258 2239 1312 ad
2254 1255 2610 1312 Vitalianum
2627 1273 2836 1328 papam
2861 1273 2964 1330 pro
2985 1257 3257 1330 episcopo
3277 1261 3336 1313 et
3354 1257 3595 1313 doctore
3615 1259 3800 1328 postu-

2169 1345 2350 1400 latum
2378 1345 2620 1400 Romam
2653 1345 3084 1412 mittunt.Beda,
3109 1346 3468 1415 Hist.Ang.—
3490 1344 3594 1400 His
3607 1345 3732 1400 dieb
3744 1361 3806 1400 ua

2171 1435 2322 1506 apud
2362 1434 2609 1488 Francos
2640 1433 2978 1501 Clodoveus,
3011 1451 3114 1490 seu
3150 1434 3482 1490 Ludovicus
3505 1449 3624 1499 rex,
3658 1434 3805 1490 iners

2172 1530 2227 1577 et
2259 1523 2490 1576 infamis
2543 1521 2695 1576 filius
2748 1523 3078 1592 llagoberti,
3115 1524 3294 1580 frater
3339 1523 3655 1595 Sigeberti,
3686 1538 3805 1577 cum

2173 1611 2428 1666 Parisius
2460 1627 2702 1666 manens
2733 1610 3036 1666 brachium
3066 1613 3254 1667 sancti
3300 1611 3570 1684 Dionysii
3601 1613 3806 1666 auferre

2173 1716 2356 1754 ausus
2386 1702 2557 1766 esset,
2579 1698 2638 1752 in
2673 1698 2993 1754 amentiam
3025 1715 3232 1755 versus
3279 1703 3390 1756 est.
3421 1699 3584 1756 Fred.
3615 1699 3726 1754 chr.
3757 1715 3802 1752 a.

2171 1787 2296 1842 654.

2243 1877 2350 1930 666
2381 1876 2496 1931 Hoc
2529 1882 2786 1948 tempore
2817 1891 2948 1932 cum
2983 1875 3204 1948 Lupus,
3238 1877 3358 1932 dux
3384 1877 3802 1948 Forojuliauus,

2175 1965 2292 2036 regi
2327 1963 2658 2020 Grimoaldo
2708 1963 3033 2029 rebellaret,
3076 1964 3297 2032 Hunni,
3329 1965 3432 2038 qui
3486 1971 3546 2022 et
3589 1967 3806 2033 Avares,

496 2013 602 2114 g2
647 2056 1092 2122 Constantinus,
1125 2055 1228 2126 qui
1277 2060 1336 2110 et
1391 2056 1678 2112 Constans
1728 2055 2065 2126 imperator,
2098 2088 2146 2153 Β
2175 2013 2396 2125 εὒοὶρεο
2428 2068 2559 2124 rege
2589 2052 2816 2107 invitati
2850 2013 3152 2108 Veneiiam
3184 2013 3480 2125 petiidtmt
3508 2058 3600 2110 ter
3627 2013 3807 2126 pugni;

428 2145 655 2204 Italiam
687 2149 890 2200 contra
925 2143 1331 2214 Longohardos
1364 2143 1632 2216 petiit,et,
1667 2142 1890 2214 aliquot
1909 2142 2044 2214 oppi

429 2235 522 2292 dis
551 2250 752 2291 eorum
783 2232 990 2304 captis,
1023 2231 1418 2287 Rumoaldum
1469 2233 1675 2287 ducem
1721 2232 1908 2286 filium
1942 2231 2069 2286 Gri-

431 2321 650 2378 moaldi
671 2321 824 2393 regis
845 2319 1000 2391 apud
1024 2319 1414 2374 Beneventum
1437 2319 1822 2386 obsedit.Sed,
1857 2321 2070 2375 adven-

430 2414 592 2468 tante
619 2425 754 2466 cum
784 2407 1037 2465 exercitu
1091 2407 1446 2473 Grimoaldo,
1494 2408 1734 2465 territus
1771 2409 2068 2480 Neapolim

433 2499 1000 2572 repetit,magnaque
1011 2497 1300 2552 exercitus
1321 2497 1410 2552 sui
1435 2499 1770 2568 parte,duce
1793 2498 2068 2564 Saburro,

435 2603 570 2645 cum
601 2584 922 2643 Rumoaldo
955 2601 1152 2656 pugna
1179 2585 1526 2657 confligente
1555 2591 1611 2640 et
1641 2586 1793 2640 victa
1823 2587 2072 2640 trucida-

433 2680 626 2749 taque,
677 2674 823 2731 nihil
865 2677 1068 2730 contra
1122 2673 1532 2746 Longohardos
1593 2675 1851 2742 profecit.
1903 2676 2064 2730 Paul.

434 2765 588 2821 Diae.
617 2781 670 2820 a.
701 2764 828 2819 663.

500 2853 608 2910 663
635 2851 1056 2910 Constantinus
1086 2851 1403 2923 imperator
1440 2851 1684 2906 Romam
1716 2853 1894 2920 venit;
1927 2857 2004 2921 et,
2037 2871 2072 2909 a

430 2941 722 2998 Vitaliano
752 2956 904 3013 papa
949 2939 1266 2998 honorifice
1302 2943 1632 3012 susceptus,
1663 2945 1786 2996 toto
1815 2943 2068 2997 exercitu

433 3045 565 3086 cum
597 3029 780 3084 cereis
807 3027 1110 3083 ecclesiam
1133 3028 1409 3096 intrante,
1441 3028 1608 3083 beato
1630 3032 1798 3084 Petro
1830 3029 2070 3102 pallium

435 3115 789 3176 aurotextile
809 3115 1052 3182 obtulit;
1090 3121 1167 3180 et,
1200 3117 1346 3170 actis
1377 3116 1457 3170 ibi
1489 3133 1570 3171 x11
1603 3117 1828 3184 diebus,
1863 3123 2074 3176 cuncta

436 3222 584 3280 pene
632 3205 802 3262 Urbis
849 3207 1192 3261 ornamenta
1251 3203 1509 3260 abstulit.
1543 3209 1697 3260 Inter
1737 3223 1865 3278 qua:
1895 3209 2070 3265 etiam

433 3295 666 3370 tegulas
711 3311 888 3350 aereas
941 3293 1156 3366 quibus
1213 3291 1448 3348 basilica
1507 3299 1716 3349 sancta:
1777 3295 1966 3350 Maria:
1999 3298 2072 3353 ad

438 3385 741 3458 Martyres,
767 3399 894 3455 quae
916 3382 1211 3436 Pantheon
1229 3381 1552 3454 antiquitus
1563 3383 1897 3446 vocabatur.
1923 3391 2074 3442 tecta

434 3450 1006 3544 fuera't,diripiensin
1030 3469 1286 3526 Siciliam
1311 3450 1869 3544 preamisitﬂpseque
1893 3473 2066 3546 qum]
2099 3450 2144 3518 (ἶ

437 3561 562 3618 suis
594 3561 654 3616 in
687 3557 854 3616 Italia
890 3559 1236 3630 depraedatis
1279 3559 1466 3630 ipsam
1527 3559 1780 3614 insulam
1813 3578 1888 3615 vn
1922 3561 2070 3616 indi-

435 3649 624 3704 ctione
645 3647 791 3717 (219)
823 3647 1077 3712 intravit,
1107 3646 1307 3717 ibique
1335 3647 1736 3720 quinquennio
1767 3649 1952 3705 multa
1981 3651 2070 3706 in-

432 3737 607 3793 famis
632 3735 875 3791 avaritia
907 3738 964 3788 et
995 3734 1255 3806 nequitia
1281 3735 1516 3789 mansit.
1551 3735 1676 3790 Bed.
1707 3737 1818 3791 chr.
1873 3740 2030 3808 Angl.

498 3827 605 3880 664
627 3823 870 3895 Eclipsis
895 3822 1032 3877 solis
1064 3839 1099 3877 v
1118 3822 1264 3878 Non.
1288 3822 1421 3877 Maii
1445 3823 1592 3878 facta
1622 3830 1712 3880 est
1733 3825 1875 3880 hora
1901 3827 2068 3898 quasi

427 3914 779 3979 decima,vn
803 3910 1120 3967 indictione
1151 3911 1318 3981 (220).
1343 3910 1469 3966 Bed.
1528 3913 1641 3966 chr.
1680 3914 1738 3968 ln
1772 3913 2070 3970 Britannia

425 4007 711 4060 conventu
735 4001 807 4057 ab
829 3998 1032 4071 Anglis
1047 4005 1103 4054 et
1124 3999 1310 4055 Scotis
1335 4005 1458 4054 acto
1475 4001 1715 4072 quaestio
1747 4003 1816 4057 de
1849 4003 2069 4061 Pascha

423 4090 723 4158 ventilata,
755 4095 812 4145 et
841 4088 994 4145 Scoti
1025 4105 1058 4143 a
1105 4087 1378 4143 Wilfrido
1429 4090 1762 4162 presbytero
1813 4091 2066 4148 rationa-

424 4178 623 4234 biliter
641 4178 772 4234 victi
794 4181 951 4234 sunt.
991 4178 1134 4232 I08
1159 4177 1318 4233 Saeva
1338 4177 1463 4234 lues
1485 4182 1540 4234 et
1573 4179 1905 4250 pestilentia
1937 4181 2064 4237 Bri-

2175 2141 2306 2197 victi
2336 2147 2657 2213 quartoque
2678 2142 2992 2197 certamine
3020 2141 3289 2210 victores,
3321 2141 3451 2216 ipso
3500 2144 3660 2215 Lupo
3685 2158 3806 2198 cum

2177 2231 2302 2286 suis
2333 2230 2542 2297 occiso,
2589 2229 2946 2285 Provinciam
2995 2235 3247 2298 vastant,
3293 2230 3484 2288 donec
3530 2237 3650 2287 arte
3693 2230 3806 2286 Gri-

2179 2319 2393 2375 moaldi
2441 2319 2646 2383 territi,
2696 2320 2932 2374 tandem
2981 2319 3168 2376 redire
3216 2321 3403 2376 coacti
3463 2325 3626 2376 sunt.
3658 2319 3803 2376 Paul.

2179 2409 2326 2463 Diae.
2361 2425 2414 2462 α.
2435 2409 2560 2462 665.

2247 2499 2352 2551 667
2382 2497 2545 2552 Circa
2573 2496 2680 2551 hoc
2713 2502 2946 2570 tempus
2991 2496 3179 2553 Sclavi
3227 2498 3298 2554 de
3347 2502 3628 2564 Carunto,
3667 2497 3806 2570 quod

2177 2586 2563 2641 Carentanum
2597 2587 2688 2657 (22
2727 2585 2743 2656 )
2775 2585 3044 2654 dicimus,
3061 2602 3194 2642 cum
3227 2588 3486 2642 exercitu
3521 2587 3806 2644 Venetiam

2176 2678 2490 2738 vastantes,
2520 2674 2666 2728 duce
2695 2673 3004 2730 Nuectario
3050 2691 3184 2730 cum
3229 2691 3345 2731 xxv
3374 2691 3623 2732 suorum
3651 2689 3809 2747 super

2177 2780 2276 2820 eos
2305 2762 2582 2828 irruente,
2614 2763 2780 2835 pauci
2842 2779 2910 2818 ex
2966 2763 3229 2836 quinque
3277 2764 3548 2820 millibus
3577 2765 3808 2837 effugere

2177 2852 2270 2907 vix
2300 2857 2555 2924 potuere.
2579 2852 2742 2907 Paul.
2775 2852 2928 2907 Diae.

2246 2943 2352 2996 668
2383 2941 2444 2995 In
2503 2939 2700 2995 Sicilia
2745 2940 3162 2997 Constantinus
3218 2941 3567 3014 imperator,
3613 2940 3710 3014 qui
3761 2942 3811 2995 et

2181 3030 2484 3095 Constans,
2519 3034 2651 3102 post
2681 3029 2896 3084 multas
2923 3029 3252 3086 exactiones
3281 3035 3340 3086 et
3358 3030 3807 3104 depraedatioues

2180 3136 2283 3190 per
2309 3117 2634 3189 provincias
2663 3117 3100 3184 actas,-tandem
3131 3135 3165 3174 a
3213 3118 3339 3174 suis
3385 3119 3447 3174 in
3496 3119 3702 3176 balneo
3731 3133 3810 3174 oc-

2180 3207 2337 3262 cisus
2357 3205 2576 3261 interiit
2619 3206 2938 3262 indictione
2965 3223 3046 3262 xu
3087 3207 3236 3279 (222)
3269 3207 3407 3264 Post
3434 3224 3618 3280 quem
3648 3207 3812 3264 Meze-

2181 3296 2306 3352 cius
2337 3296 2456 3367 [al.,
2489 3293 2795 3368 Mizizius],
2829 3295 3144 3366 imperium
3173 3295 3255 3352 ibi
3287 3295 3690 3370 arripiens,ab
3719 3295 3812 3351 Ita-

2178 3384 2290 3440 lico
2319 3383 2572 3439 exercitu
2601 3400 2734 3438 cum
2765 3382 3150 3455 complicibus
3178 3383 3304 3440 suis
3339 3390 3687 3458 peremptus
3715 3387 3812 3451 est,

2180 3477 2236 3529 et
2255 3472 2668 3528 Constantinus
2700 3473 2844 3544 (223)
2867 3471 3022 3528 ﬁlius
3042 3470 3814 3543 Constantis,Constantino-

2182 3562 2294 3634 poli
2319 3565 2634 3632 imperator
2659 3561 2868 3628 factus,
2895 3561 3158 3634 regnavit
3189 3561 3361 3617 annis
3381 3579 3504 3618 xvn
3531 3581 3546 3631 ;
3579 3562 3818 3635 impera-

2178 3655 2269 3705 tor
2288 3667 2426 3706 sane
2448 3649 2768 3704 cathnlicus
2799 3653 2855 3705 et
2883 3649 3038 3722 pius.
3071 3651 3235 3706 Paul.
3263 3651 3417 3706 Diae.
3449 3653 3647 3708 -Ηοο
3676 3664 3818 3706 anno

2177 3739 2570 3795 Theodoricus
2604 3738 2730 3809 [leg.
2763 3737 3125 3809 Theodorus]
3155 3738 3642 3812 archiepisc0pus
3669 3757 3702 3795 a
3727 3738 3814 3792 Vi-

2176 3828 2391 3882 taliano
2425 3844 2575 3898 papa
2605 3829 2758 3882 104
2791 3827 3118 3893 ordinatus,
3151 3833 3206 3883 et
3254 3844 3388 3884 cum
3439 3829 3700 3885 Adriano
3729 3828 3820 3882 ab-

2177 3917 2310 3972 bate
2341 3915 2410 3970 ad
2443 3914 2656 3987 Anglos
2689 3915 2930 3981 missus,
2964 3914 3168 3971 multis
3199 3921 3257 3971 et
3287 3917 3463 3972 verbo
3519 3917 3740 3990 profuit
3767 3919 3819 3970 et

2175 4003 2458 4076 exemplo.
2496 4003 2658 4069 Beda,
2691 4004 2818 4058 hist.
2843 4005 3000 4074 Angl.
3029 4005 3269 4076 —Apud
3304 4005 3821 4072 Francos,mortuo

2173 4093 2453 4149 Clodoveo
2483 4093 2740 4164 (224)5eu
2775 4093 3224 4166 Ludovico,rege
3256 4093 3486 4161 infami,
3505 4094 3671 4150 ﬁlius
3701 4095 3821 4164 ejus

2175 4181 2504 4238 Clotharius
2531 4197 2676 4252 puer
2702 4181 2965 4252 regnavit
2994 4181 3164 4238 annis
3195 4199 3274 4241 Iv.
3306 4181 3469 4239 Fred.
3506 4201 3561 4240 a.
3596 4185 3724 4241 656.

1465 4310 1935 4368 COMPENDIUM
1979 4315 2068 4372 EX
2108 4315 2359 4374 CODICE
2401 4313 2778 4370 BERNOLDI.

493 4409 590 4464 661
627 4410 734 4465 Hoc
761 4413 999 4482 tempore
1027 4409 1310 4466 Pertarieh
1335 4408 1400 4464 de
1425 4411 1620 4466 exsilio
1649 4425 1917 4482 reversus,
1953 4415 2058 4471 ite-

421 4513 546 4553 rum
576 4499 637 4553 in
664 4497 923 4554 exsilium
957 4499 1037 4554 ire
1064 4499 1372 4570 compulsus
1391 4502 1489 4554 est.

489 4589 596 4642 662
627 4587 1036 4656 Constantinus,
1065 4589 1162 4658 qui
1208 4591 1260 4643 et
1313 4587 1589 4654 Constans,
1623 4589 1844 4644 Italiam
1874 4595 2062 4648 contra

418 4675 798 4745 Langobardos
829 4677 992 4742 venit,
1017 4676 1106 4732 sed
1136 4675 1286 4730 nihil
1310 4677 1560 4748 profecit.

485 4765 590 4818 663
621 4765 1004 4821 Constantinus
1056 4765 1360 4832 imperator
1419 4764 1641 4818 Romam
1697 4765 1858 4830 venit,
1911 4775 1978 4832 et,
2027 4784 2062 4823 a

2165 4419 2216 4471 et
2253 4415 2396 4470 Seoti
2449 4431 2484 4468 a
2528 4411 2799 4484 Witfrido
2842 4414 3150 4486 presbytero
3202 4415 3627 4474 rationabiliter
3685 4418 3826 4472 victi

2167 4507 2332 4558 sunt:
2364 4504 2458 4574 qui
2477 4505 2657 4573 postea
2685 4503 2964 4573 episcopus
2993 4501 3300 4559 ordinatur.

2239 4593 2346 4647 665
2373 4592 2542 4660 Angli
2587 4591 2656 4646 ad
2709 4592 3045 4647 Vitalianum
3095 4609 3310 4664 papam
3350 4611 3454 4670 pro
3499 4597 3755 4669 episeopo
3781 4600 3828 4652 et

2169 4681 2381 4736 doctore
2405 4680 2743 4751 postulatum
2778 4681 2999 4736 Romam
3027 4682 3316 4738 miserunt.

2239 4771 2344 4823 668
2375 4774 2438 4824 In
2467 4768 2658 4823 Sicilia
2703 4770 3092 4826 Constantinus
3127 4772 3452 4842 imperator,
3485 4775 3587 4844 qui
3609 4776 3663 4830 et
3695 4773 3826 4830 Con-

419 4850 693 4908 Vitaliano
719 4869 865 4925 papa
893 4852 1187 4922 honoriﬁce
1215 4853 1515 4915 suseeutus,
1545 4849 1600 4904 S.
1636 4850 1795 4906 Petro
1821 4854 2060 4924 pallium
2087 4846 2133 4910 D
2161 4862 2452 4928 stans,post
2481 4858 2682 4912 multas
2700 4858 3127 4928 depraedationes
3153 4875 3253 4930 per
3281 4863 3608 4932 provincias
3627 4864 3822 4933 factas,

413 4955 550 4996 auro
577 4943 766 4998 textile
795 4941 1024 5008 obtulit;
1057 4939 1148 4995 sed
1175 4943 1370 4995 cuneta
1387 4955 1524 5010 pene
1543 4946 1868 4996 ornamenta
1897 4945 2050 5000 Urbis
2165 4946 2380 5002 tandem
2410 4964 2444 5002 a
2472 4948 2588 5000 suis
2611 4947 2671 5001 in
2701 4945 2892 5001 balneo
2918 4955 3233 5018 peremptus
3261 4957 3357 5006 est.
3401 4951 3512 5005 Pro
3541 4969 3655 5023 qua
3685 4955 3822 5009 Gun-

413 5029 848 5191 ablsitfilihiiclipsis
875 5121 1004 5175 solis
1033 5119 1221 5190 quinto
1261 5116 1442 5171 Nonas
1471 5116 1603 5170 Maii
1634 5119 1799 5188 facta.
1831 5121 1893 5175 In
1920 5121 2046 5176 Bri-

407 5209 601 5264 tannia
631 5225 666 5264 a
696 5208 864 5264 Sectis
881 5217 933 5264 et
951 5207 1138 5279 Anglis
1156 5206 1386 5277 quamio
1407 5203 1474 5260 de
1501 5205 1708 5260 Pascha
1722 5209 2040 5277 ventilatur,

2155 5037 2429 5090 stantinus
2460 5036 2578 5102 eius
2619 5035 2770 5105 ﬁlius
2815 5037 3058 5105 regnavit
3113 5037 3280 5092 annis
3338 5055 3479 5104 xvn,
3516 5040 3826 5112 imperator

2153 5139 2288 5178 sane
2315 5123 2611 5180 catholicus
2641 5125 2691 5179 et
2723 5125 2868 5194 pius.
2927 5126 3042 5179 Hie
3082 5139 3228 5182 anno
3284 5124 3593 5184 Theodorus
3629 5169 3643 5184 .
3683 5169 3697 5183 .
3733 5167 3748 5182 .
3778 5128 3826 5182 et

2155 5213 2426 5282 exemplo.

1971 5333 2200 5390 NOTsE.

503 5445 630 5514 2&9)
659 5451 790 5502 Haec
819 5445 1057 5502 indictio
1087 5461 1306 5500 annum
1337 5445 1441 5499 66-i
1474 5445 1708 5500 indicat.

503 5445 630 5514 2&9)
659 5451 790 5502 Haec
819 5445 1057 5502 indictio
1087 5461 1306 5500 annum
1337 5445 1441 5499 66-i
1474 5445 1708 5500 indicat.

479 5445 625 5590 E220)
657 5519 902 5574 Indictio
950 5535 1030 5590 vii
1057 5517 1214 5590 hunc
1239 5516 1476 5588 quidem
1499 5533 1738 5590 annum
1772 5523 1955 5587 notat,
1989 5519 2048 5575 in

448 5587 748 5660 uogtamen
779 5589 892 5644 ista
929 5588 1162 5660 eclipsis
1219 5587 1331 5644 non
1380 5587 1570 5656 tertia,
1597 5589 1696 5644 sed
1734 5589 1926 5660 prima
1957 5591 2050 5647 die

467 5659 840 5732 aii'eontigit.

499 5732 624 5804 221)
651 5728 834 5804 ῌοῖιὶθ
859 5729 1176 5799 Carinthia,
1204 5730 1410 5804 veteris
1434 5728 1628 5804 Norici
1661 5729 1974 5804 provincia.

497 5801 994 5891 222)Peremptus
1023 5807 1112 5862 est
1159 5803 1226 5861 ad
1285 5803 1463 5862 finem
1517 5801 1902 5876 Septembris,
1933 5817 2049 5877 quo

2155 5453 2282 5521 jam
2315 5449 2584 5505 currebat
2609 5447 2850 5504 indictio
2883 5467 2984 5508 ΧΠ.

2253 5523 2380 5592 223)
2413 5522 2808 5592 Cognomento
2835 5523 3164 5592 Pogonatus.

2251 5592 2376 5666 224)
2409 5592 2725 5666 Clodoveus
2759 5593 2805 5646 ll
2849 5593 2974 5662 jam
3021 5611 3074 5650 a.
3121 5596 3230 5651 656
3259 5596 3427 5666 obiit,
3461 5599 3821 5656 succedente

2157 5665 2276 5792 tilio
2303 5663 2618 5746 Clothario,
2644 5665 2784 5718 tunc
2815 5670 3070 5738 quatuor
3114 5663 3426 5737 annorum,
3460 5669 3565 5744 qui
3617 5685 3824 5745 regna-

2157 5751 2206 5790 Vl
2266 5751 2439 5792 annis
2462 5751 2578 5792 xxv.

2156 5751 2238 5792 νη
2266 5751 2439 5794 anuis
2462 5751 2578 5794 XIV.
