3940 6360
187 409 306 482 N9

1400 413 1870 482 CHRONICON.
1904 443 1984 462 —
2013 414 2204 479 διο.
2252 413 2412 479 νιιι.

3465 406 3586 478 150

1555 575 1788 634 CODEX
1821 573 2217 632 AUGIENSIS.

186 702 464 762 defuncto
513 701 845 762 Pertbarico
891 719 1026 778 rege
1081 703 1611 777 Longobardorum,
1654 702 1828 758 Cuni-
1859 703 1916 768 Α
1945 701 2092 772 tyrio
2125 701 2402 770 coronati,
2435 706 2491 759 et
2519 701 2736 760 divinis
2757 699 3057 760 miraculis
3073 700 3370 772 declarati,
3395 701 3581 778 aPip-

181 793 390 851 bertus
419 793 576 851 ﬁlius
604 794 733 866 ejus
759 811 856 850 rex
885 798 1180 859 strenuus,
1216 792 1376 848 mitis
1415 797 1471 848 et
1500 793 1709 856 bonus,
1744 807 1828 846 re-

187 884 386 954 gnavit
410 883 582 940 annis
612 900 711 938 xu.
747 884 910 939 Paul.
945 883 1094 938 Diac.
1126 899 1179 936 a.
1213 883 1336 937 686.

257 998 362 1053 688
393 999 731 1065 Ceadwald,
775 1017 871 1055 rex
908 997 1357 1053 occidentalium
1397 995 1713 1060 Saxonum,
1760 994 1832 1048 ad

187 1085 369 1142 ﬁdem
397 1088 610 1144 Christi
637 1091 1220 1153 conversus,ltomam
1239 1085 1475 1149 venit,et
1497 1084 1555 1138 in
1579 1083 1832 1138 Sabbato

185 1179 396 1232 sancto
435 1176 664 1232 Paschae
698 1194 732 1231 a
761 1177 962 1248 Sergio
994 1192 1141 1248 papa
1180 1175 1506 1246 baptizatus
1541 1175 1595 1226 et
1629 1172 1834 1226 Petrus

182 1269 454 1334 vocatus,
503 1263 644 1320 inibi
689 1265 746 1320 in
791 1263 940 1320 albis
989 1264 1320 1329 defunctus,
1380 1263 1452 1316 ab
1509 1261 1634 1332 ipso
1685 1277 1862 1332 papa.

185 1368 428 1410 summo
450 1352 667 1408 honore
680 1351 1006 1408 tumulatus
1021 1351 1381 1423 etepitaphio
1397 1352 1702 1406 decoratus
1725 1355 1830 1403 est.

186 1441 318 1497 Bed.
355 1441 485 1496 hist.
513 1443 668 1512 Angl.
689 1458 742 1496 ιι.
774 1443 844 1494 68
887 1483 898 1496 .
927 1472 991 1480 —
1029 1442 1088 1494 ln
1114 1457 1289 1509 regno
1313 1440 1688 1502 Francorum,
1709 1438 1834 1507 Pip-

185 1529 387 1602 pinus,
410 1528 568 1584 tilius
589 1529 821 1600 Ansgisi
840 1527 941 1582 lilii
961 1528 1145 1583 sancti
1167 1526 1832 1591 Arnolfi,’l‘heodericum

185 1619 323 1676 109
351 1634 547 1689 regem
580 1616 761 1671 lilium
785 1616 1052 1672 Ludovici
1079 1617 1136 1670 in
1158 1617 1428 1670 'l‘estritio
1453 1633 1650 1687 pugna
1678 1615 1830 1682 vicit,

183 1711 263 1774 et,
319 1709 676 1778 potestatem
729 1705 890 1774 regni
932 1705 1281 1759 Francorum
1329 1705 1592 1775 adeptus,
1635 1703 1750 1757 dux
1781 1706 1838 1757 et

186 1796 380 1866 major
401 1795 614 1849 domus
646 1792 908 1866 regnavit
941 1794 1111 1847 annis
1155 1811 1328 1858 xxv“,
1375 1793 1605 1847 interim
1643 1797 1833 1846 tamen

183 1883 503 1948 Ludovico,
535 1881 901 1936 Cbildeberto
933 1886 988 1936 et
1014 1881 1335 1952 Dagoberto
1376 1879 1566 1952 regale
1599 1897 1832 1946 nomen,

182 1987 303 2028 non
355 1969 722 2042 dignitatem,
782 1967 1155 2024 habentibus.
1216 1969 1370 2024 Frcd.
1421 1973 1564 2023 cont.
1619 1987 1673 2022 α.
1704 1970 1832 2021 687.

183 2061 390 2126 Annal,
415 2060 535 2115 Met.

253 2177 365 2231 689
393 2175 561 2232 Circa
585 2173 692 2228 hoc
721 2178 953 2244 tempus
982 2173 1040 2228 in
1061 2173 1478 2228 ltaliaAlachis
1499 2173 1615 2227 dux
1635 2177 1834 2244 tyran-

184 2265 386 2321 nidem
407 2263 640 2327 invasit,
655 2267 733 2329 et,
753 2261 927 2333 Papia
945 2267 1246 2332 occupata,
1267 2277 1510 2332 regeque
1524 2261 1835 2316 Cuniberto

181 2353 242 2409 in
273 2351 477 2408 insula
497 2350 829 2415 Comar—ina,
854 2350 991 2420 quia
1013 2351 1178 2420 copia
1201 2349 1452 2402 militum
1480 2349 1669 2420 impar
1689 2354 1832 2417 erat,

182 2457 246 2498 se
277 2439 740 2504 communiente,
788 2445 1028 2493 cunctos
1066 2443 1118 2492 et
1153 2438 1404 2492 maxime
1435 2438 1673 2492 clericos
1703 2455 1832 2492 cru-

181 2529 332 2586 delis
362 2527 715 2598 insequitur.
753 2526 910 2580 Paul.
944 2527 1092 2580 Diac.
1119 2543 1210 2579 an.
1243 2526 1368 2578 690.

251 2643 362 2697 690
393 2641 760 2706 Theodorus,
791 2638 1140 2694 venerabilis
1167 2639 1492 2710 Anglorum
1525 2640 1834 2712 archiepis-

187 2748 394 2804 copus,
419 2747 574 2785 anno
606 2730 894 2785 adventus
924 2728 1014 2784 sui
1037 2728 1095 2782 in
1129 2729 1486 2782 Britanniam
1519 2746 1680 2794 χχιιι,
1707 2734 1836 2783 δήει-

182 2821 260 2876 tis
291 2835 429 2875 vero
466 2835 710 2873 Lxxxvm
743 2817 1020 2882 decessit;
1065 2817 1184 2887 qui,
1231 2817 1382 2871 inter
1419 2817 1531 2872 alia
1562 2818 1731 2885 bona,
1765 2817 1832 2871 li-

183 2909 358 2965 brum
394 2905 847 2979 pmnitentialem
871 2923 1082 2978 magna
1103 2906 1450 2960 discretione
1469 2906 1830 2977 conscripsit.

183 2999 360 3062 Beda,
392 2997 528 3051 hist.
562 2996 720 3064 Angl.

251 3104 356 3158 691
379 3101 550 3174 Apud
571 3099 1254 3168 Francos,Theodoricus
1277 3117 1374 3154 rex
1393 3117 1541 3155 anno
1557 3103 1712 3173 regni
1741 3121 1831 3156 κει(

191 3191 482 3258 moritur;
510 3206 612 3261 pro
635 3206 750 3261 quo
774 3187 928 3243 filius
961 3189 1088 3259 ejus
1118 3189 1442 3242 Ludovicus
1465 3206 1626 3260 puer,
1655 3208 1688 3244 a
1713 3191 1834 3262 Pip-

183 3282 323 3355 pinu
355 3285 415 3337 et
464 3279 704 3336 Francis
736 3295 834 3332 rex
865 3276 988 3333 solo
1032 3277 1265 3331 nomine
1313 3277 1531 3344 factus;
1575 3280 1834 3350 regnavit

183 3371 356 3428 annis
377 3386 420 3425 ιι
451 3369 623 3441 (232).
645 3367 802 3423 Fred.
835 3371 977 3422 cont.
1012 3367 1212 3421 Annal.
1257 3365 1373 3420 Met.

245 3497 359 3551 692
379 3494 780 3562 Hoctempore
799 3490 1150 3546 Cunibertus
1169 3506 1266 3544 rex
1293 3489 1828 3561 Langobardorum,

179 3586 420 3656 recepto
478 3579 576 3636 Dei
623 3580 812 3651 gratia
864 3595 1062 3650 regno,
1112 3579 1264 3632 votis
1321 3579 1585 3632 omnium
1636 3595 1832 3650 pugna

177 3670 332 3727 victo
389 3675 451 3725 et
498 3672 800 3740 perempto
841 3666 1112 3721 Alachiso
1161 3671 1428 3736 tyranno,
1479 3671 1676 3736 optata
1707 3669 1832 3721 suis

178 3760 462 3830 deinceps
494 3773 634 3829 pace
664 3755 942 3826 regnavit.
988 3755 1150 3809 Paul.
1186 3755 1334 3808 Diac.
1369 3771 1422 3808 α.
1455 3757 1580 3808 690.
1649 3794 1657 3812 .

249 3853 363 3929 69B
392 3871 562 3944 Apud
598 3870 869 3934 Francos,
905 3873 1035 3940 post
1077 3868 1433 3923 Ludovicum
1480 3869 1656 3923 frater
1705 3872 1834 3939 ejus

180 3962 613 4028 Ohildebertus,
646 3959 799 4028 regis
829 3975 1041 4014 nomen
1073 3957 1340 4029 adeptus,
1381 3957 1639 4029 regnavit.
1660 3959 1831 4014 annis

183 4069 323 4108 xvu.
359 4051 588 4120 Frcdeg.
623 4055 765 4104 cont.
799 4065 851 4102 a.
885 4047 1009 4101 695.
1043 4048 1144 4100 Αη.
1174 4047 1294 4100 Met.

244 4158 356 4213 69!:
383 4155 487 4211 His
519 4154 727 4210 diebus
753 4154 868 4208 duo
890 4151 1060 4224 Angli
1095 4151 1433 4223 presbyteri,
1469 4151 1634 4223 niger
1662 4158 1708 4206 cl
1747 4153 1828 4207 al-

175 4245 288 4301 bus
321 4242 614 4310 Hewaldi,
647 4241 842 4298 studio
873 4242 1052 4296 divini
1094 4241 1248 4295 verbi
1283 4241 1532 4305 accensi,
1559 4240 1699 4294 dum
1729 4245 1828 4296 Sa-

171 4332 434 4390 xonibus
481 4331 886 4404 praedicarent,
930 4345 966 4383 a
995 4327 1349 4400 quibusdam
1399 4327 1633 4382 rusticis
1675 4345 1828 4383 mar-

1941 790 2076 860 plno
2109 789 2352 845 Colonia:
2384 791 2658 847 tumulati
2686 798 2844 848 sunt.
2883 793 3048 860 Beda,
3081 793 3211 848 hist.
3253 793 3411 863 Angl.

2012 890 2018 902 '
2045 878 2114 933 95
2136 881 2654 952 Constantinopoli,
2672 881 3044 956 Iustinianus
3065 883 3384 954 imperator
3399 883 3580 937 haere-
3681 929 3687 938 .

1939 965 2110 1032 ticus,
2162 984 2195 1022 a
2237 969 2419 1024 Leone
2453 975 2507 1024 et
2556 970 2783 1024 Tiberio
2821 969 3072 1042 aliisque
3109 971 3582 1042 conjuratoribus

1940 1054 2175 1124 iniuriis
2213 1057 2474 1123 allectus,
2518 1059 2796 1114 abscissis
2847 1059 3090 1114 naribus
3132 1076 3310 1132 regno
3347 1059 3578 1132 pulsus,

1940 1143 2073 1200 110
2101 1145 2261 1199 exsul
2295 1146 2350 1199 in
2370 1146 2613 1201 Pontum
2637 1149 2896 1213 secessit,
2931 1152 2988 1203 et
3015 1149 3124 1204 Leo
3145 1151 3444 1220 arreptum
3467 1147 3578 1204 im-

1943 1232 2166 1302 perium
2210 1235 2378 1289 annis
2410 1253 2470 1288 ιιι
2503 1235 2772 1291 obtinuit.
2813 1237 2974 1291 Paul.
3024 1237 3178 1292 Diac.
3215 1269 3272 1278 —-
3313 1237 3414 1292 Vir
3442 1253 3578 1293 san-

1943 1323 2071 1373 ctus
2101 1320 2515 1378 Willibrordus
2546 1340 2578 1378 a
2598 1323 2792 1394 Sergio
2826 1341 2972 1396 papa
2996 1325 3468 1397 archiepiscopus
3489 1341 3578 1380 or-

1942 1407 2199 1469 dinalus,
2233 1413 2287 1464 et
2319 1409 2586 1465 Clemens
2617 1415 2872 1478 vocatus,
2906 1413 3060 1483 genti
3097 1414 3410 1468 Fresonum
3442 1429 3575 1468 ver-

1943 1494 2080 1548 bum
2143 1495 2270 1551 vitze
2328 1497 2670 1568 priedicans,
2727 1499 2994 1570 plurimis
3044 1501 3216 1555 saluti
3263 1501 3388 1556 fuit.
3445 1503 3573 1557 Bed.

1943 1585 2066 1638 hist.
2103 1585 2258 1656 .lngl.
2291 1604 2382 1640 an.
2416 1589 2538 1640 690.
2569 1588 2850 1641 .llcuinus.

2011 1671 2118 1726 696
2172 1675 2228 1727 [ιι
2297 1673 2598 1729 Britannia
2655 1675 2977 1746 provincia,
3003 1677 3580 1736 Nordanumbrorum

1943 1762 2181 1832 quidam
2233 1763 2614 1819 Truthelinus
2659 1781 2898 1836 corpore
2929 1769 3154 1838 raptus,
3187 1770 3243 1822 et
3271 1767 3582 1824 horrendis

1935 1850 2324 1921 jocundisque
2355 1851 2514 1917 visis,
2537 1853 2664 1907 vita:
2696 1853 2976 1917 redditus,
3002 1853 3498 1912 districtissimam
3526 1861 3584 1912 et

1945 1945 2206 1995 sanctam
2258 1939 2530 2012 deinceps
2583 1941 2748 1996 duxit
2796 1943 2994 1998 vitam.
3040 1943 3211 2012 Beda,
3245 1943 3376 2001 hist.
3417 1946 3576 2017 Angt.

1863 2067 1910 2130 B
1947 2060 2010 2068 —
2043 2029 2158 2083 Hoc
2193 2034 2452 2100 tempore
2497 2030 2732 2102 Sergius
2789 2047 2959 2102 papa.
2998 2031 3236 2088 Domine
3266 2032 3554 2091 revelante
3631 2079 3648 2106 ,

1945 2135 2181 2188 capsum
2225 2134 2359 2172 cum
2405 2117 2664 2190 portione
2722 2118 3028 2174 Dominieze
3091 2123 3281 2178 crucis
3335 2123 3574 2180 invenit.

1944 2209 2108 2262 zlnasl
2118 2250 2129 2261 .
2167 2209 2327 2263 Beda:
2359 2207 2473 2263 chr.

2015 2296 2117 2348 697
2142 2295 2202 2349 In
2228 2295 2548 2364 Britannia,
2583 2299 2821 2350 sanctus
2853 2296 3194 2366 Cudbertus,
3229 2315 3298 2354 ex
3327 2301 3577 2358 anacho-

1944 2386 2064 2437 reta
2103 2383 2430 2454 episcopus,
2479 2387 2610 2454 post
2648 2383 2864 2440 multas
2903 2383 3149 2440 virtutes
3193 2387 3460 2459 migravit
3505 2389 3577 2446 ad

1943 2471 2294 2538 Dominum;
2330 2473 2498 2542 cujus
2529 2472 2706 2526 vitam
2739 2471 2892 2527 Beda
2922 2473 3222 2546 presbyler
3241 2479 3294 2530 et
3325 2492 3498 2547 prosa
3527 2481 3586 2534 et

1943 2559 2292 2614 hexametris
2325 2561 2588 2615 versibus
2616 2560 2814 2615 edidit.
2848 2562 2978 2617 Bcd.
3011 2562 3126 2617 chr.
3161 2595 3227 2604 —
3262 2565 3390 2636 Ipso
3431 2581 3584 2623 anno

1941 2647 2128 2702 Ostric
2177 2649 2300 2718 [at.,
2353 2647 2602 2721 Ostrida]
2651 2648 2846 2721 regina
2899 2667 2932 2704 a
2978 2651 3103 2707 suis
3142 2657 3444 2726 perempta
3471 2656 3580 2710 est.

1943 2737 2108 2803 Beda,
2142 2736 2268 2792 hist.
2303 2738 2462 2808 Angl.

2010 2827 2114 2879 698
2133 2824 2650 2897 Constantinopoli,
2668 2825 2934 2883 Tiberius
2949 2826 3257 2899 imperium
3275 2828 3575 2899 invadens,

1941 2914 2187 2968 Leonem
2239 2914 2647 2984 imperatorem
2679 2933 2754 2968 vn
2796 2916 2985 2982 annis,
3033 2917 3248 2987 quibus
3293 2917 3416 2989 ipse
3447 2921 3581 2990 post

1939 3001 2098 3056 hunc
2131 3003 2430 3071 regnabat,
2465 3003 2521 3057 in
2547 3019 2774 3058 carcere
2805 3004 3008 3060 tenuit.
3055 3006 3216 3060 Paul.
3247 3007 3397 3062 Diac.

2011 3092 2113 3144 699
2145 3090 2262 3145 Hoc
2293 3095 2551 3162 tempore
2597 3093 2855 3163 synodus
2893 3093 3282 3164 Aquileiensis
3321 3095 3490 3164 facta,
3521 3099 3580 3152 et

1940 3178 2202 3250 quidam,
2237 3180 2336 3250 qui
2369 3179 2677 3234 concilium
2715 3181 2988 3252 quintum
3021 3181 3348 3239 universale
3378 3182 3577 3240 nolue-

1940 3271 2067 3320 rant
2101 3267 2374 3338 recipere,
2409 3286 2439 3322 a
2461 3268 2821 3342 Sergiopapa
2854 3271 3096 3326 correcti
3118 3275 3272 3326 sunt.
3299 3273 3430 3328 Bed.
3456 3273 3571 3328 chr.

1939 3357 2098 3425 Angl.
2131 3373 2219 3410 an.
2255 3358 2380 3410 098.

2008 3447 2115 3498 700
2144 3449 2206 3498 ln
2240 3443 2788 3508 Italia,Cunibertus
2808 3464 2902 3502 rex
2925 3447 3441 3520 Longobardorum
3463 3449 3574 3505 for-

1939 3533 2012 3588 tis
2045 3537 2099 3588 et
2125 3533 2277 3604 pius,
2311 3534 2565 3588 moriens
2601 3533 2716 3588 ﬁlio
2739 3535 2974 3605 parvulo
3003 3535 3298 3608 Luitperto
3329 3553 3575 3610 regnum

1942 3621 2195 3692 reliquit,
2228 3622 2662 3692 eiquetutorem
2695 3624 3085 3694 Asprendum,
3106 3625 3294 3680 virum
3325 3627 3579 3696 pruden-

1941 3714 2056 3765 tem
2080 3714 2135 3764 et
2165 3711 2683 3779 strenuum,dedit;
2708 3711 2806 3766 sed
2842 3717 2974 3783 post
3003 3731 3098 3768 vm
3125 3729 3356 3770 menses
3377 3712 3585 3785 Regin-

1942 3801 2140 3854 bertus
2168 3799 2302 3864 dux,
2334 3798 2646 3854 Cotaberti.
2683 3801 2781 3870 [al,
2813 3800 3139 3872 Godeberti]
3170 3802 3396 3858 dudum
3425 3802 3582 3874 regis

1944 3887 2121 3953 filius,
2176 3887 2472 3958 Luitperto
2519 3905 2648 3942 cum
2694 3888 2819 3944 suis
2861 3905 3058 3961 pugna
3105 3890 3276 3959 victo,
3336 3907 3583 3963 regnum

1942 3975 2052 4031 sibi
2079 3975 2398 4047 usurpavit,
2433 3977 2531 4031 sed
2559 3977 2760 4032 eodem
2785 3993 2934 4032 anno
2967 3982 3234 4032 mortuus
3263 3981 3371 4034 est.
3401 3977 3582 4050 Cujus

1941 4065 2098 4119 ﬁlius
2141 4065 2478 4120 Haribertus
2521 4065 2643 4134 [al.,
2683 4063 3002 4136 Aripcrtus]
3053 4069 3392 4138 susceptum
3425 4051 3582 4138 apa-

1939 4158 2027 4206 tre
2080 4169 2324 4223 regnum
2384 4169 2464 4206 xu
2515 4153 2630 4208 fere
2674 4152 2843 4207 annis
2901 4152 3174 4208 obtinuit.
3235 4153 3345 4218 Qui
3394 4153 3583 4210 denuo

1940 4242 2299 4312 Luitpertum
2339 4257 2474 4295 cum
2527 4241 2652 4296 suis
2692 4257 2890 4312 pugna
2935 4241 3090 4307 vicit,
3140 4241 3382 4314 fugavit,
3434 4241 3587 4315 cepit

1939 4333 2112 4400 atque
2144 4327 2407 4399 peremit.
2439 4329 2603 4384 Paul.
2635 4330 2794 4386 Diae.

1231 4503 1704 4560 COMPENDIUM
1737 4506 1830 4561 EX
1859 4505 2113 4562 CODICE
2153 4504 2534 4560 BERNOLDI.

241 4661 354 4716 688
386 4658 784 4717 Ccadwald....
817 4658 1101 4720 decoratus
1129 4664 1227 4712 est.

245 4751 359 4804 689
409 4751 473 4804 1η
517 4748 682 4804 Italia
725 4745 944 4802 Aluchis
971 4747 1088 4801 dux
1116 4745 1472 4815 tyrannidem
1512 4746 1732 4812 invasit,
1780 4748 1831 4801 et

173 4840 428 4895 maxime
455 4838 680 4893 clericos
711 4837 1034 4905 insequitur.

243 4928 356 4982 690
387 4926 762 4982 Theodorus...
799 4924 1046 4990 decessit,
1099 4924 1196 4994 qui
1239 4923 1446 4978 librum
1476 4923 1827 4993 paenitentia-

71 5077 82 5084 ,
179 5017 286 5073 lem
311 5015 453 5070 satis
484 5014 676 5070 utilem
704 5014 1040 5082 conscripsit.

245 5103 360 5159 694
392 5103 490 5158 His
518 5102 712 5158 diebus
741 5102 849 5157 duo
880 5101 1042 5171 Angli
1078 5099 1408 5171 presbyteri,
1439 5116 1566 5154 cum
1607 5099 1838 5154 Saxoni-

179 5194 275 5250 bus
299 5193 704 5264 praedicarent,
753 5191 1022 5261 martyrio
1064 5189 1309 5243 coronati
1340 5192 1389 5242 et
1421 5188 1712 5242 miraculis
1743 5189 1836 5242 de-

191 5283 419 5353 clarati,
463 5298 499 5336 a
540 5280 780 5352 Pippino
819 5279 1060 5334 Coloniae
1087 5281 1217 5332 sunt
1260 5279 1536 5332 tumulati.
1572 5275 1834 5329 Bollnnd.

181 5371 216 5425 3
235 5370 367 5426 Oct.

1859 4661 1904 4724 Ι)
1935 4659 2110 4713 Leone
2137 4663 2186 4710 et
2218 4655 2422 4710 Tiberio
2453 4655 2706 4710 abscissis
2737 4659 2980 4725 naribus,
3008 4674 3170 4729 rcgno
3191 4659 3448 4728 expulsus
3477 4663 3581 4724 est,

1941 4754 1992 4802 et
2021 4749 2136 4818 ipso
2164 4747 2266 4800 Leo
2296 4761 2521 4814 regnum
2549 4753 2654 4800 tres
2681 4762 2852 4800 annos
2875 4747 3135 4803 obtinuit.
3177 4749 3272 4804 Vir
3313 4747 3370 4802 S.
3409 4747 3590 4803 Willi-

1947 4835 2245 4890 brordus...
2295 4834 2591 4888 Fresonum.
2633 4835 2977 4904 praedicans,
3025 4837 3324 4892 virtutibus
3371 4835 3595 4891 claruit.

1946 4922 2080 4978 Vita
2112 4922 2265 4994 apud
2298 4921 2516 4976 Mabill.
2551 4938 2664 4976 sane
2689 4939 2750 4976 ιιι
2778 4923 2990 4978 Bened.
3024 4941 3080 4994 p.
3116 4941 3156 4990 ι,
3189 4942 3243 4995 p.
3278 4924 3404 4978 661.

2015 5012 2120 5065 696
2149 5011 2367 5081 Sergius
2404 5027 2613 5080 papa...
2649 5011 2876 5066 invenit.

2014 5100 2119 5152 697
2151 5100 2211 5154 In
2239 5099 2593 5152 Britannia...
2629 5099 2702 5154 ad
2723 5099 3017 5155 Dominum
3041 5107 3160 5171 post
3188 5103 3393 5157 multas
3422 5102 3595 5156 virtu-

1945 5191 2048 5251 tes,
2078 5189 2232 5256 cujus
2264 5189 2432 5240 vitam
2461 5187 2610 5241 Beda
2637 5188 2918 5260 presbyter
2945 5189 3253 5260 descripsit.

2018 5276 2123 5329 698
2155 5275 2644 5344 Constantinopoli,
2676 5282 2808 5337 etc.,
2836 5281 2896 5329 ut
2930 5281 3078 5348 Aug.

1992 5363 2124 5433 ,699
2172 5365 2278 5418 Hoc
2337 5371 2576 5434 tempore
2630 5363 2872 5434 synodus
2928 5365 3309 5436 Aquileiensis,
3356 5368 3491 5430 etc.,
3525 5367 3590 5418 ut

249 5460 362 5516 695
387 5454 874 5527 Constantinopoli
905 5455 1254 5511 Justinianus
1286 5454 1418 5523 imp.
1469 5451 1774 5520 haereticus,
1803 5469 1838 5506 a
1945 5453 2098 5523 Aug.

1771 5619 2006 5675 NOTE.

251 5754 402 5827 (232)
426 5747 996 5822 Fredegariicontin.
1015 5747 1376 5815 recte,annis
1399 5762 1456 5803 ιν
1478 5761 1493 5804 :
1512 5743 1819 5802 obiitenim
1851 5761 1946 5800 an.
1978 5745 2105 5802 695.
