  <div class='ocr_page' id='page_1' title='image "/cluster/home/n/w/nwhite01/storage/ocr_20150623/142-143/uc1.31175018423130/815.png"; bbox 0 0 3940 6350; ppageno 0'>
   <div class='ocr_carea' id='block_1_1' title="bbox 346 379 462 449">
    <p class='ocr_par' dir='ltr' id='par_1_1' title="bbox 346 379 462 449">
     <span class='ocr_line' id='line_1_1' title="bbox 346 379 462 449; baseline 0.026 -4"><span class='ocrx_word' id='word_1_1' title='bbox 346 379 462 449; x_wconf 72' lang='grc'><strong>151</strong></span> 
     </span>
    </p>
   </div>
   <div class='ocr_carea' id='block_1_2' title="bbox 1098 387 2926 499">
    <p class='ocr_par' dir='ltr' id='par_1_2' title="bbox 1098 387 2926 499">
     <span class='ocr_line' id='line_1_2' title="bbox 1098 387 2926 499; baseline -0.003 -41"><span class='ocrx_word' id='word_1_2' title='bbox 1098 492 1106 499; x_wconf 30' lang='lat'><strong><em>.</em></strong></span> <span class='ocrx_word' id='word_1_3' title='bbox 1147 391 1557 460; x_wconf 78' lang='lat' dir='ltr'><strong>HERMANNI</strong></span> <span class='ocrx_word' id='word_1_4' title='bbox 1600 390 2043 459; x_wconf 79' lang='lat' dir='ltr'><strong>CONTRACTI</strong></span> <span class='ocrx_word' id='word_1_5' title='bbox 2085 387 2504 457; x_wconf 80' lang='lat' dir='ltr'><strong>AUGIENSIS</strong></span> <span class='ocrx_word' id='word_1_6' title='bbox 2546 389 2926 457; x_wconf 82' lang='lat' dir='ltr'><strong>MONACHI.</strong></span> 
     </span>
    </p>
   </div>
   <div class='ocr_carea' id='block_1_3' title="bbox 3631 381 3772 452">
    <p class='ocr_par' dir='ltr' id='par_1_3' title="bbox 3631 381 3772 452">
     <span class='ocr_line' id='line_1_3' title="bbox 3631 381 3772 452; baseline -0.014 0"><span class='ocrx_word' id='word_1_7' title='bbox 3631 381 3772 452; x_wconf 64' lang='grc'><strong>152</strong></span> 
     </span>
    </p>
   </div>
   <div class='ocr_carea' id='block_1_4' title="bbox 1709 552 2372 612">
    <p class='ocr_par' dir='ltr' id='par_1_4' title="bbox 1709 552 2372 612">
     <span class='ocr_line' id='line_1_4' title="bbox 1709 552 2372 612; baseline -0.003 0"><span class='ocrx_word' id='word_1_8' title='bbox 1709 554 1939 612; x_wconf 88' lang='lat' dir='ltr'><strong>CODEX</strong></span> <span class='ocrx_word' id='word_1_9' title='bbox 1975 552 2372 612; x_wconf 81' lang='lat' dir='ltr'><strong>AUGIENSIS.</strong></span> 
     </span>
    </p>
   </div>
   <div class='ocr_carea' id='block_1_5' title="bbox 418 664 3764 742">
    <p class='ocr_par' dir='ltr' id='par_1_5' title="bbox 418 664 3764 742">
     <span class='ocr_line' id='line_1_5' title="bbox 418 664 3764 742; baseline -0 -19"><span class='ocrx_word' id='word_1_10' title='bbox 418 664 550 724; x_wconf 88' lang='grc'><strong>111</strong></span> <span class='ocrx_word' id='word_1_11' title='bbox 575 664 675 722; x_wconf 92' lang='grc'><strong>701</strong></span> <span class='ocrx_word' id='word_1_12' title='bbox 698 666 914 736; x_wconf 65' lang='lat' dir='ltr'><strong>Roma,</strong></span> <span class='ocrx_word' id='word_1_13' title='bbox 933 668 1202 726; x_wconf 80' lang='lat' dir='ltr'><strong>defuncto</strong></span> <span class='ocrx_word' id='word_1_14' title='bbox 1215 671 1805 742; x_wconf 85' lang='lat' dir='ltr'><strong>Sergio,JoannesVl,</strong></span> <span class='ocrx_word' id='word_1_15' title='bbox 1832 687 1983 742; x_wconf 83' lang='lat' dir='ltr'><strong>papa</strong></span> <span class='ocrx_word' id='word_1_16' title='bbox 2013 673 2065 738; x_wconf 81' lang='grc' dir='ltr'><strong>Α</strong></span> <span class='ocrx_word' id='word_1_17' title='bbox 2093 670 2520 742; x_wconf 82' lang='lat' dir='ltr'><strong>possessionem</strong></span> <span class='ocrx_word' id='word_1_18' title='bbox 2549 669 2784 742; x_wconf 85' lang='lat' dir='ltr'><strong>Alpium</strong></span> <span class='ocrx_word' id='word_1_19' title='bbox 2815 669 3158 738; x_wconf 78' lang='lat' dir='ltr'><strong>Cottiarum,</strong></span> <span class='ocrx_word' id='word_1_20' title='bbox 3191 667 3418 725; x_wconf 89' lang='lat' dir='ltr'><strong>dudum</strong></span> <span class='ocrx_word' id='word_1_21' title='bbox 3448 682 3484 724; x_wconf 89' lang='lat' dir='ltr'><strong>a</strong></span> <span class='ocrx_word' id='word_1_22' title='bbox 3511 665 3764 738; x_wconf 54' lang='lat' dir='ltr'><strong>Longo;</strong></span> 
     </span>
    </p>
   </div>
   <div class='ocr_carea' id='block_1_6' title="bbox 351 753 1805 826">
    <p class='ocr_par' dir='ltr' id='par_1_6' title="bbox 351 753 1805 826">
     <span class='ocr_line' id='line_1_6' title="bbox 351 753 1805 826; baseline 0.004 -17"><span class='ocrx_word' id='word_1_23' title='bbox 351 753 672 822; x_wconf 86' lang='lat' dir='ltr'><strong>LXXXVII,</strong></span> <span class='ocrx_word' id='word_1_24' title='bbox 706 757 856 812; x_wconf 88' lang='lat' dir='ltr'><strong>sedit</strong></span> <span class='ocrx_word' id='word_1_25' title='bbox 885 757 1055 814; x_wconf 87' lang='lat' dir='ltr'><strong>annis</strong></span> <span class='ocrx_word' id='word_1_26' title='bbox 1087 777 1169 814; x_wconf 94' lang='grc' dir='ltr'>ιιι.</span> <span class='ocrx_word' id='word_1_27' title='bbox 1194 761 1496 816; x_wconf 78' lang='lat' dir='ltr'><strong>mensibus</strong></span> <span class='ocrx_word' id='word_1_28' title='bbox 1531 779 1586 826; x_wconf 89' lang='grc' dir='ltr'>ιι,</span> <span class='ocrx_word' id='word_1_29' title='bbox 1621 763 1805 816; x_wconf 79' lang='lat' dir='ltr'><strong>Amtst.</strong></span> 
     </span>
    </p>
   </div>
   <div class='ocr_carea' id='block_1_7' title="bbox 415 860 1988 938">
    <p class='ocr_par' dir='ltr' id='par_1_7' title="bbox 415 860 1988 938">
     <span class='ocr_line' id='line_1_7' title="bbox 415 860 1988 938; baseline 0.001 -20"><span class='ocrx_word' id='word_1_30' title='bbox 415 860 526 918; x_wconf 88' lang='grc'><strong>702</strong></span> <span class='ocrx_word' id='word_1_31' title='bbox 557 863 621 917; x_wconf 90' lang='lat' dir='ltr'><strong>In</strong></span> <span class='ocrx_word' id='word_1_32' title='bbox 646 863 828 929; x_wconf 82' lang='lat' dir='ltr'><strong>Italia,</strong></span> <span class='ocrx_word' id='word_1_33' title='bbox 853 863 944 919; x_wconf 86' lang='lat' dir='ltr'><strong>his</strong></span> <span class='ocrx_word' id='word_1_34' title='bbox 967 865 1333 930; x_wconf 87' lang='lat' dir='ltr'><strong>diebus,eum</strong></span> <span class='ocrx_word' id='word_1_35' title='bbox 1359 868 1717 932; x_wconf 85' lang='lat' dir='ltr'><strong>lIaribertus,</strong></span> <span class='ocrx_word' id='word_1_36' title='bbox 1746 866 1988 938; x_wconf 80' lang='lat' dir='ltr'><strong>reliquis</strong></span> 
     </span>
    </p>
   </div>
   <div class='ocr_carea' id='block_1_8' title="bbox 353 949 1988 1026">
    <p class='ocr_par' dir='ltr' id='par_1_8' title="bbox 353 949 1988 1026">
     <span class='ocr_line' id='line_1_8' title="bbox 353 949 1988 1026; baseline 0.004 -22"><span class='ocrx_word' id='word_1_37' title='bbox 353 949 608 1006; x_wconf 88' lang='lat' dir='ltr'><strong>inimicis</strong></span> <span class='ocrx_word' id='word_1_38' title='bbox 636 953 802 1007; x_wconf 88' lang='lat' dir='ltr'><strong>victis</strong></span> <span class='ocrx_word' id='word_1_39' title='bbox 831 958 886 1008; x_wconf 86' lang='lat' dir='ltr'><strong>et</strong></span> <span class='ocrx_word' id='word_1_40' title='bbox 913 955 1190 1020; x_wconf 82' lang='lat' dir='ltr'><strong>subactis,</strong></span> <span class='ocrx_word' id='word_1_41' title='bbox 1223 957 1592 1026; x_wconf 78' lang='lat' dir='ltr'><strong>Asprandum</strong></span> <span class='ocrx_word' id='word_1_42' title='bbox 1618 957 1865 1010; x_wconf 81' lang='lat' dir='ltr'><strong>infestus</strong></span> <span class='ocrx_word' id='word_1_43' title='bbox 1898 971 1988 1009; x_wconf 90' lang='lat' dir='ltr'><strong>se-</strong></span> 
     </span>
    </p>
   </div>
   <div class='ocr_carea' id='block_1_9' title="bbox 357 1039 1989 1114">
    <p class='ocr_par' dir='ltr' id='par_1_9' title="bbox 357 1039 1989 1114">
     <span class='ocr_line' id='line_1_9' title="bbox 357 1039 1989 1114; baseline 0.002 -22"><span class='ocrx_word' id='word_1_44' title='bbox 357 1045 648 1110; x_wconf 78' lang='lat' dir='ltr'><strong>queretur,</strong></span> <span class='ocrx_word' id='word_1_45' title='bbox 667 1039 782 1107; x_wconf 89' lang='lat' dir='ltr'><strong>ille,</strong></span> <span class='ocrx_word' id='word_1_46' title='bbox 803 1041 1025 1096; x_wconf 86' lang='lat' dir='ltr'><strong>viribus</strong></span> <span class='ocrx_word' id='word_1_47' title='bbox 1045 1044 1253 1113; x_wconf 91' lang='lat' dir='ltr'><strong>impar,</strong></span> <span class='ocrx_word' id='word_1_48' title='bbox 1274 1045 1461 1114; x_wconf 86' lang='lat' dir='ltr'><strong>primo</strong></span> <span class='ocrx_word' id='word_1_49' title='bbox 1477 1045 1828 1107; x_wconf 79' lang='lat' dir='ltr'><strong>Ravennam,</strong></span> <span class='ocrx_word' id='word_1_50' title='bbox 1855 1043 1989 1097; x_wconf 89' lang='lat' dir='ltr'><strong>inde</strong></span> 
     </span>
    </p>
   </div>
   <div class='ocr_carea' id='block_1_10' title="bbox 355 1128 1989 1202">
    <p class='ocr_par' dir='ltr' id='par_1_10' title="bbox 355 1128 1989 1202">
     <span class='ocr_line' id='line_1_10' title="bbox 355 1128 1989 1202; baseline 0.002 -19"><span class='ocrx_word' id='word_1_51' title='bbox 355 1129 428 1183; x_wconf 84' lang='lat' dir='ltr'><strong>ad</strong></span> <span class='ocrx_word' id='word_1_52' title='bbox 455 1128 915 1185; x_wconf 89' lang='lat' dir='ltr'><strong>Theodebertum</strong></span> <span class='ocrx_word' id='word_1_53' title='bbox 947 1132 1216 1199; x_wconf 70' lang='lat' dir='ltr'><strong>Bajoariaz</strong></span> <span class='ocrx_word' id='word_1_54' title='bbox 1240 1133 1447 1187; x_wconf 84' lang='lat' dir='ltr'><strong>ducem</strong></span> <span class='ocrx_word' id='word_1_55' title='bbox 1479 1133 1756 1202; x_wconf 76' lang='lat' dir='ltr'><strong>confugit,</strong></span> <span class='ocrx_word' id='word_1_56' title='bbox 1792 1133 1989 1202; x_wconf 83' lang='lat' dir='ltr'><strong>ibique</strong></span> 
     </span>
    </p>
   </div>
   <div class='ocr_carea' id='block_1_11' title="bbox 354 1218 1634 1282">
    <p class='ocr_par' dir='ltr' id='par_1_11' title="bbox 354 1218 1634 1282">
     <span class='ocr_line' id='line_1_11' title="bbox 354 1218 1634 1282; baseline 0.002 -10"><span class='ocrx_word' id='word_1_57' title='bbox 354 1233 413 1272; x_wconf 78' lang='lat' dir='ltr'><strong>IX</strong></span> <span class='ocrx_word' id='word_1_58' title='bbox 443 1218 612 1274; x_wconf 90' lang='lat' dir='ltr'><strong>annis</strong></span> <span class='ocrx_word' id='word_1_59' title='bbox 643 1219 878 1274; x_wconf 85' lang='lat' dir='ltr'><strong>mansit.</strong></span> <span class='ocrx_word' id='word_1_60' title='bbox 915 1221 1073 1274; x_wconf 86' lang='lat' dir='ltr'><strong>Paul.</strong></span> <span class='ocrx_word' id='word_1_61' title='bbox 1108 1221 1258 1274; x_wconf 86' lang='lat' dir='ltr'><strong>Diae.</strong></span> <span class='ocrx_word' id='word_1_62' title='bbox 1295 1223 1332 1275; x_wconf 86' lang='lat' dir='ltr'><strong>t.</strong></span> <span class='ocrx_word' id='word_1_63' title='bbox 1366 1239 1444 1282; x_wconf 74' lang='lat' dir='ltr'><strong>v1,</strong></span> <span class='ocrx_word' id='word_1_64' title='bbox 1468 1238 1512 1275; x_wconf 88' lang='lat' dir='ltr'><strong>e.</strong></span> <span class='ocrx_word' id='word_1_65' title='bbox 1544 1225 1634 1274; x_wconf 83' lang='lat'><strong>22.</strong></span> 
     </span>
    </p>
   </div>
   <div class='ocr_carea' id='block_1_12' title="bbox 420 1324 1990 1398">
    <p class='ocr_par' dir='ltr' id='par_1_12' title="bbox 420 1324 1990 1398">
     <span class='ocr_line' id='line_1_12' title="bbox 420 1324 1990 1398; baseline 0.002 -20"><span class='ocrx_word' id='word_1_66' title='bbox 420 1324 526 1380; x_wconf 88' lang='lat'><strong>703</strong></span> <span class='ocrx_word' id='word_1_67' title='bbox 556 1325 708 1379; x_wconf 84' lang='lat' dir='ltr'><strong>Beda</strong></span> <span class='ocrx_word' id='word_1_68' title='bbox 729 1325 1028 1398; x_wconf 71' lang='lat' dir='ltr'><strong>presbyter</strong></span> <span class='ocrx_word' id='word_1_69' title='bbox 1043 1326 1286 1397; x_wconf 79' lang='lat' dir='ltr'><strong>Anglus,</strong></span> <span class='ocrx_word' id='word_1_70' title='bbox 1314 1326 1400 1381; x_wconf 90' lang='lat' dir='ltr'><strong>vir</strong></span> <span class='ocrx_word' id='word_1_71' title='bbox 1417 1329 1641 1391; x_wconf 85' lang='lat' dir='ltr'><strong>doetus,</strong></span> <span class='ocrx_word' id='word_1_72' title='bbox 1669 1343 1852 1398; x_wconf 77' lang='lat' dir='ltr'><strong>usque</strong></span> <span class='ocrx_word' id='word_1_73' title='bbox 1876 1327 1990 1382; x_wconf 86' lang='lat' dir='ltr'><strong>huc</strong></span> 
     </span>
    </p>
   </div>
   <div class='ocr_carea' id='block_1_13' title="bbox 351 1411 1988 1486">
    <p class='ocr_par' dir='ltr' id='par_1_13' title="bbox 351 1411 1988 1486">
     <span class='ocr_line' id='line_1_13' title="bbox 351 1411 1988 1486; baseline 0.001 -20"><span class='ocrx_word' id='word_1_74' title='bbox 351 1411 638 1467; x_wconf 88' lang='lat' dir='ltr'><strong>Chronica</strong></span> <span class='ocrx_word' id='word_1_75' title='bbox 670 1413 912 1468; x_wconf 89' lang='lat' dir='ltr'><strong>minoris</strong></span> <span class='ocrx_word' id='word_1_76' title='bbox 939 1413 1073 1467; x_wconf 84' lang='lat' dir='ltr'><strong>libri</strong></span> <span class='ocrx_word' id='word_1_77' title='bbox 1106 1415 1184 1468; x_wconf 90' lang='lat' dir='ltr'><strong>De</strong></span> <span class='ocrx_word' id='word_1_78' title='bbox 1205 1415 1590 1485; x_wconf 86' lang='lat' dir='ltr'><strong>Temporibus</strong></span> <span class='ocrx_word' id='word_1_79' title='bbox 1615 1417 1757 1484; x_wconf 71' lang='lat'>(233)</span> <span class='ocrx_word' id='word_1_80' title='bbox 1782 1416 1988 1486; x_wconf 73' lang='lat' dir='ltr'><strong>perdu-</strong></span> 
     </span>
    </p>
   </div>
   <div class='ocr_carea' id='block_1_14' title="bbox 351 1499 1987 1571">
    <p class='ocr_par' dir='ltr' id='par_1_14' title="bbox 351 1499 1987 1571">
     <span class='ocr_line' id='line_1_14' title="bbox 351 1499 1987 1571; baseline 0.001 -16"><span class='ocrx_word' id='word_1_81' title='bbox 351 1499 454 1555; x_wconf 80' lang='lat' dir='ltr'><strong>xit.</strong></span> <span class='ocrx_word' id='word_1_82' title='bbox 497 1531 563 1541; x_wconf 92' lang='lat'>—</span> <span class='ocrx_word' id='word_1_83' title='bbox 596 1503 712 1554; x_wconf 85' lang='lat' dir='ltr'><strong>Hoc</strong></span> <span class='ocrx_word' id='word_1_84' title='bbox 756 1505 1015 1571; x_wconf 89' lang='lat' dir='ltr'><strong>tempore</strong></span> <span class='ocrx_word' id='word_1_85' title='bbox 1065 1518 1195 1556; x_wconf 91' lang='lat' dir='ltr'><strong>cum</strong></span> <span class='ocrx_word' id='word_1_86' title='bbox 1229 1503 1490 1556; x_wconf 74' lang='lat' dir='ltr'><strong>Cisult‘us</strong></span> <span class='ocrx_word' id='word_1_87' title='bbox 1531 1505 1647 1557; x_wconf 81' lang='lat' dir='ltr'><strong>dux</strong></span> <span class='ocrx_word' id='word_1_88' title='bbox 1687 1503 1987 1558; x_wconf 82' lang='lat' dir='ltr'><strong>Beneventi</strong></span> 
     </span>
    </p>
   </div>
   <div class='ocr_carea' id='block_1_15' title="bbox 353 1587 1992 1664">
    <p class='ocr_par' dir='ltr' id='par_1_15' title="bbox 353 1587 1992 1664">
     <span class='ocr_line' id='line_1_15' title="bbox 353 1587 1992 1664; baseline 0.002 -20"><span class='ocrx_word' id='word_1_89' title='bbox 353 1587 738 1659; x_wconf 81' lang='lat' dir='ltr'><strong>Campaniam</strong></span> <span class='ocrx_word' id='word_1_90' title='bbox 777 1593 1032 1644; x_wconf 82' lang='lat' dir='ltr'><strong>vastaret</strong></span> <span class='ocrx_word' id='word_1_91' title='bbox 1061 1594 1118 1644; x_wconf 88' lang='lat' dir='ltr'><strong>et</strong></span> <span class='ocrx_word' id='word_1_92' title='bbox 1160 1591 1414 1664; x_wconf 90' lang='lat' dir='ltr'><strong>captivos</strong></span> <span class='ocrx_word' id='word_1_93' title='bbox 1447 1591 1775 1659; x_wconf 86' lang='lat' dir='ltr'><strong>abduceret,</strong></span> <span class='ocrx_word' id='word_1_94' title='bbox 1825 1593 1992 1664; x_wconf 89' lang='lat' dir='ltr'><strong>eique</strong></span> 
     </span>
    </p>
   </div>
   <div class='ocr_carea' id='block_1_16' title="bbox 353 1675 1990 1752">
    <p class='ocr_par' dir='ltr' id='par_1_16' title="bbox 353 1675 1990 1752">
     <span class='ocr_line' id='line_1_16' title="bbox 353 1675 1990 1752; baseline 0.002 -21"><span class='ocrx_word' id='word_1_95' title='bbox 353 1675 559 1732; x_wconf 90' lang='lat' dir='ltr'><strong>nullus</strong></span> <span class='ocrx_word' id='word_1_96' title='bbox 598 1677 911 1744; x_wconf 83' lang='lat' dir='ltr'><strong>resisteret,</strong></span> <span class='ocrx_word' id='word_1_97' title='bbox 945 1695 976 1732; x_wconf 90' lang='lat' dir='ltr'><strong>a</strong></span> <span class='ocrx_word' id='word_1_98' title='bbox 1005 1678 1227 1734; x_wconf 85' lang='lat' dir='ltr'><strong>Joanne</strong></span> <span class='ocrx_word' id='word_1_99' title='bbox 1253 1697 1400 1751; x_wconf 87' lang='lat' dir='ltr'><strong>papa</strong></span> <span class='ocrx_word' id='word_1_100' title='bbox 1431 1696 1626 1751; x_wconf 87' lang='lat' dir='ltr'><strong>pacem</strong></span> <span class='ocrx_word' id='word_1_101' title='bbox 1660 1680 1990 1752; x_wconf 85' lang='lat' dir='ltr'><strong>postulante</strong></span> 
     </span>
    </p>
   </div>
   <div class='ocr_carea' id='block_1_17' title="bbox 355 1763 1988 1841">
    <p class='ocr_par' dir='ltr' id='par_1_17' title="bbox 355 1763 1988 1841">
     <span class='ocr_line' id='line_1_17' title="bbox 355 1763 1988 1841; baseline 0.001 -21"><span class='ocrx_word' id='word_1_102' title='bbox 355 1763 599 1821; x_wconf 85' lang='lat' dir='ltr'><strong>donaria</strong></span> <span class='ocrx_word' id='word_1_103' title='bbox 633 1765 920 1836; x_wconf 88' lang='lat' dir='ltr'><strong>accipiens</strong></span> <span class='ocrx_word' id='word_1_104' title='bbox 942 1767 1196 1837; x_wconf 88' lang='lat' dir='ltr'><strong>captivos</strong></span> <span class='ocrx_word' id='word_1_105' title='bbox 1213 1769 1803 1841; x_wconf 88' lang='lat' dir='ltr'><strong>reddiditpacemque</strong></span> <span class='ocrx_word' id='word_1_106' title='bbox 1837 1770 1988 1824; x_wconf 85' lang='lat' dir='ltr'><strong>fecit.</strong></span> 
     </span>
    </p>
   </div>
   <div class='ocr_carea' id='block_1_18' title="bbox 360 1854 932 1910">
    <p class='ocr_par' dir='ltr' id='par_1_18' title="bbox 360 1854 932 1910">
     <span class='ocr_line' id='line_1_18' title="bbox 360 1854 932 1910; baseline 0 -2"><span class='ocrx_word' id='word_1_107' title='bbox 360 1854 522 1910; x_wconf 85' lang='lat' dir='ltr'><strong>Paul.</strong></span> <span class='ocrx_word' id='word_1_108' title='bbox 564 1854 723 1909; x_wconf 95' lang='lat' dir='ltr'><strong>Diae.</strong></span> <span class='ocrx_word' id='word_1_109' title='bbox 750 1855 932 1909; x_wconf 83' lang='lat' dir='ltr'><strong>Anast.</strong></span> 
     </span>
    </p>
   </div>
   <div class='ocr_carea' id='block_1_19' title="bbox 423 1959 1992 2031">
    <p class='ocr_par' dir='ltr' id='par_1_19' title="bbox 423 1959 1992 2031">
     <span class='ocr_line' id='line_1_19' title="bbox 423 1959 1992 2031; baseline 0.004 -17"><span class='ocrx_word' id='word_1_110' title='bbox 423 1961 526 2014; x_wconf 64' lang='lat'><strong>705</strong></span> <span class='ocrx_word' id='word_1_111' title='bbox 575 1959 637 2014; x_wconf 90' lang='lat' dir='ltr'><strong>In</strong></span> <span class='ocrx_word' id='word_1_112' title='bbox 687 1959 1006 2028; x_wconf 84' lang='lat' dir='ltr'><strong>Britannia,</strong></span> <span class='ocrx_word' id='word_1_113' title='bbox 1057 1961 1309 2029; x_wconf 88' lang='lat' dir='ltr'><strong>Edilred,</strong></span> <span class='ocrx_word' id='word_1_114' title='bbox 1361 1981 1458 2019; x_wconf 83' lang='lat' dir='ltr'><strong>rex</strong></span> <span class='ocrx_word' id='word_1_115' title='bbox 1498 1963 1868 2031; x_wconf 88' lang='lat' dir='ltr'><strong>Merciorum,</strong></span> <span class='ocrx_word' id='word_1_116' title='bbox 1901 1981 1992 2020; x_wconf 89' lang='lat' dir='ltr'><strong>re-</strong></span> 
     </span>
    </p>
   </div>
   <div class='ocr_carea' id='block_1_20' title="bbox 355 2038 2073 2124">
    <p class='ocr_par' dir='ltr' id='par_1_20' title="bbox 355 2038 2073 2124">
     <span class='ocr_line' id='line_1_20' title="bbox 355 2038 2073 2124; baseline -0.001 -20"><span class='ocrx_word' id='word_1_117' title='bbox 355 2064 532 2120; x_wconf 78' lang='lat' dir='ltr'><strong>gnum</strong></span> <span class='ocrx_word' id='word_1_118' title='bbox 573 2065 744 2103; x_wconf 90' lang='lat' dir='ltr'><strong>suum</strong></span> <span class='ocrx_word' id='word_1_119' title='bbox 785 2049 1074 2105; x_wconf 85' lang='lat' dir='ltr'><strong>Coenredo</strong></span> <span class='ocrx_word' id='word_1_120' title='bbox 1110 2052 1371 2120; x_wconf 85' lang='lat' dir='ltr'><strong>tradidit,</strong></span> <span class='ocrx_word' id='word_1_121' title='bbox 1423 2056 1480 2106; x_wconf 90' lang='lat' dir='ltr'><strong>et</strong></span> <span class='ocrx_word' id='word_1_122' title='bbox 1520 2051 1645 2124; x_wconf 89' lang='lat' dir='ltr'><strong>ipse</strong></span> <span class='ocrx_word' id='word_1_123' title='bbox 1680 2053 1880 2122; x_wconf 68' lang='lat' dir='ltr'><strong>iactus</strong></span> <span class='ocrx_word' id='word_1_124' title='bbox 1909 2058 1995 2108; x_wconf 89' lang='lat' dir='ltr'><strong>est</strong></span> <span class='ocrx_word' id='word_1_125' title='bbox 2028 2038 2073 2103; x_wconf 88' lang='lat' dir='ltr'><strong>B</strong></span> 
     </span>
    </p>
   </div>
   <div class='ocr_carea' id='block_1_21' title="bbox 355 2135 1245 2210">
    <p class='ocr_par' dir='ltr' id='par_1_21' title="bbox 355 2135 1245 2210">
     <span class='ocr_line' id='line_1_21' title="bbox 355 2135 1245 2210; baseline 0.002 -18"><span class='ocrx_word' id='word_1_126' title='bbox 355 2135 696 2193; x_wconf 87' lang='lat' dir='ltr'><strong>monachus.</strong></span> <span class='ocrx_word' id='word_1_127' title='bbox 731 2135 895 2203; x_wconf 81' lang='lat' dir='ltr'><strong>Beda,</strong></span> <span class='ocrx_word' id='word_1_128' title='bbox 929 2137 1054 2193; x_wconf 84' lang='lat' dir='ltr'><strong>hist.</strong></span> <span class='ocrx_word' id='word_1_129' title='bbox 1089 2139 1245 2210; x_wconf 81' lang='lat' dir='ltr'><strong>Angl.</strong></span> 
     </span>
    </p>
   </div>
   <div class='ocr_carea' id='block_1_22' title="bbox 421 2243 1990 2318">
    <p class='ocr_par' dir='ltr' id='par_1_22' title="bbox 421 2243 1990 2318">
     <span class='ocr_line' id='line_1_22' title="bbox 421 2243 1990 2318; baseline 0.002 -20"><span class='ocrx_word' id='word_1_130' title='bbox 421 2243 528 2300; x_wconf 88' lang='grc'><strong>705</strong></span> <span class='ocrx_word' id='word_1_131' title='bbox 555 2243 1074 2316; x_wconf 83' lang='lat' dir='ltr'><strong>Constantinopoli,</strong></span> <span class='ocrx_word' id='word_1_132' title='bbox 1109 2245 1480 2302; x_wconf 86' lang='lat' dir='ltr'><strong>Justinianus</strong></span> <span class='ocrx_word' id='word_1_133' title='bbox 1518 2247 1854 2318; x_wconf 83' lang='lat' dir='ltr'><strong>imperator,</strong></span> <span class='ocrx_word' id='word_1_134' title='bbox 1891 2264 1990 2302; x_wconf 89' lang='lat' dir='ltr'><strong>au-</strong></span> 
     </span>
    </p>
   </div>
   <div class='ocr_carea' id='block_1_23' title="bbox 353 2329 1992 2408">
    <p class='ocr_par' dir='ltr' id='par_1_23' title="bbox 353 2329 1992 2408">
     <span class='ocr_line' id='line_1_23' title="bbox 353 2329 1992 2408; baseline 0.001 -20"><span class='ocrx_word' id='word_1_135' title='bbox 353 2329 492 2388; x_wconf 84' lang='lat' dir='ltr'><strong>xilio</strong></span> <span class='ocrx_word' id='word_1_136' title='bbox 512 2329 758 2387; x_wconf 89' lang='lat' dir='ltr'><strong>Terbelli</strong></span> <span class='ocrx_word' id='word_1_137' title='bbox 780 2333 932 2404; x_wconf 88' lang='lat' dir='ltr'><strong>regis</strong></span> <span class='ocrx_word' id='word_1_138' title='bbox 957 2332 1344 2405; x_wconf 81' lang='lat' dir='ltr'><strong>Vulgarorum</strong></span> <span class='ocrx_word' id='word_1_139' title='bbox 1362 2336 1670 2406; x_wconf 88' lang='lat' dir='ltr'><strong>imperium</strong></span> <span class='ocrx_word' id='word_1_140' title='bbox 1687 2335 1992 2408; x_wconf 84' lang='lat' dir='ltr'><strong>recipiens,</strong></span> 
     </span>
    </p>
   </div>
   <div class='ocr_carea' id='block_1_24' title="bbox 355 2421 1996 2499">
    <p class='ocr_par' dir='ltr' id='par_1_24' title="bbox 355 2421 1996 2499">
     <span class='ocr_line' id='line_1_24' title="bbox 355 2421 1996 2499; baseline 0.002 -22"><span class='ocrx_word' id='word_1_141' title='bbox 355 2421 600 2477; x_wconf 84' lang='lat' dir='ltr'><strong>Leonem</strong></span> <span class='ocrx_word' id='word_1_142' title='bbox 633 2424 690 2476; x_wconf 86' lang='lat' dir='ltr'><strong>et</strong></span> <span class='ocrx_word' id='word_1_143' title='bbox 719 2421 1016 2476; x_wconf 87' lang='lat' dir='ltr'><strong>Tiberium</strong></span> <span class='ocrx_word' id='word_1_144' title='bbox 1053 2423 1282 2494; x_wconf 86' lang='lat' dir='ltr'><strong>imperii</strong></span> <span class='ocrx_word' id='word_1_145' title='bbox 1321 2441 1656 2494; x_wconf 83' lang='lat' dir='ltr'><strong>pervaseres</strong></span> <span class='ocrx_word' id='word_1_146' title='bbox 1699 2442 1833 2480; x_wconf 90' lang='lat' dir='ltr'><strong>cum</strong></span> <span class='ocrx_word' id='word_1_147' title='bbox 1865 2424 1996 2499; x_wconf 75' lang='lat' dir='ltr'><strong>aliis</strong></span> 
     </span>
    </p>
   </div>
   <div class='ocr_carea' id='block_1_25' title="bbox 354 2507 1994 2584">
    <p class='ocr_par' dir='ltr' id='par_1_25' title="bbox 354 2507 1994 2584">
     <span class='ocr_line' id='line_1_25' title="bbox 354 2507 1994 2584; baseline 0.001 -19"><span class='ocrx_word' id='word_1_148' title='bbox 354 2507 558 2565; x_wconf 84' lang='lat' dir='ltr'><strong>multis</strong></span> <span class='ocrx_word' id='word_1_149' title='bbox 571 2509 799 2564; x_wconf 89' lang='lat' dir='ltr'><strong>occidit.</strong></span> <span class='ocrx_word' id='word_1_150' title='bbox 818 2509 1170 2564; x_wconf 89' lang='lat' dir='ltr'><strong>Gallicinum</strong></span> <span class='ocrx_word' id='word_1_151' title='bbox 1193 2511 1590 2584; x_wconf 81' lang='lat' dir='ltr'><strong>[Callinicum]</strong></span> <span class='ocrx_word' id='word_1_152' title='bbox 1607 2511 1994 2584; x_wconf 85' lang='lat' dir='ltr'><strong>patriarcbam</strong></span> 
     </span>
    </p>
   </div>
   <div class='ocr_carea' id='block_1_26' title="bbox 353 2597 1992 2672">
    <p class='ocr_par' dir='ltr' id='par_1_26' title="bbox 353 2597 1992 2672">
     <span class='ocr_line' id='line_1_26' title="bbox 353 2597 1992 2672; baseline 0.001 -18"><span class='ocrx_word' id='word_1_153' title='bbox 353 2601 700 2654; x_wconf 66' lang='lat' dir='ltr'><strong>excaecatum</strong></span> <span class='ocrx_word' id='word_1_154' title='bbox 733 2597 978 2654; x_wconf 85' lang='lat' dir='ltr'><strong>Romam</strong></span> <span class='ocrx_word' id='word_1_155' title='bbox 1006 2599 1185 2666; x_wconf 89' lang='lat' dir='ltr'><strong>misit,</strong></span> <span class='ocrx_word' id='word_1_156' title='bbox 1207 2607 1258 2655; x_wconf 87' lang='lat' dir='ltr'><strong>et</strong></span> <span class='ocrx_word' id='word_1_157' title='bbox 1293 2600 1351 2654; x_wconf 93' lang='lat' dir='ltr'><strong>in</strong></span> <span class='ocrx_word' id='word_1_158' title='bbox 1373 2600 1494 2655; x_wconf 90' lang='lat' dir='ltr'><strong>loco</strong></span> <span class='ocrx_word' id='word_1_159' title='bbox 1517 2604 1642 2670; x_wconf 83' lang='lat' dir='ltr'><strong>ejus</strong></span> <span class='ocrx_word' id='word_1_160' title='bbox 1661 2602 1872 2672; x_wconf 72' lang='lat' dir='ltr'><strong>Cyrum</strong></span> <span class='ocrx_word' id='word_1_161' title='bbox 1894 2602 1992 2656; x_wconf 84' lang='lat' dir='ltr'><strong>ab-</strong></span> 
     </span>
    </p>
   </div>
   <div class='ocr_carea' id='block_1_27' title="bbox 353 2685 1991 2761">
    <p class='ocr_par' dir='ltr' id='par_1_27' title="bbox 353 2685 1991 2761">
     <span class='ocr_line' id='line_1_27' title="bbox 353 2685 1991 2761; baseline 0.001 -18"><span class='ocrx_word' id='word_1_162' title='bbox 353 2687 568 2754; x_wconf 86' lang='lat' dir='ltr'><strong>batem,</strong></span> <span class='ocrx_word' id='word_1_163' title='bbox 601 2685 699 2758; x_wconf 91' lang='lat' dir='ltr'><strong>qui</strong></span> <span class='ocrx_word' id='word_1_164' title='bbox 730 2701 792 2742; x_wconf 86' lang='lat' dir='ltr'><strong>se</strong></span> <span class='ocrx_word' id='word_1_165' title='bbox 826 2687 883 2741; x_wconf 91' lang='lat' dir='ltr'><strong>in</strong></span> <span class='ocrx_word' id='word_1_166' title='bbox 917 2687 1095 2744; x_wconf 89' lang='lat' dir='ltr'><strong>Ponto</strong></span> <span class='ocrx_word' id='word_1_167' title='bbox 1117 2689 1376 2744; x_wconf 76' lang='lat' dir='ltr'><strong>exsulem</strong></span> <span class='ocrx_word' id='word_1_168' title='bbox 1411 2689 1653 2758; x_wconf 86' lang='lat' dir='ltr'><strong>aluerat,</strong></span> <span class='ocrx_word' id='word_1_169' title='bbox 1689 2690 1991 2761; x_wconf 85' lang='lat' dir='ltr'><strong>promovit.</strong></span> 
     </span>
    </p>
   </div>
   <div class='ocr_carea' id='block_1_28' title="bbox 353 2775 1994 2850">
    <p class='ocr_par' dir='ltr' id='par_1_28' title="bbox 353 2775 1994 2850">
     <span class='ocr_line' id='line_1_28' title="bbox 353 2775 1994 2850; baseline 0.001 -19"><span class='ocrx_word' id='word_1_170' title='bbox 353 2775 434 2831; x_wconf 92' lang='lat' dir='ltr'><strong>De</strong></span> <span class='ocrx_word' id='word_1_171' title='bbox 465 2775 570 2832; x_wconf 88' lang='lat' dir='ltr'><strong>hoc</strong></span> <span class='ocrx_word' id='word_1_172' title='bbox 603 2775 952 2846; x_wconf 88' lang='lat' dir='ltr'><strong>imperatore</strong></span> <span class='ocrx_word' id='word_1_173' title='bbox 993 2775 1176 2833; x_wconf 81' lang='lat' dir='ltr'><strong>fertur</strong></span> <span class='ocrx_word' id='word_1_174' title='bbox 1205 2777 1358 2850; x_wconf 87' lang='lat' dir='ltr'><strong>quod</strong></span> <span class='ocrx_word' id='word_1_175' title='bbox 1401 2784 1630 2849; x_wconf 73' lang='lat' dir='ltr'><strong>quoties</strong></span> <span class='ocrx_word' id='word_1_176' title='bbox 1671 2779 1742 2833; x_wconf 90' lang='lat' dir='ltr'><strong>de</strong></span> <span class='ocrx_word' id='word_1_177' title='bbox 1772 2777 1994 2833; x_wconf 88' lang='lat' dir='ltr'><strong>truncis</strong></span> 
     </span>
    </p>
   </div>
   <div class='ocr_carea' id='block_1_29' title="bbox 356 2863 1994 2938">
    <p class='ocr_par' dir='ltr' id='par_1_29' title="bbox 356 2863 1994 2938">
     <span class='ocr_line' id='line_1_29' title="bbox 356 2863 1994 2938; baseline 0.002 -20"><span class='ocrx_word' id='word_1_178' title='bbox 356 2864 596 2920; x_wconf 88' lang='lat' dir='ltr'><strong>naribus</strong></span> <span class='ocrx_word' id='word_1_179' title='bbox 619 2863 966 2935; x_wconf 81' lang='lat' dir='ltr'><strong>proﬂuvium</strong></span> <span class='ocrx_word' id='word_1_180' title='bbox 1001 2867 1251 2934; x_wconf 85' lang='lat' dir='ltr'><strong>terserit,</strong></span> <span class='ocrx_word' id='word_1_181' title='bbox 1273 2883 1416 2938; x_wconf 90' lang='lat' dir='ltr'><strong>pene</strong></span> <span class='ocrx_word' id='word_1_182' title='bbox 1451 2866 1618 2921; x_wconf 88' lang='lat' dir='ltr'><strong>toties</strong></span> <span class='ocrx_word' id='word_1_183' title='bbox 1641 2865 1893 2937; x_wconf 88' lang='lat' dir='ltr'><strong>aliquem</strong></span> <span class='ocrx_word' id='word_1_184' title='bbox 1925 2867 1994 2922; x_wconf 93' lang='lat' dir='ltr'><strong>de</strong></span> 
     </span>
    </p>
   </div>
   <div class='ocr_carea' id='block_1_30' title="bbox 359 2949 1992 3024">
    <p class='ocr_par' dir='ltr' id='par_1_30' title="bbox 359 2949 1992 3024">
     <span class='ocr_line' id='line_1_30' title="bbox 359 2949 1992 3024; baseline 0.004 -19"><span class='ocrx_word' id='word_1_185' title='bbox 359 2949 616 3007; x_wconf 88' lang='lat' dir='ltr'><strong>inimicis</strong></span> <span class='ocrx_word' id='word_1_186' title='bbox 648 2951 772 3006; x_wconf 88' lang='lat' dir='ltr'><strong>suis</strong></span> <span class='ocrx_word' id='word_1_187' title='bbox 794 2953 1002 3023; x_wconf 91' lang='lat' dir='ltr'><strong>perimi</strong></span> <span class='ocrx_word' id='word_1_188' title='bbox 1027 2955 1292 3024; x_wconf 88' lang='lat' dir='ltr'><strong>jusserit.</strong></span> <span class='ocrx_word' id='word_1_189' title='bbox 1319 2955 1478 3010; x_wconf 85' lang='lat' dir='ltr'><strong>Paul.</strong></span> <span class='ocrx_word' id='word_1_190' title='bbox 1505 2956 1652 3009; x_wconf 87' lang='lat' dir='ltr'><strong>Diae.</strong></span> <span class='ocrx_word' id='word_1_191' title='bbox 1677 2986 1745 2995; x_wconf 93' lang='lat'><strong><em>—</em></strong></span> <span class='ocrx_word' id='word_1_192' title='bbox 1778 2956 1992 3022; x_wconf 64' lang='lat' dir='ltr'><strong>Romae,</strong></span> 
     </span>
    </p>
   </div>
   <div class='ocr_carea' id='block_1_31' title="bbox 356 3039 1999 3116">
    <p class='ocr_par' dir='ltr' id='par_1_31' title="bbox 356 3039 1999 3116">
     <span class='ocr_line' id='line_1_31' title="bbox 356 3039 1999 3116; baseline 0.002 -22"><span class='ocrx_word' id='word_1_193' title='bbox 356 3039 614 3096; x_wconf 86' lang='lat' dir='ltr'><strong>Joannes</strong></span> <span class='ocrx_word' id='word_1_194' title='bbox 634 3046 758 3112; x_wconf 85' lang='lat' dir='ltr'><strong>VII,</strong></span> <span class='ocrx_word' id='word_1_195' title='bbox 793 3059 942 3116; x_wconf 82' lang='lat' dir='ltr'><strong>papa</strong></span> <span class='ocrx_word' id='word_1_196' title='bbox 966 3043 1301 3108; x_wconf 77' lang='lat' dir='ltr'><strong>LXXXVIII,</strong></span> <span class='ocrx_word' id='word_1_197' title='bbox 1330 3043 1480 3098; x_wconf 82' lang='lat' dir='ltr'><strong>sedit</strong></span> <span class='ocrx_word' id='word_1_198' title='bbox 1504 3044 1673 3098; x_wconf 89' lang='lat' dir='ltr'><strong>annis</strong></span> <span class='ocrx_word' id='word_1_199' title='bbox 1693 3061 1756 3110; x_wconf 89' lang='grc' dir='ltr'>ιι,</span> <span class='ocrx_word' id='word_1_200' title='bbox 1790 3045 1999 3099; x_wconf 84' lang='lat' dir='ltr'><strong>mensi-</strong></span> 
     </span>
    </p>
   </div>
   <div class='ocr_carea' id='block_1_32' title="bbox 356 3127 1996 3203">
    <p class='ocr_par' dir='ltr' id='par_1_32' title="bbox 356 3127 1996 3203">
     <span class='ocr_line' id='line_1_32' title="bbox 356 3127 1996 3203; baseline 0.004 -21"><span class='ocrx_word' id='word_1_201' title='bbox 356 3127 472 3184; x_wconf 88' lang='lat' dir='ltr'><strong>bus</strong></span> <span class='ocrx_word' id='word_1_202' title='bbox 501 3129 616 3187; x_wconf 81' lang='lat' dir='ltr'><strong>fere</strong></span> <span class='ocrx_word' id='word_1_203' title='bbox 647 3150 763 3203; x_wconf 85' lang='lat' dir='ltr'><strong>vm,</strong></span> <span class='ocrx_word' id='word_1_204' title='bbox 788 3135 874 3190; x_wconf 89' lang='lat' dir='ltr'><strong>vir</strong></span> <span class='ocrx_word' id='word_1_205' title='bbox 895 3133 1180 3188; x_wconf 82' lang='lat' dir='ltr'><strong>facundus</strong></span> <span class='ocrx_word' id='word_1_206' title='bbox 1211 3137 1265 3186; x_wconf 92' lang='lat' dir='ltr'><strong>et</strong></span> <span class='ocrx_word' id='word_1_207' title='bbox 1295 3131 1579 3186; x_wconf 85' lang='lat' dir='ltr'><strong>eruditus.</strong></span> <span class='ocrx_word' id='word_1_208' title='bbox 1611 3133 1802 3186; x_wconf 82' lang='lat' dir='ltr'><strong>Anusl.</strong></span> <span class='ocrx_word' id='word_1_209' title='bbox 1835 3163 1902 3173; x_wconf 91' lang='lat'><strong>-—</strong></span> <span class='ocrx_word' id='word_1_210' title='bbox 1935 3133 1996 3189; x_wconf 88' lang='lat' dir='ltr'><strong>In</strong></span> 
     </span>
    </p>
   </div>
   <div class='ocr_carea' id='block_1_33' title="bbox 357 3215 1996 3293">
    <p class='ocr_par' dir='ltr' id='par_1_33' title="bbox 357 3215 1996 3293">
     <span class='ocr_line' id='line_1_33' title="bbox 357 3215 1996 3293; baseline 0.004 -21"><span class='ocrx_word' id='word_1_211' title='bbox 357 3215 676 3290; x_wconf 86' lang='lat' dir='ltr'><strong>Britannia,</strong></span> <span class='ocrx_word' id='word_1_212' title='bbox 693 3223 998 3278; x_wconf 74' lang='lat' dir='ltr'><strong>Aldfridus</strong></span> <span class='ocrx_word' id='word_1_213' title='bbox 1025 3238 1118 3276; x_wconf 87' lang='lat' dir='ltr'><strong>rex</strong></span> <span class='ocrx_word' id='word_1_214' title='bbox 1135 3221 1734 3288; x_wconf 82' lang='lat' dir='ltr'><strong>Nordanumbrorum,</strong></span> <span class='ocrx_word' id='word_1_215' title='bbox 1757 3221 1844 3276; x_wconf 88' lang='lat' dir='ltr'><strong>vir</strong></span> <span class='ocrx_word' id='word_1_216' title='bbox 1867 3223 1996 3293; x_wconf 89' lang='lat' dir='ltr'><strong>pius</strong></span> 
     </span>
    </p>
   </div>
   <div class='ocr_carea' id='block_1_34' title="bbox 354 3307 1994 3380">
    <p class='ocr_par' dir='ltr' id='par_1_34' title="bbox 354 3307 1994 3380">
     <span class='ocr_line' id='line_1_34' title="bbox 354 3307 1994 3380; baseline 0.004 -20"><span class='ocrx_word' id='word_1_217' title='bbox 354 3307 412 3361; x_wconf 86' lang='lat' dir='ltr'><strong>et</strong></span> <span class='ocrx_word' id='word_1_218' title='bbox 430 3309 708 3380; x_wconf 86' lang='lat' dir='ltr'><strong>prudens,</strong></span> <span class='ocrx_word' id='word_1_219' title='bbox 741 3311 906 3375; x_wconf 87' lang='lat' dir='ltr'><strong>obiit,</strong></span> <span class='ocrx_word' id='word_1_220' title='bbox 931 3316 987 3366; x_wconf 91' lang='lat' dir='ltr'><strong>et</strong></span> <span class='ocrx_word' id='word_1_221' title='bbox 1013 3326 1114 3380; x_wconf 88' lang='lat' dir='ltr'><strong>pro</strong></span> <span class='ocrx_word' id='word_1_222' title='bbox 1131 3325 1194 3364; x_wconf 89' lang='lat' dir='ltr'><strong>eo</strong></span> <span class='ocrx_word' id='word_1_223' title='bbox 1217 3309 1368 3364; x_wconf 90' lang='lat' dir='ltr'><strong>ﬁlius</strong></span> <span class='ocrx_word' id='word_1_224' title='bbox 1399 3310 1525 3378; x_wconf 86' lang='lat' dir='ltr'><strong>ejus</strong></span> <span class='ocrx_word' id='word_1_225' title='bbox 1549 3309 1802 3366; x_wconf 78' lang='lat' dir='ltr'><strong>Osredus</strong></span> <span class='ocrx_word' id='word_1_226' title='bbox 1827 3312 1994 3367; x_wconf 86' lang='lat' dir='ltr'><strong>annis</strong></span> 
     </span>
    </p>
   </div>
   <div class='ocr_carea' id='block_1_35' title="bbox 2097 755 3759 832">
    <p class='ocr_par' dir='ltr' id='par_1_35' title="bbox 2097 755 3759 832">
     <span class='ocr_line' id='line_1_35' title="bbox 2097 755 3759 832; baseline -0.002 -18"><span class='ocrx_word' id='word_1_227' title='bbox 2097 759 2294 815; x_wconf 90' lang='lat' dir='ltr'><strong>bardis</strong></span> <span class='ocrx_word' id='word_1_228' title='bbox 2351 766 2579 832; x_wconf 90' lang='lat' dir='ltr'><strong>captam</strong></span> <span class='ocrx_word' id='word_1_229' title='bbox 2626 765 2801 830; x_wconf 90' lang='lat' dir='ltr'><strong>atque</strong></span> <span class='ocrx_word' id='word_1_230' title='bbox 2840 759 3158 825; x_wconf 90' lang='lat' dir='ltr'><strong>detentam,</strong></span> <span class='ocrx_word' id='word_1_231' title='bbox 3212 775 3314 830; x_wconf 89' lang='lat' dir='ltr'><strong>per</strong></span> <span class='ocrx_word' id='word_1_232' title='bbox 3371 755 3759 829; x_wconf 83' lang='lat' dir='ltr'><strong>privilegium</strong></span> 
     </span>
    </p>
   </div>
   <div class='ocr_carea' id='block_1_36' title="bbox 2096 846 3756 920">
    <p class='ocr_par' dir='ltr' id='par_1_36' title="bbox 2096 846 3756 920">
     <span class='ocr_line' id='line_1_36' title="bbox 2096 846 3756 920; baseline -0.003 -18"><span class='ocrx_word' id='word_1_233' title='bbox 2096 847 2288 903; x_wconf 91' lang='lat' dir='ltr'><strong>aureis</strong></span> <span class='ocrx_word' id='word_1_234' title='bbox 2335 847 2542 902; x_wconf 84' lang='lat' dir='ltr'><strong>litteris</strong></span> <span class='ocrx_word' id='word_1_235' title='bbox 2591 848 2874 920; x_wconf 87' lang='lat' dir='ltr'><strong>scriptum</strong></span> <span class='ocrx_word' id='word_1_236' title='bbox 2923 852 3125 904; x_wconf 88' lang='lat' dir='ltr'><strong>sancto</strong></span> <span class='ocrx_word' id='word_1_237' title='bbox 3185 851 3356 902; x_wconf 88' lang='lat' dir='ltr'><strong>Petro</strong></span> <span class='ocrx_word' id='word_1_238' title='bbox 3413 846 3756 918; x_wconf 83' lang='lat' dir='ltr'><strong>Joanniqus</strong></span> 
     </span>
    </p>
   </div>
   <div class='ocr_carea' id='block_1_37' title="bbox 2104 931 2932 1006">
    <p class='ocr_par' dir='ltr' id='par_1_37' title="bbox 2104 931 2932 1006">
     <span class='ocr_line' id='line_1_37' title="bbox 2104 931 2932 1006; baseline 0 -16"><span class='ocrx_word' id='word_1_239' title='bbox 2104 931 2264 1006; x_wconf 69' lang='lat' dir='ltr'><strong>papze</strong></span> <span class='ocrx_word' id='word_1_240' title='bbox 2297 937 2570 990; x_wconf 85' lang='lat' dir='ltr'><strong>reddidit.</strong></span> <span class='ocrx_word' id='word_1_241' title='bbox 2598 937 2754 990; x_wconf 89' lang='lat' dir='ltr'><strong>Paul.</strong></span> <span class='ocrx_word' id='word_1_242' title='bbox 2780 937 2932 990; x_wconf 84' lang='lat' dir='ltr'><strong>Diae.</strong></span> 
     </span>
    </p>
   </div>
   <div class='ocr_carea' id='block_1_38' title="bbox 2164 1022 3755 1096">
    <p class='ocr_par' dir='ltr' id='par_1_38' title="bbox 2164 1022 3755 1096">
     <span class='ocr_line' id='line_1_38' title="bbox 2164 1022 3755 1096; baseline 0.001 -19"><span class='ocrx_word' id='word_1_243' title='bbox 2164 1025 2272 1078; x_wconf 76' lang='lat'><strong>708</strong></span> <span class='ocrx_word' id='word_1_244' title='bbox 2313 1024 2524 1089; x_wconf 67' lang='lat' dir='ltr'><strong>Romae,</strong></span> <span class='ocrx_word' id='word_1_245' title='bbox 2577 1025 2871 1080; x_wconf 87' lang='lat' dir='ltr'><strong>Sisinnius</strong></span> <span class='ocrx_word' id='word_1_246' title='bbox 2907 1041 3056 1096; x_wconf 83' lang='lat' dir='ltr'><strong>papa</strong></span> <span class='ocrx_word' id='word_1_247' title='bbox 3103 1023 3371 1080; x_wconf 82' lang='lat' dir='ltr'><strong>LXXXIX</strong></span> <span class='ocrx_word' id='word_1_248' title='bbox 3414 1022 3755 1086; x_wconf 86' lang='lat' dir='ltr'><strong>ordinatus,</strong></span> 
     </span>
    </p>
   </div>
   <div class='ocr_carea' id='block_1_39' title="bbox 2099 1109 3758 1184">
    <p class='ocr_par' dir='ltr' id='par_1_39' title="bbox 2099 1109 3758 1184">
     <span class='ocr_line' id='line_1_39' title="bbox 2099 1109 3758 1184; baseline -0.002 -18"><span class='ocrx_word' id='word_1_249' title='bbox 2099 1113 2532 1183; x_wconf 88' lang='lat' dir='ltr'><strong>ingravescente</strong></span> <span class='ocrx_word' id='word_1_250' title='bbox 2565 1112 2839 1184; x_wconf 85' lang='lat' dir='ltr'><strong>podagra,</strong></span> <span class='ocrx_word' id='word_1_251' title='bbox 2874 1131 2946 1168; x_wconf 86' lang='lat' dir='ltr'><strong>xx</strong></span> <span class='ocrx_word' id='word_1_252' title='bbox 2978 1117 3207 1168; x_wconf 88' lang='lat' dir='ltr'><strong>tantum</strong></span> <span class='ocrx_word' id='word_1_253' title='bbox 3241 1113 3451 1169; x_wconf 88' lang='lat' dir='ltr'><strong>diebus</strong></span> <span class='ocrx_word' id='word_1_254' title='bbox 3477 1109 3758 1182; x_wconf 88' lang='lat' dir='ltr'><strong>supervi-</strong></span> 
     </span>
    </p>
   </div>
   <div class='ocr_carea' id='block_1_40' title="bbox 2096 1199 3761 1274">
    <p class='ocr_par' dir='ltr' id='par_1_40' title="bbox 2096 1199 3761 1274">
     <span class='ocr_line' id='line_1_40' title="bbox 2096 1199 3761 1274; baseline -0.002 -19"><span class='ocrx_word' id='word_1_255' title='bbox 2096 1200 2206 1268; x_wconf 89' lang='lat' dir='ltr'><strong>xit;</strong></span> <span class='ocrx_word' id='word_1_256' title='bbox 2231 1207 2362 1271; x_wconf 88' lang='lat' dir='ltr'><strong>post</strong></span> <span class='ocrx_word' id='word_1_257' title='bbox 2391 1217 2564 1272; x_wconf 85' lang='lat' dir='ltr'><strong>quem</strong></span> <span class='ocrx_word' id='word_1_258' title='bbox 2588 1202 3006 1257; x_wconf 84' lang='lat' dir='ltr'><strong>Constantinus</strong></span> <span class='ocrx_word' id='word_1_259' title='bbox 3025 1218 3174 1274; x_wconf 89' lang='lat' dir='ltr'><strong>papa</strong></span> <span class='ocrx_word' id='word_1_260' title='bbox 3203 1201 3292 1257; x_wconf 88' lang='lat' dir='ltr'><strong>XC</strong></span> <span class='ocrx_word' id='word_1_261' title='bbox 3321 1203 3562 1257; x_wconf 72' lang='lat' dir='ltr'><strong>etfeetus</strong></span> <span class='ocrx_word' id='word_1_262' title='bbox 3590 1199 3761 1254; x_wconf 88' lang='lat' dir='ltr'><strong>sedit</strong></span> 
     </span>
    </p>
   </div>
   <div class='ocr_carea' id='block_1_41' title="bbox 2095 1288 3760 1362">
    <p class='ocr_par' dir='ltr' id='par_1_41' title="bbox 2095 1288 3760 1362">
     <span class='ocr_line' id='line_1_41' title="bbox 2095 1288 3760 1362; baseline -0.001 -18"><span class='ocrx_word' id='word_1_263' title='bbox 2095 1289 2267 1344; x_wconf 90' lang='lat' dir='ltr'><strong>annis</strong></span> <span class='ocrx_word' id='word_1_264' title='bbox 2297 1307 2396 1356; x_wconf 84' lang='lat' dir='ltr'><strong>vn,</strong></span> <span class='ocrx_word' id='word_1_265' title='bbox 2429 1289 2636 1344; x_wconf 85' lang='lat' dir='ltr'><strong>diebus</strong></span> <span class='ocrx_word' id='word_1_266' title='bbox 2665 1307 2758 1356; x_wconf 87' lang='lat' dir='ltr'><strong>xv,</strong></span> <span class='ocrx_word' id='word_1_267' title='bbox 2781 1291 2869 1344; x_wconf 89' lang='lat' dir='ltr'><strong>vir</strong></span> <span class='ocrx_word' id='word_1_268' title='bbox 2889 1288 3054 1346; x_wconf 87' lang='lat' dir='ltr'><strong>valde</strong></span> <span class='ocrx_word' id='word_1_269' title='bbox 3087 1289 3245 1344; x_wconf 91' lang='lat' dir='ltr'><strong>mitis</strong></span> <span class='ocrx_word' id='word_1_270' title='bbox 3267 1294 3323 1346; x_wconf 90' lang='lat' dir='ltr'><strong>et</strong></span> <span class='ocrx_word' id='word_1_271' title='bbox 3353 1289 3504 1362; x_wconf 87' lang='lat' dir='ltr'><strong>pius,</strong></span> <span class='ocrx_word' id='word_1_272' title='bbox 3532 1292 3590 1343; x_wconf 87' lang='lat' dir='ltr'><strong>et</strong></span> <span class='ocrx_word' id='word_1_273' title='bbox 3610 1304 3760 1343; x_wconf 85' lang='lat' dir='ltr'><strong>om-</strong></span> 
     </span>
    </p>
   </div>
   <div class='ocr_carea' id='block_1_42' title="bbox 2100 1377 3760 1433">
    <p class='ocr_par' dir='ltr' id='par_1_42' title="bbox 2100 1377 3760 1433">
     <span class='ocr_line' id='line_1_42' title="bbox 2100 1377 3760 1433; baseline 0 -1"><span class='ocrx_word' id='word_1_274' title='bbox 2100 1377 2274 1433; x_wconf 90' lang='lat' dir='ltr'><strong>nibus</strong></span> <span class='ocrx_word' id='word_1_275' title='bbox 2323 1377 2490 1433; x_wconf 88' lang='lat' dir='ltr'><strong>bonis</strong></span> <span class='ocrx_word' id='word_1_276' title='bbox 2523 1378 2733 1433; x_wconf 85' lang='lat' dir='ltr'><strong>studiis</strong></span> <span class='ocrx_word' id='word_1_277' title='bbox 2773 1380 3034 1433; x_wconf 86' lang='lat' dir='ltr'><strong>intentus</strong></span> <span class='ocrx_word' id='word_1_278' title='bbox 3073 1384 3131 1433; x_wconf 88' lang='lat' dir='ltr'><strong>et</strong></span> <span class='ocrx_word' id='word_1_279' title='bbox 3160 1378 3408 1433; x_wconf 88' lang='lat' dir='ltr'><strong>stabilis.</strong></span> <span class='ocrx_word' id='word_1_280' title='bbox 3452 1379 3647 1433; x_wconf 83' lang='lat' dir='ltr'><strong>Anast.</strong></span> <span class='ocrx_word' id='word_1_281' title='bbox 3687 1407 3760 1416; x_wconf 96' lang='lat'><strong>—</strong></span> 
     </span>
    </p>
   </div>
   <div class='ocr_carea' id='block_1_43' title="bbox 2099 1465 3763 1539">
    <p class='ocr_par' dir='ltr' id='par_1_43' title="bbox 2099 1465 3763 1539">
     <span class='ocr_line' id='line_1_43' title="bbox 2099 1465 3763 1539; baseline -0.001 -17"><span class='ocrx_word' id='word_1_282' title='bbox 2099 1465 2442 1522; x_wconf 85' lang='lat' dir='ltr'><strong>Aldhelmus</strong></span> <span class='ocrx_word' id='word_1_283' title='bbox 2473 1467 2801 1539; x_wconf 81' lang='lat' dir='ltr'><strong>episcopus.</strong></span> <span class='ocrx_word' id='word_1_284' title='bbox 2824 1467 2912 1522; x_wconf 88' lang='lat' dir='ltr'><strong>vir</strong></span> <span class='ocrx_word' id='word_1_285' title='bbox 2933 1468 3140 1522; x_wconf 90' lang='lat' dir='ltr'><strong>doctus</strong></span> <span class='ocrx_word' id='word_1_286' title='bbox 3161 1474 3219 1522; x_wconf 91' lang='lat' dir='ltr'><strong>et</strong></span> <span class='ocrx_word' id='word_1_287' title='bbox 3245 1466 3547 1538; x_wconf 87' lang='lat' dir='ltr'><strong>eloquens,</strong></span> <span class='ocrx_word' id='word_1_288' title='bbox 3575 1481 3763 1536; x_wconf 81' lang='lat' dir='ltr'><strong>prosa</strong></span> 
     </span>
    </p>
   </div>
   <div class='ocr_carea' id='block_1_44' title="bbox 2101 1555 3762 1627">
    <p class='ocr_par' dir='ltr' id='par_1_44' title="bbox 2101 1555 3762 1627">
     <span class='ocr_line' id='line_1_44' title="bbox 2101 1555 3762 1627; baseline -0.001 -17"><span class='ocrx_word' id='word_1_289' title='bbox 2101 1560 2401 1627; x_wconf 90' lang='lat' dir='ltr'><strong>metroque</strong></span> <span class='ocrx_word' id='word_1_290' title='bbox 2432 1557 2675 1620; x_wconf 85' lang='lat' dir='ltr'><strong>facetus,</strong></span> <span class='ocrx_word' id='word_1_291' title='bbox 2707 1556 2872 1610; x_wconf 89' lang='lat' dir='ltr'><strong>obiit.</strong></span> <span class='ocrx_word' id='word_1_292' title='bbox 2906 1557 3114 1620; x_wconf 81' lang='lat' dir='ltr'><strong>Mabill,</strong></span> <span class='ocrx_word' id='word_1_293' title='bbox 3137 1571 3264 1613; x_wconf 70' lang='lat' dir='ltr'><strong>stre.</strong></span> <span class='ocrx_word' id='word_1_294' title='bbox 3283 1573 3370 1622; x_wconf 75' lang='grc' dir='ltr'>ιιι,</span> <span class='ocrx_word' id='word_1_295' title='bbox 3397 1555 3599 1614; x_wconf 82' lang='lat' dir='ltr'><strong>Bened.</strong></span> <span class='ocrx_word' id='word_1_296' title='bbox 3627 1572 3689 1626; x_wconf 88' lang='lat' dir='ltr'><strong>p.</strong></span> <span class='ocrx_word' id='word_1_297' title='bbox 3717 1571 3762 1617; x_wconf 88' lang='grc' dir='ltr'>ι,</span> 
     </span>
    </p>
   </div>
   <div class='ocr_carea' id='block_1_45' title="bbox 2101 1643 2641 1700">
    <p class='ocr_par' dir='ltr' id='par_1_45' title="bbox 2101 1643 2641 1700">
     <span class='ocr_line' id='line_1_45' title="bbox 2101 1643 2641 1700; baseline 0.004 -2"><span class='ocrx_word' id='word_1_298' title='bbox 2101 1643 2359 1700; x_wconf 81' lang='lat' dir='ltr'><strong>Bollund.</strong></span> <span class='ocrx_word' id='word_1_299' title='bbox 2393 1647 2464 1699; x_wconf 78' lang='lat'>25</span> <span class='ocrx_word' id='word_1_300' title='bbox 2491 1645 2641 1700; x_wconf 76' lang='lat' dir='ltr'><strong>Maii.</strong></span> 
     </span>
    </p>
   </div>
   <div class='ocr_carea' id='block_1_46' title="bbox 2169 1730 3768 1800">
    <p class='ocr_par' dir='ltr' id='par_1_46' title="bbox 2169 1730 3768 1800">
     <span class='ocr_line' id='line_1_46' title="bbox 2169 1730 3768 1800; baseline 0 -14"><span class='ocrx_word' id='word_1_301' title='bbox 2169 1734 2275 1786; x_wconf 79' lang='grc'><strong>700</strong></span> <span class='ocrx_word' id='word_1_302' title='bbox 2315 1735 2666 1796; x_wconf 77' lang='lat' dir='ltr'><strong>Coenredus,</strong></span> <span class='ocrx_word' id='word_1_303' title='bbox 2719 1750 2816 1788; x_wconf 81' lang='lat' dir='ltr'><strong>rex</strong></span> <span class='ocrx_word' id='word_1_304' title='bbox 2863 1733 3230 1800; x_wconf 83' lang='lat' dir='ltr'><strong>Merciorum,</strong></span> <span class='ocrx_word' id='word_1_305' title='bbox 3279 1738 3338 1788; x_wconf 90' lang='lat' dir='ltr'><strong>et</strong></span> <span class='ocrx_word' id='word_1_306' title='bbox 3366 1748 3502 1788; x_wconf 91' lang='lat' dir='ltr'><strong>cum</strong></span> <span class='ocrx_word' id='word_1_307' title='bbox 3525 1747 3594 1787; x_wconf 86' lang='lat' dir='ltr'><strong>eo</strong></span> <span class='ocrx_word' id='word_1_308' title='bbox 3627 1730 3768 1787; x_wconf 73' lang='lat' dir='ltr'><strong>Offa</strong></span> 
     </span>
    </p>
   </div>
   <div class='ocr_carea' id='block_1_47' title="bbox 2103 1819 3766 1894">
    <p class='ocr_par' dir='ltr' id='par_1_47' title="bbox 2103 1819 3766 1894">
     <span class='ocr_line' id='line_1_47' title="bbox 2103 1819 3766 1894; baseline 0 -18"><span class='ocrx_word' id='word_1_309' title='bbox 2103 1819 2298 1893; x_wconf 89' lang='lat' dir='ltr'><strong>regius</strong></span> <span class='ocrx_word' id='word_1_310' title='bbox 2323 1823 2580 1891; x_wconf 86' lang='lat' dir='ltr'><strong>juvenis,</strong></span> <span class='ocrx_word' id='word_1_311' title='bbox 2614 1821 2773 1876; x_wconf 89' lang='lat' dir='ltr'><strong>ﬁlius</strong></span> <span class='ocrx_word' id='word_1_312' title='bbox 2809 1821 3058 1894; x_wconf 88' lang='lat' dir='ltr'><strong>Sigiberi</strong></span> <span class='ocrx_word' id='word_1_313' title='bbox 3091 1819 3266 1893; x_wconf 88' lang='lat' dir='ltr'><strong>regis,</strong></span> <span class='ocrx_word' id='word_1_314' title='bbox 3299 1819 3517 1875; x_wconf 86' lang='lat' dir='ltr'><strong>relictis</strong></span> <span class='ocrx_word' id='word_1_315' title='bbox 3550 1819 3766 1892; x_wconf 83' lang='lat' dir='ltr'><strong>regnis</strong></span> 
     </span>
    </p>
   </div>
   <div class='ocr_carea' id='block_1_48' title="bbox 2104 1908 3764 1981">
    <p class='ocr_par' dir='ltr' id='par_1_48' title="bbox 2104 1908 3764 1981">
     <span class='ocr_line' id='line_1_48' title="bbox 2104 1908 3764 1981; baseline 0 -17"><span class='ocrx_word' id='word_1_316' title='bbox 2104 1909 2348 1964; x_wconf 80' lang='lat' dir='ltr'><strong>Romam</strong></span> <span class='ocrx_word' id='word_1_317' title='bbox 2381 1910 2644 1973; x_wconf 88' lang='lat' dir='ltr'><strong>veniunt,</strong></span> <span class='ocrx_word' id='word_1_318' title='bbox 2680 1909 2878 1981; x_wconf 91' lang='lat' dir='ltr'><strong>ibique</strong></span> <span class='ocrx_word' id='word_1_319' title='bbox 2909 1909 3177 1964; x_wconf 88' lang='lat' dir='ltr'><strong>monachi</strong></span> <span class='ocrx_word' id='word_1_320' title='bbox 3219 1908 3407 1964; x_wconf 81' lang='lat' dir='ltr'><strong>etlecti</strong></span> <span class='ocrx_word' id='word_1_321' title='bbox 3440 1908 3764 1965; x_wconf 87' lang='lat' dir='ltr'><strong>mortalem</strong></span> 
     </span>
    </p>
   </div>
   <div class='ocr_carea' id='block_1_49' title="bbox 2105 1995 3767 2069">
    <p class='ocr_par' dir='ltr' id='par_1_49' title="bbox 2105 1995 3767 2069">
     <span class='ocr_line' id='line_1_49' title="bbox 2105 1995 3767 2069; baseline 0 -17"><span class='ocrx_word' id='word_1_322' title='bbox 2105 2015 2219 2054; x_wconf 89' lang='lat' dir='ltr'><strong>non</strong></span> <span class='ocrx_word' id='word_1_323' title='bbox 2257 1997 2437 2053; x_wconf 85' lang='lat' dir='ltr'><strong>multo</strong></span> <span class='ocrx_word' id='word_1_324' title='bbox 2469 2002 2599 2068; x_wconf 91' lang='lat' dir='ltr'><strong>post</strong></span> <span class='ocrx_word' id='word_1_325' title='bbox 2628 1999 2804 2054; x_wconf 90' lang='lat' dir='ltr'><strong>vitam</strong></span> <span class='ocrx_word' id='word_1_326' title='bbox 2838 1997 3137 2053; x_wconf 90' lang='lat' dir='ltr'><strong>ﬁnierunt.</strong></span> <span class='ocrx_word' id='word_1_327' title='bbox 3166 1997 3295 2054; x_wconf 81' lang='lat' dir='ltr'><strong>Bed.</strong></span> <span class='ocrx_word' id='word_1_328' title='bbox 3331 1998 3462 2069; x_wconf 82' lang='lat' dir='ltr'><strong>epit.</strong></span> <span class='ocrx_word' id='word_1_329' title='bbox 3496 2027 3567 2038; x_wconf 87' lang='lat'><strong>-—-</strong></span> <span class='ocrx_word' id='word_1_330' title='bbox 3600 1995 3767 2052; x_wconf 85' lang='lat' dir='ltr'><strong>Wil-</strong></span> 
     </span>
    </p>
   </div>
   <div class='ocr_carea' id='block_1_50' title="bbox 2106 2086 3765 2158">
    <p class='ocr_par' dir='ltr' id='par_1_50' title="bbox 2106 2086 3765 2158">
     <span class='ocr_line' id='line_1_50' title="bbox 2106 2086 3765 2158; baseline 0 -17"><span class='ocrx_word' id='word_1_331' title='bbox 2106 2086 2291 2142; x_wconf 79' lang='lat' dir='ltr'><strong>fridus</strong></span> <span class='ocrx_word' id='word_1_332' title='bbox 2313 2087 2620 2158; x_wconf 78' lang='lat' dir='ltr'><strong>episcOpus</strong></span> <span class='ocrx_word' id='word_1_333' title='bbox 2645 2086 3010 2153; x_wconf 88' lang='lat' dir='ltr'><strong>venerabilis,</strong></span> <span class='ocrx_word' id='word_1_334' title='bbox 3039 2103 3190 2142; x_wconf 89' lang='lat' dir='ltr'><strong>anno</strong></span> <span class='ocrx_word' id='word_1_335' title='bbox 3221 2086 3597 2158; x_wconf 88' lang='lat' dir='ltr'><strong>episcopatus</strong></span> <span class='ocrx_word' id='word_1_336' title='bbox 3628 2103 3765 2152; x_wconf 70' lang='grc' dir='ltr'><strong>ην,</strong></span> 
     </span>
    </p>
   </div>
   <div class='ocr_carea' id='block_1_51' title="bbox 2105 2174 3768 2247">
    <p class='ocr_par' dir='ltr' id='par_1_51' title="bbox 2105 2174 3768 2247">
     <span class='ocr_line' id='line_1_51' title="bbox 2105 2174 3768 2247; baseline -0.001 -17"><span class='ocrx_word' id='word_1_337' title='bbox 2105 2180 2236 2246; x_wconf 91' lang='lat' dir='ltr'><strong>post</strong></span> <span class='ocrx_word' id='word_1_338' title='bbox 2265 2175 2470 2230; x_wconf 86' lang='lat' dir='ltr'><strong>exsilia</strong></span> <span class='ocrx_word' id='word_1_339' title='bbox 2500 2174 2832 2247; x_wconf 88' lang='lat' dir='ltr'><strong>multosque</strong></span> <span class='ocrx_word' id='word_1_340' title='bbox 2861 2174 3092 2230; x_wconf 88' lang='lat' dir='ltr'><strong>labores</strong></span> <span class='ocrx_word' id='word_1_341' title='bbox 3122 2174 3286 2238; x_wconf 90' lang='lat' dir='ltr'><strong>obiit,</strong></span> <span class='ocrx_word' id='word_1_342' title='bbox 3311 2175 3482 2246; x_wconf 88' lang='lat' dir='ltr'><strong>eique</strong></span> <span class='ocrx_word' id='word_1_343' title='bbox 3513 2181 3671 2230; x_wconf 85' lang='lat' dir='ltr'><strong>Acca</strong></span> <span class='ocrx_word' id='word_1_344' title='bbox 3707 2175 3768 2229; x_wconf 90' lang='lat' dir='ltr'><strong>in</strong></span> 
     </span>
    </p>
   </div>
   <div class='ocr_carea' id='block_1_52' title="bbox 2103 2263 3769 2336">
    <p class='ocr_par' dir='ltr' id='par_1_52' title="bbox 2103 2263 3769 2336">
     <span class='ocr_line' id='line_1_52' title="bbox 2103 2263 3769 2336; baseline -0.001 -17"><span class='ocrx_word' id='word_1_345' title='bbox 2103 2263 2575 2334; x_wconf 85' lang='lat' dir='ltr'><strong>Hagusltaldensi</strong></span> <span class='ocrx_word' id='word_1_346' title='bbox 2593 2264 2934 2336; x_wconf 85' lang='lat' dir='ltr'><strong>episcopatu</strong></span> <span class='ocrx_word' id='word_1_347' title='bbox 2958 2263 3769 2335; x_wconf 82' lang='lat' dir='ltr'><strong>successit.Beda,hist.Angl.;</strong></span> 
     </span>
    </p>
   </div>
   <div class='ocr_carea' id='block_1_53' title="bbox 2101 2352 3094 2422">
    <p class='ocr_par' dir='ltr' id='par_1_53' title="bbox 2101 2352 3094 2422">
     <span class='ocr_line' id='line_1_53' title="bbox 2101 2352 3094 2422; baseline 0 -16"><span class='ocrx_word' id='word_1_348' title='bbox 2101 2353 2311 2408; x_wconf 78' lang='lat' dir='ltr'><strong>Mabill.</strong></span> <span class='ocrx_word' id='word_1_349' title='bbox 2345 2354 2383 2407; x_wconf 86' lang='grc' dir='ltr'>ι.</span> <span class='ocrx_word' id='word_1_350' title='bbox 2416 2369 2500 2420; x_wconf 88' lang='lat' dir='ltr'><strong>e.;</strong></span> <span class='ocrx_word' id='word_1_351' title='bbox 2531 2353 2779 2408; x_wconf 88' lang='lat' dir='ltr'><strong>Bolland.</strong></span> <span class='ocrx_word' id='word_1_352' title='bbox 2813 2353 2882 2407; x_wconf 65' lang='lat'><strong>24</strong></span> <span class='ocrx_word' id='word_1_353' title='bbox 2915 2352 3094 2422; x_wconf 82' lang='lat' dir='ltr'><strong>April.</strong></span> 
     </span>
    </p>
   </div>
   <div class='ocr_carea' id='block_1_54' title="bbox 2172 2439 3768 2512">
    <p class='ocr_par' dir='ltr' id='par_1_54' title="bbox 2172 2439 3768 2512">
     <span class='ocr_line' id='line_1_54' title="bbox 2172 2439 3768 2512; baseline 0.001 -18"><span class='ocrx_word' id='word_1_354' title='bbox 2172 2443 2278 2496; x_wconf 89' lang='grc'><strong>710</strong></span> <span class='ocrx_word' id='word_1_355' title='bbox 2306 2441 2618 2510; x_wconf 81' lang='lat' dir='ltr'><strong>Adrianus,</strong></span> <span class='ocrx_word' id='word_1_356' title='bbox 2651 2442 2832 2497; x_wconf 88' lang='lat' dir='ltr'><strong>abbas</strong></span> <span class='ocrx_word' id='word_1_357' title='bbox 2857 2439 3227 2506; x_wconf 77' lang='lat' dir='ltr'><strong>venerabilis,</strong></span> <span class='ocrx_word' id='word_1_358' title='bbox 3260 2456 3436 2506; x_wconf 89' lang='lat' dir='ltr'><strong>anno,</strong></span> <span class='ocrx_word' id='word_1_359' title='bbox 3470 2457 3540 2496; x_wconf 84' lang='lat' dir='ltr'><strong>ex</strong></span> <span class='ocrx_word' id='word_1_360' title='bbox 3571 2456 3698 2512; x_wconf 85' lang='lat' dir='ltr'><strong>quo</strong></span> <span class='ocrx_word' id='word_1_361' title='bbox 3733 2458 3768 2496; x_wconf 92' lang='lat' dir='ltr'><strong>a</strong></span> 
     </span>
    </p>
   </div>
   <div class='ocr_carea' id='block_1_55' title="bbox 2107 2528 3769 2602">
    <p class='ocr_par' dir='ltr' id='par_1_55' title="bbox 2107 2528 3769 2602">
     <span class='ocr_line' id='line_1_55' title="bbox 2107 2528 3769 2602; baseline 0.001 -19"><span class='ocrx_word' id='word_1_362' title='bbox 2107 2529 2390 2584; x_wconf 81' lang='lat' dir='ltr'><strong>V’italiano</strong></span> <span class='ocrx_word' id='word_1_363' title='bbox 2423 2547 2570 2602; x_wconf 85' lang='lat' dir='ltr'><strong>papa</strong></span> <span class='ocrx_word' id='word_1_364' title='bbox 2602 2531 2658 2584; x_wconf 93' lang='lat' dir='ltr'><strong>in</strong></span> <span class='ocrx_word' id='word_1_365' title='bbox 2693 2529 3052 2588; x_wconf 84' lang='lat' dir='ltr'><strong>Britanniam</strong></span> <span class='ocrx_word' id='word_1_366' title='bbox 3085 2545 3218 2584; x_wconf 91' lang='lat' dir='ltr'><strong>cum</strong></span> <span class='ocrx_word' id='word_1_367' title='bbox 3240 2528 3540 2586; x_wconf 84' lang='lat' dir='ltr'><strong>Theodoro</strong></span> <span class='ocrx_word' id='word_1_368' title='bbox 3571 2529 3769 2586; x_wconf 89' lang='lat' dir='ltr'><strong>archi-</strong></span> 
     </span>
    </p>
   </div>
   <div class='ocr_carea' id='block_1_56' title="bbox 2104 2617 3766 2690">
    <p class='ocr_par' dir='ltr' id='par_1_56' title="bbox 2104 2617 3766 2690">
     <span class='ocr_line' id='line_1_56' title="bbox 2104 2617 3766 2690; baseline 0.001 -18"><span class='ocrx_word' id='word_1_369' title='bbox 2104 2617 2373 2690; x_wconf 90' lang='lat' dir='ltr'><strong>episcopo</strong></span> <span class='ocrx_word' id='word_1_370' title='bbox 2425 2620 2642 2674; x_wconf 84' lang='lat' dir='ltr'><strong>missus</strong></span> <span class='ocrx_word' id='word_1_371' title='bbox 2693 2623 2802 2685; x_wconf 90' lang='lat' dir='ltr'><strong>est,</strong></span> <span class='ocrx_word' id='word_1_372' title='bbox 2851 2635 2940 2673; x_wconf 78' lang='lat' dir='ltr'><strong>xu</strong></span> <span class='ocrx_word' id='word_1_373' title='bbox 2997 2617 3160 2674; x_wconf 90' lang='lat' dir='ltr'><strong>obiit.</strong></span> <span class='ocrx_word' id='word_1_374' title='bbox 3211 2617 3626 2674; x_wconf 87' lang='lat' dir='ltr'><strong>Cbildebertus</strong></span> <span class='ocrx_word' id='word_1_375' title='bbox 3657 2636 3766 2675; x_wconf 85' lang='lat' dir='ltr'><strong>rex</strong></span> 
     </span>
    </p>
   </div>
   <div class='ocr_carea' id='block_1_57' title="bbox 2102 2706 3758 2780">
    <p class='ocr_par' dir='ltr' id='par_1_57' title="bbox 2102 2706 3758 2780">
     <span class='ocr_line' id='line_1_57' title="bbox 2102 2706 3758 2780; baseline 0 -18"><span class='ocrx_word' id='word_1_376' title='bbox 2102 2707 2477 2772; x_wconf 84' lang='lat' dir='ltr'><strong>Francorum,</strong></span> <span class='ocrx_word' id='word_1_377' title='bbox 2526 2707 2678 2762; x_wconf 84' lang='lat' dir='ltr'><strong>ﬁlius</strong></span> <span class='ocrx_word' id='word_1_378' title='bbox 2711 2707 3078 2772; x_wconf 86' lang='lat' dir='ltr'><strong>Theoderici,</strong></span> <span class='ocrx_word' id='word_1_379' title='bbox 3117 2706 3367 2762; x_wconf 91' lang='lat' dir='ltr'><strong>moritur</strong></span> <span class='ocrx_word' id='word_1_380' title='bbox 3395 2722 3550 2762; x_wconf 88' lang='lat' dir='ltr'><strong>anno</strong></span> <span class='ocrx_word' id='word_1_381' title='bbox 3583 2709 3758 2780; x_wconf 83' lang='lat' dir='ltr'><strong>regni</strong></span> 
     </span>
    </p>
   </div>
   <div class='ocr_carea' id='block_1_58' title="bbox 2104 2794 3766 2868">
    <p class='ocr_par' dir='ltr' id='par_1_58' title="bbox 2104 2794 3766 2868">
     <span class='ocr_line' id='line_1_58' title="bbox 2104 2794 3766 2868; baseline -0.002 -14"><span class='ocrx_word' id='word_1_382' title='bbox 2104 2814 2215 2856; x_wconf 79' lang='lat' dir='ltr'><strong>xvu</strong></span> <span class='ocrx_word' id='word_1_383' title='bbox 2243 2815 2256 2864; x_wconf 87' lang='lat'><strong>;</strong></span> <span class='ocrx_word' id='word_1_384' title='bbox 2293 2813 2393 2868; x_wconf 91' lang='lat' dir='ltr'><strong>pro</strong></span> <span class='ocrx_word' id='word_1_385' title='bbox 2425 2813 2543 2868; x_wconf 87' lang='lat' dir='ltr'><strong>quo</strong></span> <span class='ocrx_word' id='word_1_386' title='bbox 2573 2797 2934 2868; x_wconf 83' lang='lat' dir='ltr'><strong>Dagobertus</strong></span> <span class='ocrx_word' id='word_1_387' title='bbox 2969 2795 3122 2851; x_wconf 89' lang='lat' dir='ltr'><strong>ﬁlius</strong></span> <span class='ocrx_word' id='word_1_388' title='bbox 3151 2794 3322 2851; x_wconf 90' lang='lat' dir='ltr'><strong>annis</strong></span> <span class='ocrx_word' id='word_1_389' title='bbox 3353 2812 3408 2850; x_wconf 84' lang='grc' dir='ltr'><strong>ν.</strong></span> <span class='ocrx_word' id='word_1_390' title='bbox 3439 2796 3599 2851; x_wconf 82' lang='lat' dir='ltr'><strong>Fred.</strong></span> <span class='ocrx_word' id='word_1_391' title='bbox 3633 2812 3766 2852; x_wconf 84' lang='lat' dir='ltr'><strong>con-</strong></span> 
     </span>
    </p>
   </div>
   <div class='ocr_carea' id='block_1_59' title="bbox 2103 2886 2858 2955">
    <p class='ocr_par' dir='ltr' id='par_1_59' title="bbox 2103 2886 2858 2955">
     <span class='ocr_line' id='line_1_59' title="bbox 2103 2886 2858 2955; baseline -0.004 -13"><span class='ocrx_word' id='word_1_392' title='bbox 2103 2890 2206 2942; x_wconf 87' lang='lat' dir='ltr'><strong>lin.</strong></span> <span class='ocrx_word' id='word_1_393' title='bbox 2239 2887 2439 2942; x_wconf 65' lang='lat' dir='ltr'><strong>Ann-al.</strong></span> <span class='ocrx_word' id='word_1_394' title='bbox 2472 2886 2590 2940; x_wconf 83' lang='lat' dir='ltr'><strong>Mel.</strong></span> <span class='ocrx_word' id='word_1_395' title='bbox 2623 2904 2717 2940; x_wconf 88' lang='lat' dir='ltr'><strong>an.</strong></span> <span class='ocrx_word' id='word_1_396' title='bbox 2748 2902 2858 2955; x_wconf 83' lang='lat' dir='ltr'><strong>seq.</strong></span> 
     </span>
    </p>
   </div>
   <div class='ocr_carea' id='block_1_60' title="bbox 2174 2971 3768 3044">
    <p class='ocr_par' dir='ltr' id='par_1_60' title="bbox 2174 2971 3768 3044">
     <span class='ocr_line' id='line_1_60' title="bbox 2174 2971 3768 3044; baseline -0.002 -12"><span class='ocrx_word' id='word_1_397' title='bbox 2174 2977 2308 3032; x_wconf 82' lang='grc'><strong>113</strong></span> <span class='ocrx_word' id='word_1_398' title='bbox 2335 2975 2434 3028; x_wconf 76' lang='grc'><strong>711</strong></span> <span class='ocrx_word' id='word_1_399' title='bbox 2472 2973 2996 3044; x_wconf 80' lang='lat' dir='ltr'><strong>ConstantinOpoli,</strong></span> <span class='ocrx_word' id='word_1_400' title='bbox 3031 2971 3391 3044; x_wconf 88' lang='lat' dir='ltr'><strong>Philippicus</strong></span> <span class='ocrx_word' id='word_1_401' title='bbox 3434 2973 3768 3044; x_wconf 83' lang='lat' dir='ltr'><strong>imperator</strong></span> 
     </span>
    </p>
   </div>
   <div class='ocr_carea' id='block_1_61' title="bbox 2107 3061 3763 3134">
    <p class='ocr_par' dir='ltr' id='par_1_61' title="bbox 2107 3061 3763 3134">
     <span class='ocr_line' id='line_1_61' title="bbox 2107 3061 3763 3134; baseline 0 -16"><span class='ocrx_word' id='word_1_402' title='bbox 2107 3065 2294 3119; x_wconf 83' lang='lat' dir='ltr'><strong>factus</strong></span> <span class='ocrx_word' id='word_1_403' title='bbox 2339 3063 2738 3118; x_wconf 88' lang='lat' dir='ltr'><strong>Justimanum</strong></span> <span class='ocrx_word' id='word_1_404' title='bbox 2797 3063 3208 3132; x_wconf 87' lang='lat' dir='ltr'><strong>imperatorem</strong></span> <span class='ocrx_word' id='word_1_405' title='bbox 3255 3061 3488 3128; x_wconf 85' lang='lat' dir='ltr'><strong>occidit,</strong></span> <span class='ocrx_word' id='word_1_406' title='bbox 3521 3067 3582 3118; x_wconf 90' lang='lat' dir='ltr'><strong>et</strong></span> <span class='ocrx_word' id='word_1_407' title='bbox 3631 3061 3763 3134; x_wconf 87' lang='lat' dir='ltr'><strong>ipse</strong></span> 
     </span>
    </p>
   </div>
   <div class='ocr_carea' id='block_1_62' title="bbox 2105 3149 3765 3222">
    <p class='ocr_par' dir='ltr' id='par_1_62' title="bbox 2105 3149 3765 3222">
     <span class='ocr_line' id='line_1_62' title="bbox 2105 3149 3765 3222; baseline 0 -14"><span class='ocrx_word' id='word_1_408' title='bbox 2105 3169 2324 3208; x_wconf 90' lang='lat' dir='ltr'><strong>annum</strong></span> <span class='ocrx_word' id='word_1_409' title='bbox 2378 3169 2396 3206; x_wconf 88' lang='lat'>1</span> <span class='ocrx_word' id='word_1_410' title='bbox 2445 3155 2502 3206; x_wconf 90' lang='lat' dir='ltr'><strong>et</strong></span> <span class='ocrx_word' id='word_1_411' title='bbox 2535 3169 2586 3206; x_wconf 88' lang='grc' dir='ltr'>νι</span> <span class='ocrx_word' id='word_1_412' title='bbox 2621 3167 2853 3206; x_wconf 90' lang='lat' dir='ltr'><strong>menses</strong></span> <span class='ocrx_word' id='word_1_413' title='bbox 2883 3149 3165 3222; x_wconf 86' lang='lat' dir='ltr'><strong>regnavit,</strong></span> <span class='ocrx_word' id='word_1_414' title='bbox 3199 3149 3519 3206; x_wconf 84' lang='lat' dir='ltr'><strong>catholicos</strong></span> <span class='ocrx_word' id='word_1_415' title='bbox 3563 3167 3765 3222; x_wconf 81' lang='lat' dir='ltr'><strong>perse-</strong></span> 
     </span>
    </p>
   </div>
   <div class='ocr_carea' id='block_1_63' title="bbox 2105 3239 3644 3312">
    <p class='ocr_par' dir='ltr' id='par_1_63' title="bbox 2105 3239 3644 3312">
     <span class='ocr_line' id='line_1_63' title="bbox 2105 3239 3644 3312; baseline -0.001 -16"><span class='ocrx_word' id='word_1_416' title='bbox 2105 3257 2291 3312; x_wconf 86' lang='lat' dir='ltr'><strong>quens</strong></span> <span class='ocrx_word' id='word_1_417' title='bbox 2323 3245 2379 3296; x_wconf 88' lang='lat' dir='ltr'><strong>et</strong></span> <span class='ocrx_word' id='word_1_418' title='bbox 2409 3239 2694 3294; x_wconf 66' lang='lat' dir='ltr'><strong>haereticis</strong></span> <span class='ocrx_word' id='word_1_419' title='bbox 2716 3240 2934 3294; x_wconf 79' lang='lat' dir='ltr'><strong>favens.</strong></span> <span class='ocrx_word' id='word_1_420' title='bbox 2971 3239 3101 3294; x_wconf 87' lang='lat' dir='ltr'><strong>Bed.</strong></span> <span class='ocrx_word' id='word_1_421' title='bbox 3123 3240 3242 3294; x_wconf 86' lang='lat' dir='ltr'><strong>chr.</strong></span> <span class='ocrx_word' id='word_1_422' title='bbox 3281 3240 3450 3295; x_wconf 86' lang='lat' dir='ltr'><strong>Paul.</strong></span> <span class='ocrx_word' id='word_1_423' title='bbox 3485 3241 3644 3296; x_wconf 82' lang='lat' dir='ltr'><strong>Diae.</strong></span> 
     </span>
    </p>
   </div>
   <div class='ocr_carea' id='block_1_64' title="bbox 2173 3328 3758 3399">
    <p class='ocr_par' dir='ltr' id='par_1_64' title="bbox 2173 3328 3758 3399">
     <span class='ocr_line' id='line_1_64' title="bbox 2173 3328 3758 3399; baseline 0.001 -17"><span class='ocrx_word' id='word_1_424' title='bbox 2173 3331 2281 3384; x_wconf 84' lang='lat'><strong>712</strong></span> <span class='ocrx_word' id='word_1_425' title='bbox 2337 3329 2678 3384; x_wconf 88' lang='lat' dir='ltr'><strong>Haribertus</strong></span> <span class='ocrx_word' id='word_1_426' title='bbox 2737 3346 2834 3383; x_wconf 81' lang='lat' dir='ltr'><strong>rex</strong></span> <span class='ocrx_word' id='word_1_427' title='bbox 2895 3328 3409 3399; x_wconf 83' lang='lat' dir='ltr'><strong>Longobardorum</strong></span> <span class='ocrx_word' id='word_1_428' title='bbox 3464 3329 3758 3396; x_wconf 81' lang='lat' dir='ltr'><strong>moritur;</strong></span> 
     </span>
    </p>
   </div>
   <div class='ocr_carea' id='block_1_65' title="bbox 353 3395 3463 3490">
    <p class='ocr_par' dir='ltr' id='par_1_65' title="bbox 353 3395 3463 3490">
     <span class='ocr_line' id='line_1_65' title="bbox 353 3395 3463 3490; baseline -0.001 -15"><span class='ocrx_word' id='word_1_429' title='bbox 513 3415 569 3454; x_wconf 64' lang='lat' dir='ltr'><strong>XI</strong></span> <span class='ocrx_word' id='word_1_430' title='bbox 599 3401 879 3475; x_wconf 65' lang='grc' dir='ltr'><strong>ι’θὲυδνίῖο</strong></span> <span class='ocrx_word' id='word_1_431' title='bbox 913 3401 1161 3490; x_wconf 42' lang='lat' dir='ltr'><strong>salicum</strong></span> <span class='ocrx_word' id='word_1_432' title='bbox 1195 3398 1377 3454; x_wconf 64' lang='grc' dir='ltr'><strong>Ηοάάί</strong></span> <span class='ocrx_word' id='word_1_433' title='bbox 1407 3399 1713 3490; x_wconf 16' lang='grc' dir='ltr'><strong>οᾲρῑεφορυε</strong></span> <span class='ocrx_word' id='word_1_434' title='bbox 1732 3399 1992 3490; x_wconf 52' lang='grc' dir='ltr'><strong>οεςῑᾷοιι·</strong></span> <span class='ocrx_word' id='word_1_435' title='bbox 2027 3397 2069 3464; x_wconf 79' lang='lat' dir='ltr'><strong>C</strong></span> <span class='ocrx_word' id='word_1_436' title='bbox 2109 3422 2241 3490; x_wconf 86' lang='lat' dir='ltr'><strong>post</strong></span> <span class='ocrx_word' id='word_1_437' title='bbox 2271 3435 2444 3489; x_wconf 89' lang='lat' dir='ltr'><strong>quem</strong></span> <span class='ocrx_word' id='word_1_438' title='bbox 2479 3418 2876 3488; x_wconf 85' lang='lat' dir='ltr'><strong>Luitprandus</strong></span> <span class='ocrx_word' id='word_1_439' title='bbox 3111 3417 3273 3473; x_wconf 89' lang='lat' dir='ltr'><strong>Paul.</strong></span> <span class='ocrx_word' id='word_1_440' title='bbox 3306 3420 3463 3473; x_wconf 87' lang='lat' dir='ltr'><strong>Diae.</strong></span> 
     </span>
    </p>
   </div>
   <div class='ocr_carea' id='block_1_66' title="bbox 350 3483 1987 3561">
    <p class='ocr_par' dir='ltr' id='par_1_66' title="bbox 350 3483 1987 3561">
     <span class='ocr_line' id='line_1_66' title="bbox 350 3483 1987 3561; baseline 0.003 -22"><span class='ocrx_word' id='word_1_441' title='bbox 350 3483 559 3544; x_wconf 86' lang='lat' dir='ltr'><strong>talium</strong></span> <span class='ocrx_word' id='word_1_442' title='bbox 609 3493 902 3548; x_wconf 83' lang='lat' dir='ltr'><strong>Saxonum</strong></span> <span class='ocrx_word' id='word_1_443' title='bbox 933 3488 1106 3558; x_wconf 88' lang='lat' dir='ltr'><strong>obiit;</strong></span> <span class='ocrx_word' id='word_1_444' title='bbox 1132 3507 1234 3561; x_wconf 87' lang='lat' dir='ltr'><strong>pro</strong></span> <span class='ocrx_word' id='word_1_445' title='bbox 1268 3505 1382 3560; x_wconf 91' lang='lat' dir='ltr'><strong>quo</strong></span> <span class='ocrx_word' id='word_1_446' title='bbox 1423 3487 1624 3544; x_wconf 80' lang='lat' dir='ltr'><strong>Daniel</strong></span> <span class='ocrx_word' id='word_1_447' title='bbox 1657 3494 1714 3544; x_wconf 87' lang='lat' dir='ltr'><strong>et</strong></span> <span class='ocrx_word' id='word_1_448' title='bbox 1752 3488 1987 3544; x_wconf 84' lang='lat' dir='ltr'><strong>Aldhel-</strong></span> 
     </span>
    </p>
   </div>
   <div class='ocr_carea' id='block_1_67' title="bbox 353 3577 1680 3651">
    <p class='ocr_par' dir='ltr' id='par_1_67' title="bbox 353 3577 1680 3651">
     <span class='ocr_line' id='line_1_67' title="bbox 353 3577 1680 3651; baseline -0.002 -17"><span class='ocrx_word' id='word_1_449' title='bbox 353 3590 492 3634; x_wconf 90' lang='lat' dir='ltr'><strong>mus</strong></span> <span class='ocrx_word' id='word_1_450' title='bbox 520 3579 773 3651; x_wconf 88' lang='lat' dir='ltr'><strong>episcopi</strong></span> <span class='ocrx_word' id='word_1_451' title='bbox 812 3578 942 3635; x_wconf 79' lang='lat' dir='ltr'><strong>facti</strong></span> <span class='ocrx_word' id='word_1_452' title='bbox 975 3585 1129 3634; x_wconf 89' lang='lat' dir='ltr'><strong>sunl.</strong></span> <span class='ocrx_word' id='word_1_453' title='bbox 1167 3577 1332 3642; x_wconf 77' lang='lat' dir='ltr'><strong>Beia,</strong></span> <span class='ocrx_word' id='word_1_454' title='bbox 1364 3577 1490 3632; x_wconf 85' lang='lat' dir='ltr'><strong>hist.</strong></span> <span class='ocrx_word' id='word_1_455' title='bbox 1523 3577 1680 3648; x_wconf 82' lang='lat' dir='ltr'><strong>Augl.</strong></span> 
     </span>
    </p>
   </div>
   <div class='ocr_carea' id='block_1_68' title="bbox 422 3683 1990 3756">
    <p class='ocr_par' dir='ltr' id='par_1_68' title="bbox 422 3683 1990 3756">
     <span class='ocr_line' id='line_1_68' title="bbox 422 3683 1990 3756; baseline -0.002 -15"><span class='ocrx_word' id='word_1_456' title='bbox 422 3685 530 3740; x_wconf 88' lang='lat'><strong>706</strong></span> <span class='ocrx_word' id='word_1_457' title='bbox 575 3685 830 3740; x_wconf 86' lang='lat' dir='ltr'><strong>Joannes</strong></span> <span class='ocrx_word' id='word_1_458' title='bbox 861 3702 1012 3756; x_wconf 87' lang='lat' dir='ltr'><strong>papa</strong></span> <span class='ocrx_word' id='word_1_459' title='bbox 1050 3685 1368 3738; x_wconf 85' lang='lat' dir='ltr'><strong>oratorium</strong></span> <span class='ocrx_word' id='word_1_460' title='bbox 1423 3687 1633 3738; x_wconf 67' lang='lat' dir='ltr'><strong>sancta:</strong></span> <span class='ocrx_word' id='word_1_461' title='bbox 1681 3683 1871 3738; x_wconf 69' lang='lat' dir='ltr'><strong>Mariae</strong></span> <span class='ocrx_word' id='word_1_462' title='bbox 1919 3683 1990 3738; x_wconf 86' lang='lat' dir='ltr'><strong>ad</strong></span> 
     </span>
    </p>
   </div>
   <div class='ocr_carea' id='block_1_69' title="bbox 353 3771 1992 3842">
    <p class='ocr_par' dir='ltr' id='par_1_69' title="bbox 353 3771 1992 3842">
     <span class='ocr_line' id='line_1_69' title="bbox 353 3771 1992 3842; baseline -0.003 -11"><span class='ocrx_word' id='word_1_463' title='bbox 353 3777 622 3832; x_wconf 86' lang='lat' dir='ltr'><strong>sanctum</strong></span> <span class='ocrx_word' id='word_1_464' title='bbox 652 3773 883 3828; x_wconf 88' lang='lat' dir='ltr'><strong>Petrum</strong></span> <span class='ocrx_word' id='word_1_465' title='bbox 916 3771 1238 3827; x_wconf 82' lang='lat' dir='ltr'><strong>construxit</strong></span> <span class='ocrx_word' id='word_1_466' title='bbox 1259 3777 1315 3825; x_wconf 88' lang='lat' dir='ltr'><strong>et</strong></span> <span class='ocrx_word' id='word_1_467' title='bbox 1340 3772 1586 3835; x_wconf 87' lang='lat' dir='ltr'><strong>ornavit,</strong></span> <span class='ocrx_word' id='word_1_468' title='bbox 1619 3778 1674 3825; x_wconf 89' lang='lat' dir='ltr'><strong>et</strong></span> <span class='ocrx_word' id='word_1_469' title='bbox 1695 3771 1890 3842; x_wconf 87' lang='lat' dir='ltr'><strong>plures</strong></span> <span class='ocrx_word' id='word_1_470' title='bbox 1922 3772 1992 3826; x_wconf 88' lang='lat' dir='ltr'><strong>ad</strong></span> 
     </span>
    </p>
   </div>
   <div class='ocr_carea' id='block_1_70' title="bbox 353 3859 1779 3931">
    <p class='ocr_par' dir='ltr' id='par_1_70' title="bbox 353 3859 1779 3931">
     <span class='ocr_line' id='line_1_70' title="bbox 353 3859 1779 3931; baseline -0.004 -12"><span class='ocrx_word' id='word_1_471' title='bbox 353 3861 626 3920; x_wconf 80' lang='lat' dir='ltr'><strong>ecclesias</strong></span> <span class='ocrx_word' id='word_1_472' title='bbox 657 3865 900 3917; x_wconf 88' lang='lat' dir='ltr'><strong>ornatus</strong></span> <span class='ocrx_word' id='word_1_473' title='bbox 931 3859 1236 3931; x_wconf 89' lang='lat' dir='ltr'><strong>impendit.</strong></span> <span class='ocrx_word' id='word_1_474' title='bbox 1283 3860 1444 3915; x_wconf 62' lang='lat' dir='ltr'><strong>Bella?</strong></span> <span class='ocrx_word' id='word_1_475' title='bbox 1473 3859 1588 3914; x_wconf 81' lang='lat' dir='ltr'><strong>chr.</strong></span> <span class='ocrx_word' id='word_1_476' title='bbox 1621 3861 1779 3931; x_wconf 81' lang='lat' dir='ltr'><strong>Angl.</strong></span> 
     </span>
    </p>
   </div>
   <div class='ocr_carea' id='block_1_71' title="bbox 423 3948 1994 4022">
    <p class='ocr_par' dir='ltr' id='par_1_71' title="bbox 423 3948 1994 4022">
     <span class='ocr_line' id='line_1_71' title="bbox 423 3948 1994 4022; baseline -0.001 -16"><span class='ocrx_word' id='word_1_477' title='bbox 423 3951 527 4008; x_wconf 87' lang='lat'><strong>707</strong></span> <span class='ocrx_word' id='word_1_478' title='bbox 559 3951 676 4006; x_wconf 85' lang='lat' dir='ltr'><strong>Hoc</strong></span> <span class='ocrx_word' id='word_1_479' title='bbox 707 3955 966 4022; x_wconf 85' lang='lat' dir='ltr'><strong>tempore</strong></span> <span class='ocrx_word' id='word_1_480' title='bbox 988 3948 1328 4004; x_wconf 87' lang='lat' dir='ltr'><strong>IIaribertus</strong></span> <span class='ocrx_word' id='word_1_481' title='bbox 1361 3964 1460 4003; x_wconf 87' lang='lat' dir='ltr'><strong>rex</strong></span> <span class='ocrx_word' id='word_1_482' title='bbox 1485 3948 1994 4020; x_wconf 76' lang='lat' dir='ltr'><strong>Longobardorum</strong></span> 
     </span>
    </p>
   </div>
   <div class='ocr_carea' id='block_1_72' title="bbox 2168 3504 3760 3578">
    <p class='ocr_par' dir='ltr' id='par_1_72' title="bbox 2168 3504 3760 3578">
     <span class='ocr_line' id='line_1_72' title="bbox 2168 3504 3760 3578; baseline 0.002 -18"><span class='ocrx_word' id='word_1_483' title='bbox 2168 3507 2274 3560; x_wconf 88' lang='lat' dir='ltr'><strong>7l3</strong></span> <span class='ocrx_word' id='word_1_484' title='bbox 2297 3505 2793 3577; x_wconf 84' lang='lat' dir='ltr'><strong>Constantinopoli</strong></span> <span class='ocrx_word' id='word_1_485' title='bbox 2824 3505 3175 3562; x_wconf 79' lang='lat' dir='ltr'><strong>Anastasius</strong></span> <span class='ocrx_word' id='word_1_486' title='bbox 3196 3504 3595 3578; x_wconf 87' lang='lat' dir='ltr'><strong>Philippicum</strong></span> <span class='ocrx_word' id='word_1_487' title='bbox 3616 3524 3760 3563; x_wconf 90' lang='lat' dir='ltr'><strong>ocu-</strong></span> 
     </span>
    </p>
   </div>
   <div class='ocr_carea' id='block_1_73' title="bbox 2100 3593 3758 3668">
    <p class='ocr_par' dir='ltr' id='par_1_73' title="bbox 2100 3593 3758 3668">
     <span class='ocr_line' id='line_1_73' title="bbox 2100 3593 3758 3668; baseline 0.002 -20"><span class='ocrx_word' id='word_1_488' title='bbox 2100 3593 2174 3650; x_wconf 90' lang='lat' dir='ltr'><strong>lis</strong></span> <span class='ocrx_word' id='word_1_489' title='bbox 2229 3599 2287 3650; x_wconf 90' lang='lat' dir='ltr'><strong>et</strong></span> <span class='ocrx_word' id='word_1_490' title='bbox 2343 3611 2519 3666; x_wconf 86' lang='lat' dir='ltr'><strong>regno</strong></span> <span class='ocrx_word' id='word_1_491' title='bbox 2567 3594 2830 3666; x_wconf 86' lang='lat' dir='ltr'><strong>privavit,</strong></span> <span class='ocrx_word' id='word_1_492' title='bbox 2877 3599 2934 3649; x_wconf 92' lang='lat' dir='ltr'><strong>et</strong></span> <span class='ocrx_word' id='word_1_493' title='bbox 2971 3593 3097 3666; x_wconf 89' lang='lat' dir='ltr'><strong>ipse</strong></span> <span class='ocrx_word' id='word_1_494' title='bbox 3130 3594 3305 3650; x_wconf 87' lang='lat' dir='ltr'><strong>annis</strong></span> <span class='ocrx_word' id='word_1_495' title='bbox 3353 3612 3416 3650; x_wconf 89' lang='grc' dir='ltr'><strong>ιιι</strong></span> <span class='ocrx_word' id='word_1_496' title='bbox 3469 3595 3758 3668; x_wconf 81' lang='lat' dir='ltr'><strong>regnavit.</strong></span> 
     </span>
    </p>
   </div>
   <div class='ocr_carea' id='block_1_74' title="bbox 2102 3684 2449 3740">
    <p class='ocr_par' dir='ltr' id='par_1_74' title="bbox 2102 3684 2449 3740">
     <span class='ocr_line' id='line_1_74' title="bbox 2102 3684 2449 3740; baseline -0.009 0"><span class='ocrx_word' id='word_1_497' title='bbox 2102 3684 2267 3740; x_wconf 89' lang='lat' dir='ltr'><strong>Paul.</strong></span> <span class='ocrx_word' id='word_1_498' title='bbox 2298 3684 2449 3738; x_wconf 88' lang='lat' dir='ltr'><strong>Diae.</strong></span> 
     </span>
    </p>
   </div>
   <div class='ocr_carea' id='block_1_75' title="bbox 2170 3771 3760 3842">
    <p class='ocr_par' dir='ltr' id='par_1_75' title="bbox 2170 3771 3760 3842">
     <span class='ocr_line' id='line_1_75' title="bbox 2170 3771 3760 3842; baseline 0.002 -16"><span class='ocrx_word' id='word_1_499' title='bbox 2170 3773 2275 3826; x_wconf 80' lang='grc'><strong>714</strong></span> <span class='ocrx_word' id='word_1_500' title='bbox 2328 3771 2670 3826; x_wconf 85' lang='lat' dir='ltr'><strong>Anastasius</strong></span> <span class='ocrx_word' id='word_1_501' title='bbox 2724 3771 3060 3842; x_wconf 84' lang='lat' dir='ltr'><strong>imperator,</strong></span> <span class='ocrx_word' id='word_1_502' title='bbox 3121 3771 3322 3828; x_wconf 87' lang='lat' dir='ltr'><strong>missis</strong></span> <span class='ocrx_word' id='word_1_503' title='bbox 3361 3773 3760 3829; x_wconf 81' lang='lat' dir='ltr'><strong>Constantino</strong></span> 
     </span>
    </p>
   </div>
   <div class='ocr_carea' id='block_1_76' title="bbox 2104 3859 3757 3932">
    <p class='ocr_par' dir='ltr' id='par_1_76' title="bbox 2104 3859 3757 3932">
     <span class='ocr_line' id='line_1_76' title="bbox 2104 3859 3757 3932; baseline 0.002 -16"><span class='ocrx_word' id='word_1_504' title='bbox 2104 3877 2263 3932; x_wconf 65' lang='lat' dir='ltr'><strong>papa:</strong></span> <span class='ocrx_word' id='word_1_505' title='bbox 2295 3859 2528 3927; x_wconf 86' lang='lat' dir='ltr'><strong>litteris,</strong></span> <span class='ocrx_word' id='word_1_506' title='bbox 2554 3876 2616 3915; x_wconf 91' lang='lat' dir='ltr'><strong>se</strong></span> <span class='ocrx_word' id='word_1_507' title='bbox 2641 3859 2937 3915; x_wconf 66' lang='lat' dir='ltr'><strong>catholicae</strong></span> <span class='ocrx_word' id='word_1_508' title='bbox 2958 3859 3088 3916; x_wconf 89' lang='lat' dir='ltr'><strong>ﬁdei</strong></span> <span class='ocrx_word' id='word_1_509' title='bbox 3113 3860 3397 3916; x_wconf 84' lang='lat' dir='ltr'><strong>fautorem</strong></span> <span class='ocrx_word' id='word_1_510' title='bbox 3417 3861 3757 3919; x_wconf 82' lang='lat' dir='ltr'><strong>declaravit.</strong></span> 
     </span>
    </p>
   </div>
   <div class='ocr_carea' id='block_1_77' title="bbox 2103 3947 3761 4022">
    <p class='ocr_par' dir='ltr' id='par_1_77' title="bbox 2103 3947 3761 4022">
     <span class='ocr_line' id='line_1_77' title="bbox 2103 3947 3761 4022; baseline 0.001 -18"><span class='ocrx_word' id='word_1_511' title='bbox 2103 3949 2234 4004; x_wconf 88' lang='lat' dir='ltr'><strong>Bed.</strong></span> <span class='ocrx_word' id='word_1_512' title='bbox 2278 3949 2391 4004; x_wconf 89' lang='lat' dir='ltr'><strong>ehr.</strong></span> <span class='ocrx_word' id='word_1_513' title='bbox 2427 3979 2494 3988; x_wconf 88' lang='lat'><strong><em>—</em></strong></span> <span class='ocrx_word' id='word_1_514' title='bbox 2527 3947 2810 4020; x_wconf 89' lang='lat' dir='ltr'><strong>Pippinus</strong></span> <span class='ocrx_word' id='word_1_515' title='bbox 2848 3948 3009 4004; x_wconf 89' lang='lat' dir='ltr'><strong>ﬁlius</strong></span> <span class='ocrx_word' id='word_1_516' title='bbox 3056 3948 3314 4022; x_wconf 82' lang='lat' dir='ltr'><strong>Ansgisi,</strong></span> <span class='ocrx_word' id='word_1_517' title='bbox 3350 3966 3532 4022; x_wconf 86' lang='lat' dir='ltr'><strong>nepos</strong></span> <span class='ocrx_word' id='word_1_518' title='bbox 3567 3950 3761 4007; x_wconf 88' lang='lat' dir='ltr'><strong>sancti</strong></span> 
     </span>
    </p>
   </div>
   <div class='ocr_carea' id='block_1_78' title="bbox 1395 4086 2708 4145">
    <p class='ocr_par' dir='ltr' id='par_1_78' title="bbox 1395 4086 2708 4145">
     <span class='ocr_line' id='line_1_78' title="bbox 1395 4086 2708 4145; baseline 0 -3"><span class='ocrx_word' id='word_1_519' title='bbox 1395 4087 1868 4144; x_wconf 86' lang='lat' dir='ltr'><strong>COMPENDIUM</strong></span> <span class='ocrx_word' id='word_1_520' title='bbox 1907 4088 1999 4144; x_wconf 85' lang='lat' dir='ltr'><strong>EX</strong></span> <span class='ocrx_word' id='word_1_521' title='bbox 2039 4089 2290 4145; x_wconf 89' lang='lat' dir='ltr'><strong>CODICE</strong></span> <span class='ocrx_word' id='word_1_522' title='bbox 2331 4086 2708 4143; x_wconf 77' lang='lat' dir='ltr'><strong>BERNOLDI.</strong></span> 
     </span>
    </p>
   </div>
   <div class='ocr_carea' id='block_1_79' title="bbox 425 4205 1476 4276">
    <p class='ocr_par' dir='ltr' id='par_1_79' title="bbox 425 4205 1476 4276">
     <span class='ocr_line' id='line_1_79' title="bbox 425 4205 1476 4276; baseline -0.002 -16"><span class='ocrx_word' id='word_1_523' title='bbox 425 4207 527 4260; x_wconf 91' lang='grc'><strong>701</strong></span> <span class='ocrx_word' id='word_1_524' title='bbox 565 4207 747 4262; x_wconf 70' lang='grc' dir='ltr'><strong>Ποπιιέ</strong></span> <span class='ocrx_word' id='word_1_525' title='bbox 775 4205 1046 4276; x_wconf 78' lang='lat' dir='ltr'><strong>defuncto,</strong></span> <span class='ocrx_word' id='word_1_526' title='bbox 1073 4209 1206 4271; x_wconf 89' lang='lat' dir='ltr'><strong>etc.,</strong></span> <span class='ocrx_word' id='word_1_527' title='bbox 1241 4208 1304 4259; x_wconf 89' lang='lat' dir='ltr'><strong>ut</strong></span> <span class='ocrx_word' id='word_1_528' title='bbox 1331 4205 1476 4276; x_wconf 84' lang='lat' dir='ltr'><strong>Aug.</strong></span> 
     </span>
    </p>
   </div>
   <div class='ocr_carea' id='block_1_80' title="bbox 425 4292 1995 4364">
    <p class='ocr_par' dir='ltr' id='par_1_80' title="bbox 425 4292 1995 4364">
     <span class='ocr_line' id='line_1_80' title="bbox 425 4292 1995 4364; baseline -0.001 -16"><span class='ocrx_word' id='word_1_529' title='bbox 425 4294 532 4349; x_wconf 92' lang='lat'><strong>703</strong></span> <span class='ocrx_word' id='word_1_530' title='bbox 566 4293 772 4349; x_wconf 80' lang='lat' dir='ltr'><strong>Beda...</strong></span> <span class='ocrx_word' id='word_1_531' title='bbox 803 4293 1078 4364; x_wconf 70' lang='lat' dir='ltr'><strong>perduxit.</strong></span> <span class='ocrx_word' id='word_1_532' title='bbox 1113 4295 1221 4349; x_wconf 84' lang='lat' dir='ltr'><strong>Hoc</strong></span> <span class='ocrx_word' id='word_1_533' title='bbox 1267 4296 1570 4364; x_wconf 82' lang='lat' dir='ltr'><strong>tempore...</strong></span> <span class='ocrx_word' id='word_1_534' title='bbox 1621 4295 1860 4363; x_wconf 66' lang='lat' dir='ltr'><strong>captiuos</strong></span> <span class='ocrx_word' id='word_1_535' title='bbox 1903 4292 1995 4347; x_wconf 83' lang='lat' dir='ltr'><strong>ab-</strong></span> 
     </span>
    </p>
   </div>
   <div class='ocr_carea' id='block_1_81' title="bbox 355 4382 1998 4454">
    <p class='ocr_par' dir='ltr' id='par_1_81' title="bbox 355 4382 1998 4454">
     <span class='ocr_line' id='line_1_81' title="bbox 355 4382 1998 4454; baseline -0.003 -15"><span class='ocrx_word' id='word_1_536' title='bbox 355 4383 592 4447; x_wconf 85' lang='lat' dir='ltr'><strong>duceret,</strong></span> <span class='ocrx_word' id='word_1_537' title='bbox 640 4399 677 4437; x_wconf 90' lang='lat' dir='ltr'><strong>a</strong></span> <span class='ocrx_word' id='word_1_538' title='bbox 723 4384 930 4437; x_wconf 85' lang='lat' dir='ltr'><strong>Joanne</strong></span> <span class='ocrx_word' id='word_1_539' title='bbox 955 4399 1097 4454; x_wconf 82' lang='lat' dir='ltr'><strong>papa</strong></span> <span class='ocrx_word' id='word_1_540' title='bbox 1125 4399 1314 4454; x_wconf 81' lang='lat' dir='ltr'><strong>pacem</strong></span> <span class='ocrx_word' id='word_1_541' title='bbox 1343 4383 1648 4453; x_wconf 74' lang='lat' dir='ltr'><strong>postulante</strong></span> <span class='ocrx_word' id='word_1_542' title='bbox 1679 4382 1819 4436; x_wconf 79' lang='lat' dir='ltr'><strong>dona</strong></span> <span class='ocrx_word' id='word_1_543' title='bbox 1852 4383 1998 4436; x_wconf 72' lang='lat' dir='ltr'><strong>aeri-</strong></span> 
     </span>
    </p>
   </div>
   <div class='ocr_carea' id='block_1_82' title="bbox 354 4469 1070 4542">
    <p class='ocr_par' dir='ltr' id='par_1_82' title="bbox 354 4469 1070 4542">
     <span class='ocr_line' id='line_1_82' title="bbox 354 4469 1070 4542; baseline -0.003 -16"><span class='ocrx_word' id='word_1_544' title='bbox 354 4472 512 4542; x_wconf 83' lang='lat' dir='ltr'><strong>piens</strong></span> <span class='ocrx_word' id='word_1_545' title='bbox 539 4472 778 4542; x_wconf 84' lang='lat' dir='ltr'><strong>captivos</strong></span> <span class='ocrx_word' id='word_1_546' title='bbox 807 4469 1070 4524; x_wconf 81' lang='lat' dir='ltr'><strong>reddidit.</strong></span> 
     </span>
    </p>
   </div>
   <div class='ocr_carea' id='block_1_83' title="bbox 423 4559 1992 4624">
    <p class='ocr_par' dir='ltr' id='par_1_83' title="bbox 423 4559 1992 4624">
     <span class='ocr_line' id='line_1_83' title="bbox 423 4559 1992 4624; baseline -0.001 -11"><span class='ocrx_word' id='word_1_547' title='bbox 423 4560 530 4614; x_wconf 80' lang='grc'>704</span> <span class='ocrx_word' id='word_1_548' title='bbox 568 4561 630 4615; x_wconf 86' lang='grc' dir='ltr'><strong>1η</strong></span> <span class='ocrx_word' id='word_1_549' title='bbox 667 4560 962 4614; x_wconf 77' lang='lat' dir='ltr'><strong>Britannia</strong></span> <span class='ocrx_word' id='word_1_550' title='bbox 1009 4559 1239 4614; x_wconf 82' lang='lat' dir='ltr'><strong>Edilred</strong></span> <span class='ocrx_word' id='word_1_551' title='bbox 1278 4575 1377 4614; x_wconf 71' lang='lat' dir='ltr'><strong>rex</strong></span> <span class='ocrx_word' id='word_1_552' title='bbox 1425 4559 1767 4624; x_wconf 81' lang='lat' dir='ltr'><strong>Merciorum,</strong></span> <span class='ocrx_word' id='word_1_553' title='bbox 1802 4559 1992 4613; x_wconf 84' lang='lat' dir='ltr'><strong>relicto</strong></span> 
     </span>
    </p>
   </div>
   <div class='ocr_carea' id='block_1_84' title="bbox 354 4647 1130 4720">
    <p class='ocr_par' dir='ltr' id='par_1_84' title="bbox 354 4647 1130 4720">
     <span class='ocr_line' id='line_1_84' title="bbox 354 4647 1130 4720; baseline -0.001 -16"><span class='ocrx_word' id='word_1_554' title='bbox 354 4663 518 4720; x_wconf 88' lang='lat' dir='ltr'><strong>regno</strong></span> <span class='ocrx_word' id='word_1_555' title='bbox 545 4647 875 4703; x_wconf 78' lang='lat' dir='ltr'><strong>monachum</strong></span> <span class='ocrx_word' id='word_1_556' title='bbox 901 4663 956 4703; x_wconf 88' lang='lat' dir='ltr'><strong>se</strong></span> <span class='ocrx_word' id='word_1_557' title='bbox 983 4649 1130 4718; x_wconf 83' lang='lat' dir='ltr'><strong>fecit.</strong></span> 
     </span>
    </p>
   </div>
   <div class='ocr_carea' id='block_1_85' title="bbox 422 4735 1991 4808">
    <p class='ocr_par' dir='ltr' id='par_1_85' title="bbox 422 4735 1991 4808">
     <span class='ocr_line' id='line_1_85' title="bbox 422 4735 1991 4808; baseline 0 -18"><span class='ocrx_word' id='word_1_558' title='bbox 422 4737 529 4792; x_wconf 83' lang='lat'><strong>705</strong></span> <span class='ocrx_word' id='word_1_559' title='bbox 569 4735 1094 4808; x_wconf 81' lang='lat' dir='ltr'><strong>ConstantinOpoli...</strong></span> <span class='ocrx_word' id='word_1_560' title='bbox 1142 4738 1288 4804; x_wconf 80' lang='lat' dir='ltr'><strong>regis</strong></span> <span class='ocrx_word' id='word_1_561' title='bbox 1327 4736 1756 4806; x_wconf 86' lang='lat' dir='ltr'><strong>Bulgarorum...</strong></span> <span class='ocrx_word' id='word_1_562' title='bbox 1800 4750 1991 4806; x_wconf 85' lang='lat' dir='ltr'><strong>perva-</strong></span> 
     </span>
    </p>
   </div>
   <div class='ocr_carea' id='block_1_86' title="bbox 2173 4202 3174 4260">
    <p class='ocr_par' dir='ltr' id='par_1_86' title="bbox 2173 4202 3174 4260">
     <span class='ocr_line' id='line_1_86' title="bbox 2173 4202 3174 4260; baseline 0.002 -2"><span class='ocrx_word' id='word_1_563' title='bbox 2173 4205 2281 4258; x_wconf 85' lang='lat'><strong>708</strong></span> <span class='ocrx_word' id='word_1_564' title='bbox 2312 4205 2494 4260; x_wconf 70' lang='lat' dir='ltr'><strong>Roma:</strong></span> <span class='ocrx_word' id='word_1_565' title='bbox 2521 4203 2830 4258; x_wconf 87' lang='lat' dir='ltr'><strong>Sisinius...</strong></span> <span class='ocrx_word' id='word_1_566' title='bbox 2863 4202 3052 4259; x_wconf 83' lang='lat' dir='ltr'><strong>diebus</strong></span> <span class='ocrx_word' id='word_1_567' title='bbox 3081 4221 3174 4260; x_wconf 87' lang='lat' dir='ltr'><strong>xv.</strong></span> 
     </span>
    </p>
   </div>
   <div class='ocr_carea' id='block_1_87' title="bbox 2173 4292 3765 4364">
    <p class='ocr_par' dir='ltr' id='par_1_87' title="bbox 2173 4292 3765 4364">
     <span class='ocr_line' id='line_1_87' title="bbox 2173 4292 3765 4364; baseline 0.003 -18"><span class='ocrx_word' id='word_1_568' title='bbox 2173 4292 2280 4347; x_wconf 82' lang='lat'><strong>709</strong></span> <span class='ocrx_word' id='word_1_569' title='bbox 2312 4292 2612 4346; x_wconf 65' lang='lat' dir='ltr'><strong>Coenreilus</strong></span> <span class='ocrx_word' id='word_1_570' title='bbox 2635 4309 2800 4347; x_wconf 72' lang='lat' dir='ltr'><strong>rex...</strong></span> <span class='ocrx_word' id='word_1_571' title='bbox 2833 4308 2943 4346; x_wconf 85' lang='lat' dir='ltr'><strong>non</strong></span> <span class='ocrx_word' id='word_1_572' title='bbox 2969 4293 3142 4348; x_wconf 87' lang='lat' dir='ltr'><strong>multo</strong></span> <span class='ocrx_word' id='word_1_573' title='bbox 3168 4299 3286 4364; x_wconf 85' lang='lat' dir='ltr'><strong>post</strong></span> <span class='ocrx_word' id='word_1_574' title='bbox 3320 4293 3594 4350; x_wconf 86' lang='lat' dir='ltr'><strong>abierunt.</strong></span> <span class='ocrx_word' id='word_1_575' title='bbox 3637 4295 3765 4350; x_wconf 86' lang='lat' dir='ltr'><strong>Wil-</strong></span> 
     </span>
    </p>
   </div>
   <div class='ocr_carea' id='block_1_88' title="bbox 2102 4381 3760 4452">
    <p class='ocr_par' dir='ltr' id='par_1_88' title="bbox 2102 4381 3760 4452">
     <span class='ocr_line' id='line_1_88' title="bbox 2102 4381 3760 4452; baseline 0.003 -18"><span class='ocrx_word' id='word_1_576' title='bbox 2102 4381 2284 4452; x_wconf 81' lang='lat' dir='ltr'><strong>fridus</strong></span> <span class='ocrx_word' id='word_1_577' title='bbox 2359 4382 2654 4451; x_wconf 79' lang='lat' dir='ltr'><strong>Anglorum</strong></span> <span class='ocrx_word' id='word_1_578' title='bbox 2710 4382 2987 4452; x_wconf 71' lang='lat' dir='ltr'><strong>episcopus</strong></span> <span class='ocrx_word' id='word_1_579' title='bbox 3055 4381 3214 4451; x_wconf 84' lang='lat' dir='ltr'><strong>obiit,</strong></span> <span class='ocrx_word' id='word_1_580' title='bbox 3273 4383 3366 4436; x_wconf 86' lang='lat' dir='ltr'><strong>eui</strong></span> <span class='ocrx_word' id='word_1_581' title='bbox 3437 4382 3576 4437; x_wconf 70' lang='lat' dir='ltr'><strong>Aera</strong></span> <span class='ocrx_word' id='word_1_582' title='bbox 3633 4401 3760 4439; x_wconf 86' lang='lat' dir='ltr'><strong>suc-</strong></span> 
     </span>
    </p>
   </div>
   <div class='ocr_carea' id='block_1_89' title="bbox 2106 4471 2282 4526">
    <p class='ocr_par' dir='ltr' id='par_1_89' title="bbox 2106 4471 2282 4526">
     <span class='ocr_line' id='line_1_89' title="bbox 2106 4471 2282 4526; baseline 0.011 -2"><span class='ocrx_word' id='word_1_583' title='bbox 2106 4471 2282 4526; x_wconf 85' lang='lat' dir='ltr'><strong>cessit.</strong></span> 
     </span>
    </p>
   </div>
   <div class='ocr_carea' id='block_1_90' title="bbox 2170 4557 3762 4616">
    <p class='ocr_par' dir='ltr' id='par_1_90' title="bbox 2170 4557 3762 4616">
     <span class='ocr_line' id='line_1_90' title="bbox 2170 4557 3762 4616; baseline 0.003 -4"><span class='ocrx_word' id='word_1_584' title='bbox 2170 4559 2280 4613; x_wconf 90' lang='grc'>710</span> <span class='ocrx_word' id='word_1_585' title='bbox 2308 4559 2586 4614; x_wconf 81' lang='lat' dir='ltr'><strong>Adrianus</strong></span> <span class='ocrx_word' id='word_1_586' title='bbox 2615 4558 2848 4614; x_wconf 87' lang='lat' dir='ltr'><strong>abbas...</strong></span> <span class='ocrx_word' id='word_1_587' title='bbox 2899 4557 3049 4613; x_wconf 89' lang='lat' dir='ltr'><strong>obiit.</strong></span> <span class='ocrx_word' id='word_1_588' title='bbox 3081 4557 3145 4613; x_wconf 92' lang='lat' dir='ltr'><strong>In</strong></span> <span class='ocrx_word' id='word_1_589' title='bbox 3182 4557 3316 4614; x_wconf 87' lang='lat' dir='ltr'><strong>Vita</strong></span> <span class='ocrx_word' id='word_1_590' title='bbox 3353 4559 3412 4614; x_wconf 92' lang='lat' dir='ltr'><strong>S.</strong></span> <span class='ocrx_word' id='word_1_591' title='bbox 3445 4558 3762 4616; x_wconf 88' lang='lat' dir='ltr'><strong>Theodori.</strong></span> 
     </span>
    </p>
   </div>
   <div class='ocr_carea' id='block_1_91' title="bbox 2105 4646 3766 4712">
    <p class='ocr_par' dir='ltr' id='par_1_91' title="bbox 2105 4646 3766 4712">
     <span class='ocr_line' id='line_1_91' title="bbox 2105 4646 3766 4712; baseline 0.002 -10"><span class='ocrx_word' id='word_1_592' title='bbox 2105 4663 2234 4702; x_wconf 76' lang='lat' dir='ltr'><strong>saec.</strong></span> <span class='ocrx_word' id='word_1_593' title='bbox 2286 4662 2346 4712; x_wconf 90' lang='grc' dir='ltr'>ιι,</span> <span class='ocrx_word' id='word_1_594' title='bbox 2397 4647 2608 4702; x_wconf 88' lang='lat' dir='ltr'><strong>Bened.</strong></span> <span class='ocrx_word' id='word_1_595' title='bbox 2649 4678 2716 4687; x_wconf 92' lang='lat'><strong>—</strong></span> <span class='ocrx_word' id='word_1_596' title='bbox 2748 4646 3094 4702; x_wconf 78' lang='lat' dir='ltr'><strong>Hildebertus</strong></span> <span class='ocrx_word' id='word_1_597' title='bbox 3131 4663 3232 4703; x_wconf 77' lang='lat' dir='ltr'><strong>rex</strong></span> <span class='ocrx_word' id='word_1_598' title='bbox 3259 4648 3600 4704; x_wconf 83' lang='lat' dir='ltr'><strong>Francorum</strong></span> <span class='ocrx_word' id='word_1_599' title='bbox 3628 4650 3766 4705; x_wconf 80' lang='lat' dir='ltr'><strong>obiit</strong></span> 
     </span>
    </p>
   </div>
   <div class='ocr_carea' id='block_1_92' title="bbox 2100 4736 3165 4808">
    <p class='ocr_par' dir='ltr' id='par_1_92' title="bbox 2100 4736 3165 4808">
     <span class='ocr_line' id='line_1_92' title="bbox 2100 4736 3165 4808; baseline 0.001 -19"><span class='ocrx_word' id='word_1_600' title='bbox 2100 4751 2199 4808; x_wconf 85' lang='lat' dir='ltr'><strong>pro</strong></span> <span class='ocrx_word' id='word_1_601' title='bbox 2219 4751 2323 4807; x_wconf 87' lang='lat' dir='ltr'><strong>quo</strong></span> <span class='ocrx_word' id='word_1_602' title='bbox 2353 4736 2680 4803; x_wconf 84' lang='lat' dir='ltr'><strong>Dagobertus</strong></span> <span class='ocrx_word' id='word_1_603' title='bbox 2709 4737 2874 4790; x_wconf 87' lang='lat' dir='ltr'><strong>annis</strong></span> <span class='ocrx_word' id='word_1_604' title='bbox 2905 4737 3165 4807; x_wconf 82' lang='lat' dir='ltr'><strong>quinque.</strong></span> 
     </span>
    </p>
   </div>
   <div class='ocr_carea' id='block_1_93' title="bbox 352 4824 3763 4910">
    <p class='ocr_par' dir='ltr' id='par_1_93' title="bbox 352 4824 3763 4910">
     <span class='ocr_line' id='line_1_93' title="bbox 352 4824 3763 4910; baseline 0 -29"><span class='ocrx_word' id='word_1_605' title='bbox 352 4840 496 4882; x_wconf 85' lang='lat' dir='ltr'><strong>sares</strong></span> <span class='ocrx_word' id='word_1_606' title='bbox 527 4825 741 4880; x_wconf 79' lang='lat' dir='ltr'><strong>occidit.</strong></span> <span class='ocrx_word' id='word_1_607' title='bbox 776 4825 1106 4880; x_wconf 84' lang='lat' dir='ltr'><strong>Gallicinum</strong></span> <span class='ocrx_word' id='word_1_608' title='bbox 1134 4825 1582 4896; x_wconf 83' lang='lat' dir='ltr'><strong>patriareham...</strong></span> <span class='ocrx_word' id='word_1_609' title='bbox 1610 4825 1814 4894; x_wconf 82' lang='lat' dir='ltr'><strong>quoties</strong></span> <span class='ocrx_word' id='word_1_610' title='bbox 1837 4841 1871 4878; x_wconf 90' lang='lat' dir='ltr'><strong>a</strong></span> <span class='ocrx_word' id='word_1_611' title='bbox 1899 4824 1993 4878; x_wconf 88' lang='lat' dir='ltr'><strong>de-</strong></span> <span class='ocrx_word' id='word_1_612' title='bbox 2021 4846 2068 4910; x_wconf 71' lang='grc' dir='ltr'><strong>Β</strong></span> <span class='ocrx_word' id='word_1_613' title='bbox 2177 4825 2272 4878; x_wconf 86' lang='grc'><strong>711</strong></span> <span class='ocrx_word' id='word_1_614' title='bbox 2317 4825 2850 4896; x_wconf 77' lang='lat' dir='ltr'><strong>ConstantinOpOIi...</strong></span> <span class='ocrx_word' id='word_1_615' title='bbox 2901 4825 3122 4894; x_wconf 79' lang='lat' dir='ltr'><strong>favens;</strong></span> <span class='ocrx_word' id='word_1_616' title='bbox 3156 4825 3301 4881; x_wconf 81' lang='lat' dir='ltr'><strong>unde</strong></span> <span class='ocrx_word' id='word_1_617' title='bbox 3342 4830 3398 4881; x_wconf 79' lang='lat' dir='ltr'><strong>et</strong></span> <span class='ocrx_word' id='word_1_618' title='bbox 3424 4841 3461 4881; x_wconf 87' lang='lat' dir='ltr'><strong>a</strong></span> <span class='ocrx_word' id='word_1_619' title='bbox 3487 4829 3763 4884; x_wconf 80' lang='lat' dir='ltr'><strong>Constan-</strong></span> 
     </span>
    </p>
   </div>
   <div class='ocr_carea' id='block_1_94' title="bbox 357 4914 1986 4986">
    <p class='ocr_par' dir='ltr' id='par_1_94' title="bbox 357 4914 1986 4986">
     <span class='ocr_line' id='line_1_94' title="bbox 357 4914 1986 4986; baseline -0.001 -16"><span class='ocrx_word' id='word_1_620' title='bbox 357 4915 618 4970; x_wconf 84' lang='lat' dir='ltr'><strong>truneatis</strong></span> <span class='ocrx_word' id='word_1_621' title='bbox 648 4916 874 4969; x_wconf 81' lang='lat' dir='ltr'><strong>naribus</strong></span> <span class='ocrx_word' id='word_1_622' title='bbox 892 4915 1206 4986; x_wconf 71' lang='lat' dir='ltr'><strong>proluvium</strong></span> <span class='ocrx_word' id='word_1_623' title='bbox 1236 4915 1469 4978; x_wconf 84' lang='lat' dir='ltr'><strong>terserit,</strong></span> <span class='ocrx_word' id='word_1_624' title='bbox 1503 4915 1654 4968; x_wconf 81' lang='lat' dir='ltr'><strong>toties</strong></span> <span class='ocrx_word' id='word_1_625' title='bbox 1683 4914 1986 4983; x_wconf 85' lang='lat' dir='ltr'><strong>aliquem...</strong></span> 
     </span>
    </p>
   </div>
   <div class='ocr_carea' id='block_1_95' title="bbox 347 5001 1993 5074">
    <p class='ocr_par' dir='ltr' id='par_1_95' title="bbox 347 5001 1993 5074">
     <span class='ocr_line' id='line_1_95' title="bbox 347 5001 1993 5074; baseline 0 -18"><span class='ocrx_word' id='word_1_626' title='bbox 347 5002 594 5074; x_wconf 86' lang='lat' dir='ltr'><strong>jusserit.</strong></span> <span class='ocrx_word' id='word_1_627' title='bbox 619 5004 800 5059; x_wconf 63' lang='lat' dir='ltr'><strong>Romae</strong></span> <span class='ocrx_word' id='word_1_628' title='bbox 825 5005 1124 5059; x_wconf 83' lang='lat' dir='ltr'><strong>Joannes...</strong></span> <span class='ocrx_word' id='word_1_629' title='bbox 1150 5011 1202 5057; x_wconf 92' lang='lat' dir='ltr'><strong>et</strong></span> <span class='ocrx_word' id='word_1_630' title='bbox 1217 5003 1488 5056; x_wconf 82' lang='lat' dir='ltr'><strong>eruditus.</strong></span> <span class='ocrx_word' id='word_1_631' title='bbox 1524 5001 1579 5054; x_wconf 87' lang='lat' dir='ltr'><strong>S.</strong></span> <span class='ocrx_word' id='word_1_632' title='bbox 1605 5003 1777 5056; x_wconf 82' lang='lat' dir='ltr'><strong>Heddi</strong></span> <span class='ocrx_word' id='word_1_633' title='bbox 1795 5004 1993 5073; x_wconf 83' lang='lat' dir='ltr'><strong>episeo-</strong></span> 
     </span>
    </p>
   </div>
   <div class='ocr_carea' id='block_1_96' title="bbox 350 5089 1992 5164">
    <p class='ocr_par' dir='ltr' id='par_1_96' title="bbox 350 5089 1992 5164">
     <span class='ocr_line' id='line_1_96' title="bbox 350 5089 1992 5164; baseline 0 -18"><span class='ocrx_word' id='word_1_634' title='bbox 350 5107 458 5164; x_wconf 85' lang='lat' dir='ltr'><strong>pus</strong></span> <span class='ocrx_word' id='word_1_635' title='bbox 483 5093 740 5162; x_wconf 79' lang='lat' dir='ltr'><strong>migravit</strong></span> <span class='ocrx_word' id='word_1_636' title='bbox 768 5091 836 5146; x_wconf 82' lang='lat' dir='ltr'><strong>ad</strong></span> <span class='ocrx_word' id='word_1_637' title='bbox 869 5095 1181 5148; x_wconf 83' lang='lat' dir='ltr'><strong>Dominum.</strong></span> <span class='ocrx_word' id='word_1_638' title='bbox 1221 5091 1352 5145; x_wconf 86' lang='lat' dir='ltr'><strong>Vita</strong></span> <span class='ocrx_word' id='word_1_639' title='bbox 1373 5091 1525 5161; x_wconf 85' lang='lat' dir='ltr'><strong>apud</strong></span> <span class='ocrx_word' id='word_1_640' title='bbox 1542 5089 1756 5145; x_wconf 88' lang='lat' dir='ltr'><strong>Mabill.</strong></span> <span class='ocrx_word' id='word_1_641' title='bbox 1791 5108 1898 5146; x_wconf 65' lang='lat' dir='ltr'><strong>sane</strong></span> <span class='ocrx_word' id='word_1_642' title='bbox 1929 5109 1992 5146; x_wconf 86' lang='grc' dir='ltr'><strong>ιιι</strong></span> 
     </span>
    </p>
   </div>
   <div class='ocr_carea' id='block_1_97' title="bbox 358 5177 1356 5250">
    <p class='ocr_par' dir='ltr' id='par_1_97' title="bbox 358 5177 1356 5250">
     <span class='ocr_line' id='line_1_97' title="bbox 358 5177 1356 5250; baseline -0.004 -14"><span class='ocrx_word' id='word_1_643' title='bbox 358 5179 592 5246; x_wconf 90' lang='lat' dir='ltr'><strong>Bened.,</strong></span> <span class='ocrx_word' id='word_1_644' title='bbox 627 5196 682 5250; x_wconf 88' lang='lat' dir='ltr'><strong>p.</strong></span> <span class='ocrx_word' id='word_1_645' title='bbox 717 5195 756 5242; x_wconf 87' lang='grc' dir='ltr'>ι,</span> <span class='ocrx_word' id='word_1_646' title='bbox 789 5183 846 5234; x_wconf 90' lang='lat' dir='ltr'><strong>et</strong></span> <span class='ocrx_word' id='word_1_647' title='bbox 875 5180 1142 5234; x_wconf 79' lang='lat' dir='ltr'><strong>Bolland.</strong></span> <span class='ocrx_word' id='word_1_648' title='bbox 1172 5180 1208 5231; x_wconf 93' lang='lat'><strong>7</strong></span> <span class='ocrx_word' id='word_1_649' title='bbox 1239 5177 1356 5232; x_wconf 90' lang='lat' dir='ltr'><strong>Jul.</strong></span> 
     </span>
    </p>
   </div>
   <div class='ocr_carea' id='block_1_98' title="bbox 425 5267 1992 5340">
    <p class='ocr_par' dir='ltr' id='par_1_98' title="bbox 425 5267 1992 5340">
     <span class='ocr_line' id='line_1_98' title="bbox 425 5267 1992 5340; baseline 0.001 -18"><span class='ocrx_word' id='word_1_650' title='bbox 425 5270 531 5323; x_wconf 85' lang='lat'><strong>706</strong></span> <span class='ocrx_word' id='word_1_651' title='bbox 561 5269 614 5324; x_wconf 90' lang='lat' dir='ltr'><strong>S.</strong></span> <span class='ocrx_word' id='word_1_652' title='bbox 641 5270 874 5323; x_wconf 85' lang='lat' dir='ltr'><strong>Joannes</strong></span> <span class='ocrx_word' id='word_1_653' title='bbox 919 5285 1128 5340; x_wconf 82' lang='lat' dir='ltr'><strong>papa...</strong></span> <span class='ocrx_word' id='word_1_654' title='bbox 1165 5268 1468 5322; x_wconf 72' lang='lat' dir='ltr'><strong>construxit</strong></span> <span class='ocrx_word' id='word_1_655' title='bbox 1503 5269 1555 5321; x_wconf 83' lang='lat' dir='ltr'><strong>et</strong></span> <span class='ocrx_word' id='word_1_656' title='bbox 1584 5267 1783 5322; x_wconf 81' lang='lat' dir='ltr'><strong>multas</strong></span> <span class='ocrx_word' id='word_1_657' title='bbox 1829 5269 1992 5324; x_wconf 82' lang='lat' dir='ltr'><strong>eccle-</strong></span> 
     </span>
    </p>
   </div>
   <div class='ocr_carea' id='block_1_99' title="bbox 357 5359 729 5414">
    <p class='ocr_par' dir='ltr' id='par_1_99' title="bbox 357 5359 729 5414">
     <span class='ocr_line' id='line_1_99' title="bbox 357 5359 729 5414; baseline -0.013 1"><span class='ocrx_word' id='word_1_658' title='bbox 357 5359 470 5414; x_wconf 85' lang='lat' dir='ltr'><strong>sias</strong></span> <span class='ocrx_word' id='word_1_659' title='bbox 494 5359 729 5412; x_wconf 82' lang='lat' dir='ltr'><strong>ornavit.</strong></span> 
     </span>
    </p>
   </div>
   <div class='ocr_carea' id='block_1_100' title="bbox 428 5443 1745 5520">
    <p class='ocr_par' dir='ltr' id='par_1_100' title="bbox 428 5443 1745 5520">
     <span class='ocr_line' id='line_1_100' title="bbox 428 5443 1745 5520; baseline -0.003 -19"><span class='ocrx_word' id='word_1_660' title='bbox 428 5446 534 5501; x_wconf 89' lang='grc'>707</span> <span class='ocrx_word' id='word_1_661' title='bbox 564 5447 670 5500; x_wconf 83' lang='lat' dir='ltr'><strong>Hoc</strong></span> <span class='ocrx_word' id='word_1_662' title='bbox 699 5453 938 5520; x_wconf 62' lang='lat' dir='ltr'><strong>tempore</strong></span> <span class='ocrx_word' id='word_1_663' title='bbox 969 5443 1309 5514; x_wconf 79' lang='lat' dir='ltr'><strong>Hariberlus,</strong></span> <span class='ocrx_word' id='word_1_664' title='bbox 1343 5447 1474 5510; x_wconf 89' lang='lat' dir='ltr'><strong>etc.,</strong></span> <span class='ocrx_word' id='word_1_665' title='bbox 1507 5447 1572 5498; x_wconf 92' lang='lat' dir='ltr'><strong>ut</strong></span> <span class='ocrx_word' id='word_1_666' title='bbox 1600 5443 1745 5514; x_wconf 88' lang='lat' dir='ltr'><strong>Aug.</strong></span> 
     </span>
    </p>
   </div>
   <div class='ocr_carea' id='block_1_101' title="bbox 2101 4911 3765 4987">
    <p class='ocr_par' dir='ltr' id='par_1_101' title="bbox 2101 4911 3765 4987">
     <span class='ocr_line' id='line_1_101' title="bbox 2101 4911 3765 4987; baseline 0.001 -19"><span class='ocrx_word' id='word_1_667' title='bbox 2101 4915 2214 4968; x_wconf 84' lang='lat' dir='ltr'><strong>tino</strong></span> <span class='ocrx_word' id='word_1_668' title='bbox 2241 4929 2384 4983; x_wconf 86' lang='lat' dir='ltr'><strong>papa</strong></span> <span class='ocrx_word' id='word_1_669' title='bbox 2406 4911 2942 4978; x_wconf 57' lang='lat' dir='ltr'><strong>anathematizatur;</strong></span> <span class='ocrx_word' id='word_1_670' title='bbox 2973 4917 3325 4986; x_wconf 80' lang='lat' dir='ltr'><strong>quaprOpier,</strong></span> <span class='ocrx_word' id='word_1_671' title='bbox 3357 4917 3518 4986; x_wconf 83' lang='lat' dir='ltr'><strong>regni</strong></span> <span class='ocrx_word' id='word_1_672' title='bbox 3542 4917 3765 4987; x_wconf 83' lang='lat' dir='ltr'><strong>princi-</strong></span> 
     </span>
    </p>
   </div>
   <div class='ocr_carea' id='block_1_102' title="bbox 2101 5001 3764 5076">
    <p class='ocr_par' dir='ltr' id='par_1_102' title="bbox 2101 5001 3764 5076">
     <span class='ocr_line' id='line_1_102' title="bbox 2101 5001 3764 5076; baseline 0.004 -22"><span class='ocrx_word' id='word_1_673' title='bbox 2101 5003 2257 5072; x_wconf 77' lang='lat' dir='ltr'><strong>pibus</strong></span> <span class='ocrx_word' id='word_1_674' title='bbox 2285 5017 2406 5056; x_wconf 85' lang='lat' dir='ltr'><strong>eum</strong></span> <span class='ocrx_word' id='word_1_675' title='bbox 2454 5016 2550 5069; x_wconf 81' lang='lat' dir='ltr'><strong>pro</strong></span> <span class='ocrx_word' id='word_1_676' title='bbox 2597 5002 3065 5057; x_wconf 73' lang='lat' dir='ltr'><strong>ereommimieato</strong></span> <span class='ocrx_word' id='word_1_677' title='bbox 3105 5001 3492 5070; x_wconf 78' lang='lat' dir='ltr'><strong>devitantibus,</strong></span> <span class='ocrx_word' id='word_1_678' title='bbox 3544 5005 3764 5076; x_wconf 84' lang='lat' dir='ltr'><strong>regium</strong></span> 
     </span>
    </p>
   </div>
   <div class='ocr_carea' id='block_1_103' title="bbox 2102 5088 3045 5159">
    <p class='ocr_par' dir='ltr' id='par_1_103' title="bbox 2102 5088 3045 5159">
     <span class='ocr_line' id='line_1_103' title="bbox 2102 5088 3045 5159; baseline -0.001 -14"><span class='ocrx_word' id='word_1_679' title='bbox 2102 5090 2352 5145; x_wconf 87' lang='lat' dir='ltr'><strong>diadema</strong></span> <span class='ocrx_word' id='word_1_680' title='bbox 2381 5090 2646 5149; x_wconf 81' lang='lat' dir='ltr'><strong>deponere</strong></span> <span class='ocrx_word' id='word_1_681' title='bbox 2673 5088 3045 5159; x_wconf 81' lang='lat' dir='ltr'><strong>compellitur.</strong></span> 
     </span>
    </p>
   </div>
   <div class='ocr_carea' id='block_1_104' title="bbox 2171 5179 3081 5251">
    <p class='ocr_par' dir='ltr' id='par_1_104' title="bbox 2171 5179 3081 5251">
     <span class='ocr_line' id='line_1_104' title="bbox 2171 5179 3081 5251; baseline 0 -18"><span class='ocrx_word' id='word_1_682' title='bbox 2171 5179 2278 5234; x_wconf 81' lang='grc'><strong>712</strong></span> <span class='ocrx_word' id='word_1_683' title='bbox 2307 5179 2647 5241; x_wconf 84' lang='lat' dir='ltr'><strong>Haribertus,</strong></span> <span class='ocrx_word' id='word_1_684' title='bbox 2671 5183 2810 5244; x_wconf 92' lang='lat' dir='ltr'><strong>etc.,</strong></span> <span class='ocrx_word' id='word_1_685' title='bbox 2842 5182 2906 5232; x_wconf 87' lang='lat' dir='ltr'><strong>ut</strong></span> <span class='ocrx_word' id='word_1_686' title='bbox 2936 5183 3081 5251; x_wconf 79' lang='lat' dir='ltr'><strong>Aug.</strong></span> 
     </span>
    </p>
   </div>
   <div class='ocr_carea' id='block_1_105' title="bbox 2169 5267 3768 5345">
    <p class='ocr_par' dir='ltr' id='par_1_105' title="bbox 2169 5267 3768 5345">
     <span class='ocr_line' id='line_1_105' title="bbox 2169 5267 3768 5345; baseline 0.003 -22"><span class='ocrx_word' id='word_1_687' title='bbox 2169 5267 2272 5323; x_wconf 76' lang='lat' dir='ltr'><strong>7H</strong></span> <span class='ocrx_word' id='word_1_688' title='bbox 2315 5268 2700 5322; x_wconf 77' lang='lat' dir='ltr'><strong>Anastasius...</strong></span> <span class='ocrx_word' id='word_1_689' title='bbox 2741 5282 2798 5322; x_wconf 90' lang='lat' dir='ltr'><strong>se</strong></span> <span class='ocrx_word' id='word_1_690' title='bbox 2826 5267 3157 5323; x_wconf 86' lang='lat' dir='ltr'><strong>catholicum</strong></span> <span class='ocrx_word' id='word_1_691' title='bbox 3205 5269 3538 5326; x_wconf 83' lang='lat' dir='ltr'><strong>declaravit.</strong></span> <span class='ocrx_word' id='word_1_692' title='bbox 3579 5271 3768 5345; x_wconf 82' lang='lat' dir='ltr'><strong>Pippi-</strong></span> 
     </span>
    </p>
   </div>
   <div class='ocr_carea' id='block_1_106' title="bbox 2103 5356 3208 5426">
    <p class='ocr_par' dir='ltr' id='par_1_106' title="bbox 2103 5356 3208 5426">
     <span class='ocr_line' id='line_1_106' title="bbox 2103 5356 3208 5426; baseline 0.003 -17"><span class='ocrx_word' id='word_1_693' title='bbox 2103 5373 2272 5412; x_wconf 84' lang='lat' dir='ltr'><strong>nus...</strong></span> <span class='ocrx_word' id='word_1_694' title='bbox 2297 5356 2526 5412; x_wconf 83' lang='lat' dir='ltr'><strong>Carolus</strong></span> <span class='ocrx_word' id='word_1_695' title='bbox 2556 5357 2809 5426; x_wconf 82' lang='lat' dir='ltr'><strong>regnavit</strong></span> <span class='ocrx_word' id='word_1_696' title='bbox 2839 5358 3003 5412; x_wconf 82' lang='lat' dir='ltr'><strong>annis</strong></span> <span class='ocrx_word' id='word_1_697' title='bbox 3033 5374 3208 5415; x_wconf 85' lang='lat' dir='ltr'><strong>xxvn.</strong></span> 
     </span>
    </p>
   </div>
   <div class='ocr_carea' id='block_1_107' title="bbox 1939 5541 2169 5597">
    <p class='ocr_par' dir='ltr' id='par_1_107' title="bbox 1939 5541 2169 5597">
     <span class='ocr_line' id='line_1_107' title="bbox 1939 5541 2169 5597; baseline 0 0"><span class='ocrx_word' id='word_1_698' title='bbox 1939 5541 2169 5597; x_wconf 69' lang='lat' dir='ltr'><strong>NOTAE.</strong></span> 
     </span>
    </p>
   </div>
   <div class='ocr_carea' id='block_1_108' title="bbox 527 5653 1860 5726">
    <p class='ocr_par' dir='ltr' id='par_1_108' title="bbox 527 5653 1860 5726">
     <span class='ocr_line' id='line_1_108' title="bbox 527 5653 1860 5726; baseline -0.002 -16"><span class='ocrx_word' id='word_1_699' title='bbox 527 5658 582 5725; x_wconf 91' lang='lat'><strong>3)</strong></span> <span class='ocrx_word' id='word_1_700' title='bbox 614 5659 715 5712; x_wconf 85' lang='lat' dir='ltr'><strong>Est</strong></span> <span class='ocrx_word' id='word_1_701' title='bbox 744 5655 870 5724; x_wconf 85' lang='lat' dir='ltr'><strong>ejus</strong></span> <span class='ocrx_word' id='word_1_702' title='bbox 902 5655 1048 5711; x_wconf 88' lang='lat' dir='ltr'><strong>liber</strong></span> <span class='ocrx_word' id='word_1_703' title='bbox 1079 5658 1148 5712; x_wconf 80' lang='lat' dir='ltr'><strong>De</strong></span> <span class='ocrx_word' id='word_1_704' title='bbox 1174 5655 1500 5724; x_wconf 75' lang='lat' dir='ltr'><strong>temporibus</strong></span> <span class='ocrx_word' id='word_1_705' title='bbox 1523 5653 1860 5726; x_wconf 89' lang='lat' dir='ltr'><strong>inscriptus.</strong></span> 
     </span>
    </p>
   </div>
   <div class='ocr_carea' id='block_1_109' title="bbox 457 5727 2000 5799">
    <p class='ocr_par' dir='ltr' id='par_1_109' title="bbox 457 5727 2000 5799">
     <span class='ocr_line' id='line_1_109' title="bbox 457 5727 2000 5799; baseline -0.001 -17"><span class='ocrx_word' id='word_1_706' title='bbox 457 5727 586 5799; x_wconf 67' lang='lat'><strong>234)</strong></span> <span class='ocrx_word' id='word_1_707' title='bbox 615 5730 693 5783; x_wconf 82' lang='lat' dir='ltr'><strong>Ex</strong></span> <span class='ocrx_word' id='word_1_708' title='bbox 716 5727 892 5783; x_wconf 86' lang='lat' dir='ltr'><strong>Paulo</strong></span> <span class='ocrx_word' id='word_1_709' title='bbox 927 5730 1172 5784; x_wconf 80' lang='lat' dir='ltr'><strong>Diacono</strong></span> <span class='ocrx_word' id='word_1_710' title='bbox 1207 5728 1504 5784; x_wconf 83' lang='lat' dir='ltr'><strong>Hariberto</strong></span> <span class='ocrx_word' id='word_1_711' title='bbox 1538 5727 1818 5781; x_wconf 76' lang='lat' dir='ltr'><strong>successit</strong></span> <span class='ocrx_word' id='word_1_712' title='bbox 1859 5733 2000 5781; x_wconf 80' lang='lat' dir='ltr'><strong>Ans-</strong></span> 
     </span>
    </p>
   </div>
   <div class='ocr_carea' id='block_1_110' title="bbox 2159 5653 3766 5781">
    <p class='ocr_par' dir='ltr' id='par_1_110' title="bbox 2159 5653 3766 5781">
     <span class='ocr_line' id='line_1_110' title="bbox 2159 5653 3766 5781; baseline 0.002 -70"><span class='ocrx_word' id='word_1_713' title='bbox 2159 5655 2487 5781; x_wconf 60' lang='lat' dir='ltr'><strong>rapdus,det</strong></span> <span class='ocrx_word' id='word_1_714' title='bbox 2523 5653 2658 5708; x_wconf 84' lang='lat' dir='ltr'><strong>huic</strong></span> <span class='ocrx_word' id='word_1_715' title='bbox 2691 5655 2893 5710; x_wconf 88' lang='lat' dir='ltr'><strong>eodem</strong></span> <span class='ocrx_word' id='word_1_716' title='bbox 2925 5672 3079 5712; x_wconf 86' lang='lat' dir='ltr'><strong>anno</strong></span> <span class='ocrx_word' id='word_1_717' title='bbox 3126 5655 3401 5713; x_wconf 80' lang='lat' dir='ltr'><strong>defuncto</strong></span> <span class='ocrx_word' id='word_1_718' title='bbox 3437 5657 3597 5714; x_wconf 88' lang='lat' dir='ltr'><strong>ﬁlius</strong></span> <span class='ocrx_word' id='word_1_719' title='bbox 3637 5659 3766 5734; x_wconf 76' lang='lat' dir='ltr'><strong>eius</strong></span> 
     </span>
     <span class='ocr_line' id='line_1_111' title="bbox 2165 5738 2534 5781; baseline -0.008 0"><span class='ocrx_word' id='word_1_720' title='bbox 2165 5745 2222 5781; x_wconf 84' lang='grc' dir='ltr'><strong>ιιι</strong></span> <span class='ocrx_word' id='word_1_721' title='bbox 2245 5743 2395 5781; x_wconf 87' lang='lat' dir='ltr'><strong>.nran</strong></span> <span class='ocrx_word' id='word_1_722' title='bbox 2449 5738 2534 5780; x_wconf 88' lang='lat' dir='ltr'><strong>us.</strong></span> 
     </span>
    </p>
   </div>
   <div class='ocr_carea' id='block_1_111' title="bbox 2165 5738 2534 5800">
    <p class='ocr_par' dir='ltr' id='par_1_111' title="bbox 2165 5738 2534 5800">
     <span class='ocr_line' id='line_1_112' title="bbox 2165 5738 2534 5800; baseline -0.011 -17"><span class='ocrx_word' id='word_1_723' title='bbox 2165 5738 2436 5800; x_wconf 83' lang='lat' dir='ltr'><strong>uitprand</strong></span> <span class='ocrx_word' id='word_1_724' title='bbox 2449 5738 2534 5780; x_wconf 87' lang='lat' dir='ltr'><strong>us.</strong></span> 
     </span>
    </p>
   </div>
  </div>
