3940 6346
353 417 470 484 189

1149 416 1564 482 HERMANNI
1607 413 2046 484 GONTHAGTI
2088 411 2510 480 AUGIENSIS
2550 407 2933 480 MONACHI.

3635 402 3771 470 ιδο

1707 575 1942 634 CODEX
1980 574 2374 633 AUGIENSIS.

417 679 526 736 747
545 676 994 748 Carlomannus,
1025 676 1218 733 divino
1269 691 1465 732 amore
1520 680 1730 742 tactus,
1774 675 1994 730 mundo
2024 673 2078 740 Α
2107 673 2342 739 scendo,
2376 672 2448 727 ad
2480 670 2792 744 Pippinum
2824 683 3020 742 regem
3050 666 3111 724 in
3146 663 3451 724 Franciam
3480 664 3672 734 venit,
3711 671 3772 724 et

349 766 802 832 abrenuntiavit,
831 769 909 837 et,
942 766 1183 822 Romam
1207 768 1753 838 pergenas,mutato
1785 763 1988 818 habitu

354 856 712 912 monachum
742 871 804 910 se
834 855 890 909 in
925 860 1112 909 castro
1139 855 1376 908 Cassino
1419 855 1564 921 (255)
1597 853 1669 908 ad
1719 858 1987 907 sanctum

354 945 733 1001 Benedictum
766 943 917 1000 fecit.
951 945 1093 999 Ann.
1128 943 1284 998 Fuld.

423 1035 528 1088 748
559 1033 774 1106 Gripho
803 1049 869 1088 ex
900 1031 1224 1087 concubina
1256 1031 1432 1084 frater
1457 1028 1707 1100 Pippini,
1738 1029 1992 1100 tyranni-

352 1123 484 1178 dem
517 1123 812 1188 affectans,
845 1122 914 1175 ad
949 1121 1204 1176 Saxones
1242 1137 1302 1174 se
1336 1118 1602 1184 contulit,
1632 1117 1993 1190 Pippinoque

347 1211 706 1277 adveniente,
740 1209 1029 1281 paciﬁcari
1060 1225 1192 1264 cum
1225 1224 1290 1263 eo
1326 1207 1549 1274 nolens,
1583 1206 1643 1262 in
1667 1205 1989 1277 Bajoariam

353 1301 519 1372 fugit.
553 1301 694 1354 Ann.
723 1301 751 1353 I'
764 1298 858 1353 uld
871 1341 882 1353 .

419 1371 525 1444 749
560 1386 865 1460 Pippinus,
895 1371 1222 1458 Bajoariam
1247 1385 1466 1448 adiens,
1501 1381 1863 1437 Tassilonem
1899 1400 1988 1435 so-

351 1475 501 1531 roris
533 1493 651 1531 sua:
687 1474 972 1528 Niltrudis
1023 1473 1207 1526 lilium
1267 1473 1471 1526 ducem
1533 1470 1609 1523 ibi
1665 1470 1988 1534 constituit,

351 1563 648 1636 Griphone
685 1566 742 1617 et
777 1561 1064 1616 Lantl’rido
1089 1561 1234 1633 (256)
1266 1560 1400 1614 inde
1451 1559 1736 1614 abductis.
1788 1559 1986 1612 Annal.

351 1654 426 1708 Fu
435 1651 506 1706 ld.
541 1651 738 1720 Fredeg
769 1657 911 1704 cont.

423 1739 528 1808 750
559 1738 840 1810 Pippinus
893 1735 1170 1808 Griphoni
1203 1754 1280 1791 xu
1306 1741 1614 1791 comitatus
1643 1735 1699 1790 in
1724 1735 1989 1807 partibus

351 1827 630 1884 Neustriaa
663 1827 856 1893 dedit;
891 1827 988 1882 sed
1023 1825 1118 1880 ille
1152 1841 1388 1880 rursum
1433 1826 1682 1880 diﬁdens
1712 1825 1780 1878 ad
1835 1823 1988 1877 Wai-

351 1916 563 1972 farium
597 1917 802 1971 ducem
835 1913 1154 1986 Aquitania:
1189 1914 1518 1986 transfugit.
1575 1914 1774 1969 Annal.
1831 1913 1986 1968 Fuld.

353 2021 406 2060 a.
437 2005 562 2060 77.9.

417 2094 517 2148 751
554 2091 854 2165 Pippinus,
878 2091 1073 2148 missis
1106 2092 1346 2146 Romam
1373 2091 1576 2164 legatis
1609 2089 1992 2161 (257),Zaeha-

349 2181 495 2237 riam
521 2197 728 2252 papam
755 2182 824 2236 de
846 2197 1024 2253 regno
1045 2180 1398 2236 Francorum
1425 2185 1481 2234 et
1503 2178 1730 2250 ignavis
1753 2178 1991 2250 regibus

349 2271 478 2341 ejus
496 2268 1130 2340 Merowingis,nomine
1143 2268 1264 2324 solo
1281 2267 1662 2328 regnantibus
1677 2265 1988 2322 consuluit.

351 2359 492 2414 Ann.
535 2358 688 2412 Fuld.
720 2389 788 2398 -——-
819 2355 1151 2412 Lantfridus
1183 2355 1448 2410 moritur.
1482 2357 1680 2411 Annal.
1715 2357 1846 2411 Nat.

419 2447 565 2504 121
625 2448 733 2502 752
780 2446 1136 2501 Auetoritate
1188 2445 1476 2500 Zachariae
1534 2461 1693 2516 papae
1735 2449 1809 2513 et,
1872 2461 1984 2499 non

349 2535 533 2591 multo
565 2539 714 2608 post,
749 2533 1047 2606 Stephani,
1078 2535 1176 2606 qui
1211 2533 1398 2588 eidem
1435 2533 1490 2587 in
1525 2532 1861 2605 pontificatu
1893 2550 1992 2588 sex

349 2641 532 2680 annos
563 2623 1200 2694 suceedebat,deposito
1230 2639 1296 2677 ac
1327 2622 1569 2676 detonso
1595 2639 1724 2693 rege
1751 2621 1976 2678 Cbildc-

349 2713 467 2768 rico
485 2697 947 2784 Merovingorum
974 2709 1410 2782 ultimo,Pippin
1427 2727 1494 2764 us
1517 2727 1612 2765 rex
1637 2711 1990 2766 Francorum

349 2798 588 2865 electus,
619 2805 677 2856 et
705 2799 1035 2856 Suessionis
1061 2817 1096 2855 a
1135 2806 1334 2855 sancto
1380 2799 1676 2854 Bonifaeio
1705 2799 1988 2872 archiepi-

349 2905 523 2960 scopo
556 2893 767 2944 unctus
797 2894 852 2944 et
880 2893 1272 2956 consecratus,
1320 2889 1583 2960 regnavit
1630 2887 1801 2943 annis
1851 2906 1986 2944 xvn.

349 2978 493 3032 Ann.
527 2977 686 3032 Fuld.
721 2979 856 3032 Gest.
890 2993 1003 3046 reg.
1033 2979 1230 3031 Franc.
1262 2977 1736 3048 —-Audogarius,
1765 2978 1990 3048 primus

353 3063 833 3136 Campidonensis
864 3065 1111 3119 ccenobii
1143 3065 1415 3120 fundator
1443 3069 1497 3120 et
1545 3065 1746 3134 abbas,
1798 3065 1990 3122 locum

354 3151 522 3208 illum
555 3151 803 3208 incolere
829 3151 998 3224 erepit
1021 3153 1190 3222 (258).
1879 3160 1893 3173 ‘

422 3243 528 3297 753
557 3241 838 3313 Pippinus
870 3257 967 3296 rex
991 3241 1270 3312 perlidam
1307 3258 1509 3296 rursus
1553 3243 1861 3298 Saxoniam
1895 3259 1988 3298 va-

349 3334 482 3400 stat,
500 3329 696 3402 ibique
725 3328 1084 3401 Hildigarius
1105 3327 1462 3384 Coloniensis
1512 3329 1988 3403 archiepiscopus

347 3418 574 3474 occisus
605 3423 710 3473 est.
749 3419 886 3473 Ann.
917 3417 1072 3471 Fnld.
1108 3451 1175 3458 —
1206 3418 1443 3490 Gripho,
1477 3436 1608 3472 cum
1646 3419 1868 3474 Italiam
1897 3438 1987 3492 pe-
2017 3405 2060 3472 C

347 3509 464 3562 tere
495 3506 814 3574 moliretur,
844 3523 876 3560 ιι
908 3505 1221 3560 comitibus
1275 3505 1500 3578 Pippini
1532 3507 1588 3561 in
1635 3507 1778 3563 valle
1829 3509 1988 3564 Mau-

345 3593 552 3649 rienna
578 3593 953 3649 interimitur.
985 3596 1048 3649 Il.
1084 3626 1147 3634 —
1180 3595 1514 3666 Stephanus
1537 3613 1706 3668 papa,
1740 3614 1844 3670 pro
1887 3615 1989 3653 au-

346 3681 486 3738 xilio
520 3686 722 3738 contra
749 3681 1100 3738 Haistull‘um
1142 3683 1647 3754 Langobardorum
1672 3702 1866 3758 regem
1889 3705 1988 3760 po-

2100 762 2251 818 ﬁlios
2283 762 2412 832 ejus
2452 759 2722 816 Carolum
2755 763 2812 815 et
2832 757 3285 814 Carlomannum
3319 757 3470 829 (259)
3492 755 3774 814 Parisius

2101 867 2267 922 reges
2297 850 2482 905 unxit.
2523 851 2672 905 Ann.
2711 847 2866 904 Fuld.
2900 846 3020 902 Met.

2169 941 2276 995 754
2310 941 2561 995 Sanctus
2587 937 2920 993 Bonifacius
2965 934 3392 1008 Moguntiensis
3436 933 3774 1008 archiepis-

2101 1043 2303 1100 copus,
2338 1043 2472 1084 cum
2505 1025 2855 1082 Fresonibus
2885 1023 3328 1094 evangelizaret,
3373 1023 3660 1098 martyrio
3694 1025 3770 1080 ab

2101 1116 2184 1173 eis
2215 1121 2523 1172 coronatus
2553 1120 2641 1170 est
2669 1131 2821 1169 anno
2852 1113 3224 1185 episcopatus
3261 1129 3433 1168 xxxvx
3485 1117 3545 1168 et
3597 1115 3767 1186 apud

2103 1205 2388 1261 Fuldense
2417 1205 2746 1259 coenobium
2780 1201 3045 1276 sepultus
3079 1219 3092 1270 ;
3128 1217 3230 1273 pro
3262 1217 3377 1273 quo
3411 1201 3621 1258 Lullus
3653 1219 3760 1257 ar-

2097 1295 2504 1366 chiepiscopus
2563 1291 2794 1364 praeluit
2851 1291 3024 1346 annis
3070 1307 3246 1348 xxxn.
3278 1292 3424 1346 Ann.
3463 1289 3636 1346 Fuld.
3665 1307 3767 1346 an.

2096 1383 2325 1436 755.’-
2355 1381 2772 1439 Carlomannus
2807 1381 2981 1435 frater
3011 1379 3264 1452 Pippini,
3295 1395 3430 1435 cum
3485 1380 3560 1434 ad
3615 1396 3764 1436 eum

2100 1488 2202 1544 pro
2234 1471 2629 1527 dissuadenda
2661 1469 3023 1542 expeditione
3051 1468 3253 1524 Italica
3301 1469 3498 1524 venire
3559 1467 3760 1536 vellet,

2100 1561 2382 1632 Lugdune
2415 1559 2574 1614 obiit.
2608 1559 2790 1614 ALan.
2816 1559 3014 1612 754.-
3048 1557 3330 1630 Pippinus
3361 1557 3591 1614 Italiam
3616 1574 3760 1614 cum

2099 1649 2352 1706 exercitu
2385 1649 2609 1722 petit,et
2640 1646 2995 1704 Haistulfum
3024 1663 3219 1718 regem
3243 1645 3459 1702 victum
3483 1650 3542 1702 et
3563 1647 3764 1720 Papiae

2099 1740 2405 1795 Obsessum
2439 1737 2672 1792 obsides
2705 1736 2863 1804 dare,
2897 1739 2952 1790 et
2983 1751 3077 1791 res
3107 1733 3294 1790 sancti
3346 1734 3496 1790 Petri
3555 1751 3766 1792 sacra-

2101 1831 2296 1882 mento
2327 1827 2568 1880 reddere
2595 1822 2894 1896 compulit.
2929 1822 3598 1896 Anast.Fred.append.—
3634 1823 3770 1878 Ste-

2101 1914 2331 1987 phanus
2348 1932 2496 1986 papa
2523 1915 2666 1970 duce
2689 1913 3036 1986 Hieronymo
3059 1911 3480 1984 Pippinifratre
3497 1912 3759 1969 Romam

2100 2002 2288 2058 rediit.
2325 2005 2466 2058 Ann.
2502 2002 2659 2056 Fuld.

2178 2093 2325 2148 122
2354 2094 2458 2146 755
2490 2088 2816 2146 Haistulfus
2866 2093 3299 2146 sacramentum
3365 2091 3758 2146 contemnens

2103 2180 2345 2236 Romam
2377 2179 2624 2246 obsidet,
2657 2179 2856 2234 omnia
2885 2178 3102 2234 circum
3134 2177 3282 2234 ferro
3311 2183 3370 2234 et
3398 2177 3534 2251 igne
3570 2178 3753 2236 deva-

2101 2275 2302 2335 stans;
2339 2285 2440 2340 pro
2469 2285 2583 2340 qua
2614 2285 2673 2322 re
2705 2283 2854 2340 papa
2884 2265 3106 2340 legatos
3155 2267 3383 2322 marino
3429 2266 3642 2322 itinere
3673 2267 3748 2324 ad

2101 2357 2410 2430 Pippinum
2445 2361 2715 2428 questum
2749 2360 2806 2410 et
2834 2357 3026 2410 dueno
3057 2354 3340 2410 auxilium
3371 2355 3753 2411 obsecratum

2100 2445 2303 2502 mittit.
2339 2445 2546 2499 Annal.
2581 2443 2737 2498 Fuld.

2169 2537 2275 2589 756
2307 2533 2586 2606 Pippinus
2618 2549 2735 2600 rex,
2761 2531 2973 2586 iterum
3007 2529 3238 2587 Italiam
3263 2531 3761 2604 petens,Haistul-

2100 2625 2223 2679 fum
2243 2623 2412 2695 Papio
2434 2619 2726 2676 inclusum
2751 2619 3064 2689 obsidet,et
3085 2620 3421 2676 Ravennam
3446 2636 3586 2676 cum
3602 2621 3722 2678 Pen

2100 2712 2300 2784 tapoli,
2333 2709 2583 2782 aliisque
2616 2725 2742 2781 quae
2791 2712 3145 2782 pervaserat,
3208 2713 3411 2765 sancto
3468 2709 3642 2766 Petro
3699 2715 3760 2766 et

2099 2801 2314 2856 domno
2350 2816 2506 2872 papa:
2538 2815 2641 2871 per
2669 2798 2925 2869 legatum
2949 2813 3123 2853 suum
3156 2795 3471 2854 Folradum
3507 2799 3756 2855 reddere

2100 2892 2374 2945 coarctat.
2408 2889 2509 2942 An.
2534 2886 2687 2942 Fuld.
2713 2885 2930 2957 Fredeg.
2963 2893 3104 2942 cont.
3134 2901 3402 2958 stuprare.

2167 2979 2274 3033 757
2303 2975 2628 3032 Haistulfus
2660 2991 2776 3044 rex,
2811 2975 2870 3029 in
2903 2979 3114 3030 venatu
3147 2991 3214 3030 ex
3245 2991 3394 3048 equo
3425 2973 3756 3049 lapsus,in-

2097 3065 2292 3135 teriit;
2323 3083 2424 3138 pro
2457 3081 2572 3136 quo
2601 3063 2935 3119 Desiderius
2966 3062 3230 3136 regnavit
3259 3064 3433 3136 (260).
3465 3068 3756 3122 Constan-

2097 3155 2258 3211 tinus
2285 3153 2603 3225 imperator
2639 3153 2792 3207 inter
2843 3150 2957 3207 alia
3014 3166 3260 3208 munera
3316 3152 3566 3226 Pippino
3624 3154 3757 3227 regi

2097 3244 2272 3301 etiam
2305 3258 2589 3314 organum
2614 3240 2794 3295 misit.
2827 3241 2970 3296 Ann.
3001 3239 3159 3296 Fuld.

2169 3333 2273 3386 758
2303 3331 2360 3386 Pi
2369 3329 2583 3403 ppinus
2615 3328 2940 3385 Saxonibus
2965 3328 3104 3385 item
3122 3329 3414 3402 superatis
3437 3330 3755 3387 annuatim

2099 3438 2199 3478 ccc
2220 3435 2504 3492 equorum
2535 3434 2777 3474 censum
2809 3417 3079 3490 imponit.
3111 3418 3424 3474 Ann.Fuld.
3457 3450 3526 3460 —-
3551 3420 3756 3476 Roma:

2101 3509 2394 3582 Stephano
2427 3523 2579 3580 papa
2609 3505 2826 3562 Paulus
2857 3506 3139 3563 successit
3160 3506 3333 3563 annis
3363 3525 3418 3562 x.
3451 3508 3644 3565 Anast.
3699 3527 3758 3566 a.

2099 3600 2238 3666 757;
2269 3599 2350 3654 sic
2379 3599 2428 3652 et
2461 3595 2698 3652 Gotlwic.

1375 3782 1844 3839 COMPENDIUM
1883 3785 1970 3842 EX
2007 3785 2256 3843 CODICE
2296 3784 2672 3840 BERNOLDI.

413 3878 521 3934 747
551 3877 777 3934 Carolus
801 3893 904 3950 pro
946 3879 1045 3934 Dei
1089 3893 1276 3933 amore
1319 3878 1522 3934 mundo
1569 3880 1982 3950 abrenuntians,

346 3969 408 4024 in
433 3971 608 4024 castra
641 3965 864 4023 ϐαδδίηο
893 3967 1218 4023 monachum
1255 3983 1311 4022 se
1335 3968 1486 4038 fecit.

414 4057 524 4112 750
551 4057 820 4128 Pippinus
851 4055 1180 4129 Griphoni...
1211 4057 1484 4114 Neustria?
1502 4057 1665 4114 dedit.

413 4145 511 4200 75l
555 4147 841 4216 Pippinus,
871 4147 1120 4202 missis...
1157 4147 1368 4218 ignavis
1397 4147 1515 4218 ejus
1561 4149 1809 4220 regibus,
1857 4165 1985 4205 con-

344 4234 516 4290 suluit
558 4233 703 4288 Idem
732 4235 1020 4305 Pippinus,
1044 4251 1146 4291 rex
1173 4237 1415 4307 effectus,
1456 4253 1573 4291 xvn
1602 4239 1765 4292 annis
1793 4255 1988 4308 regna-

351 4323 450 4376 vit.

415 4411 522 4465 752
578 4410 975 4467 Αιισίονίιαέθ...
1039 4412 1342 4470 Childerico
1387 4415 1720 4486 Pippinus...
1771 4425 1982 4486 unctus,

343 4500 591 4572 regnauit
621 4502 786 4556 annis
816 4518 953 4556 xvu.
986 4501 1391 4574 Audogarius...
1423 4503 1660 4559 incolere
1687 4507 1864 4576 erepit.

2092 3898 2358 3938 manus...
2390 3880 2628 3950 Lugdini
2657 3879 3088 3952 obiit.Pippinus
3106 3879 3332 3936 Italiam
3350 3896 3476 3936 cum
3498 3885 3760 3941 exercitu

2087 3975 2278 4044 petens
2307 3969 2640 4040 Haislulfum
2667 3985 2846 4040 regem
2875 3969 3069 4042 Papiae
3099 3969 3374 4026 obsessum
3399 3969 3618 4028 obsides
3649 3971 3755 4030 da-

2093 4076 2172 4128 re,
2201 4066 2256 4117 et
2285 4075 2368 4115 res
2399 4059 2453 4114 S.
2485 4060 2640 4114 Petri
2664 4057 2762 4114 sub
2791 4065 3128 4116 sacramento
3149 4057 3374 4116 reddere
3399 4061 3594 4132 coegit.
3626 4059 3753 4119 Ste-

2086 4149 2322 4223 phanus.
2335 4190 2369 4202 ..
2402 4147 2520 4204 redi
2524 4149 2584 4204 il.
2605 4133 2612 4140 ’

2163 4240 2270 4294 755
2298 4237 2726 4309 Ηιιίςιιιιρὴιιδ...
2760 4244 3018 4300 vastans;
3043 4253 3146 4310 pro
3171 4252 3280 4310 qua
3308 4252 3368 4294 re
3417 4253 3566 4311 papa
3597 4239 3751 4311 lega-

2093 4333 2174 4385 tos
2200 4345 2300 4398 per
2326 4343 2480 4382 mare
2508 4325 2578 4382 ad
2605 4327 2906 4398 Pippinum
2929 4341 3030 4398 pro
3060 4327 3277 4383 manilio
3318 4327 3490 4382 misit.

2163 4418 2270 4472 756
2299 4417 2637 4488 Pippinus...
2657 4417 2844 4486 Papia
2874 4415 3096 4481 obsidet,
3139 4422 3189 4472 et
3221 4417 3545 4472 Rerennam
3573 4419 3752 4475 alias-

2093 4521 2194 4579 que
2221 4507 2378 4561 urbes
2398 4519 2655 4576 pervasus
2681 4519 2804 4560 eum
2834 4503 2890 4558 S.
2923 4507 3086 4562 Petro
3115 4509 3167 4560 et
3195 4503 3416 4562 domin-0
3455 4522 3620 4580 papw
3647 4525 3756 4581 per

411 4589 520 4644 753
546 4591 818 4662 Pippinus
849 4607 951 4646 rex
982 4590 1348 4646 Saxoniam...
1383 4593 1588 4647 occisus
1631 4597 1728 4648 est.
1761 4593 1986 4666 Stepha-
2016 4633 2064 4698 Β
2097 4595 2335 4668 legatum
2356 4593 2578 4650 reddere
2605 4593 2884 4665 compulit.

343 4693 448 4734 nus
472 4694 685 4750 papa...
711 4695 861 4752 reges
885 4681 1063 4735 unxit.

413 4765 518 4822 ’754
551 4766 604 4822 S.
639 4769 955 4840 Bonifacius
983 4768 1476 4838 Mogunlinensis...
1509 4768 1827 4825 Fresouibus
1843 4785 1987 4842 prce-

345 4853 566 4925 dicaret,
593 4857 982 4930 martyrimlus
1013 4861 1092 4912 est
1119 4855 1189 4911 ab
1218 4856 1363 4910 eis...
1398 4859 1560 4912 annis
1590 4875 1762 4914 xxxn.
1799 4859 1984 4917 Carte-

2163 4685 2266 4740 757
2300 4683 2682 4739 Constantinus
2713 4683 2894 4754 imp...
2924 4683 3099 4739 misit.

2163 4773 2268 4827 758
2299 4773 2548 4829 Romae...
2573 4772 2740 4828 annis
2767 4769 2970 4826 decem.

1935 4963 1983 5013 Ν
1987 4959 2162 5015 OTIE.

417 5053 564 5124 (255)
595 5051 1012 5124 Gottwieensis
1042 5051 1098 5124 id
1137 5050 1196 5105 in
1246 5056 1442 5124 monte
1489 5054 1720 5110 Soracte
1765 5055 1984 5112 factum

347 5122 573 5196 scribit,
609 5125 694 5178 uti
732 5122 1181 5196 ctiamllegino,
1215 5123 1315 5178 sed
1355 5125 1508 5179 brevi
1545 5132 1674 5196 post
1697 5143 1765 5180 ex
1794 5126 1893 5184 illo
1927 5129 1985 5184 in

345 5195 504 5252 Cassi
517 5211 568 5248 ιιι
580 5212 612 5247 ιι
626 5212 680 5248 ιιι
711 5193 978 5264 perrexit.

417 5266 569 5336 (256)
591 5263 983 5336 Schmpﬂinus
1015 5263 1228 5336 aliique
1261 5266 1624 5321 Lantfridum
1644 5266 1798 5322 hunc
1819 5267 1989 5336 primi

347 5335 628 5390 Lantt'ridi
664 5335 896 5390 an.’730
925 5335 1149 5390 mortui
1169 5335 1372 5398 lilium,
1419 5341 1476 5390 ct
1503 5335 1855 5393 Alemannia:
1882 5339 1988 5392 du-

349 5423 473 5480 cem
529 5405 708 5480 fuisse
749 5413 1038 5480 asserunt.
1093 5405 1219 5480 Yid.
1269 5407 1452 5480 Alsat.
1499 5407 1718 5480 illustr.
1753 5425 1808 5480 p.
1841 5410 1935 5480 75l
1974 5427 1988 5477 ;

348 5476 754 5604 ﬁeeardg.ul’ler.
785 5477 983 5533 Frane.
1018 5482 1058 5532 t.
1093 5478 1136 5546 Ι,
1169 5495 1224 5549 p.
1261 5479 1388 5544 487,
1419 5478 1622 5546 Calles,
1681 5476 1913 5549 Annal.,
1943 5476 1987 5536 t.

409 5591 421 5604 .
457 5565 511 5604 ι).
659 5591 670 5602 .
1877 5575 1886 5589 .

407 5565 511 5619 ,9.
546 5565 670 5602 ΰιυ.

423 5617 568 5692 (257)
603 5619 960 5690 Legationem
994 5618 1145 5692 hanc
1193 5635 1260 5674 ex
1297 5620 1638 5692 AEginhardo
1680 5622 1831 5691 parti
1875 5638 1992 5676 suae

2095 5053 2283 5112 Annal
2312 5054 2544 5121 eecles.,
2573 5057 2618 5110 t.
2647 5053 2772 5111 Vad
2829 5067 2970 5111 ann.
3016 5053 3148 5121 752,
3206 5055 3265 5109 et
3319 5053 3564 5111 Eccard.
3615 5055 3755 5114 Ret.

2100 5128 2333 5200 Frane.,
2355 5131 2405 5200 γι.
2440 5128 2487 5200 _I,
2519 5143 2574 5200 p.
2609 5125 2734 5194 497,
2777 5124 2862 5200 uti
2895 5124 3424 5200 eticoronationem
3442 5125 3694 5200 Pippini
3723 5145 3758 5186 ιι

2099 5198 2159 5254 S.
2193 5197 2491 5257 Bonit’acio
2523 5195 2759 5269 iactam.
2791 5195 2922 5268 Nip.
2956 5196 3201 5269 Pag._ad
3229 5212 3324 5269 an.
3353 5197 3484 5253 751.

2096 5269 2319 5395 228358)
2345 5269 2477 5326 Vid.
2515 5267 2814 5326 Mabillon.
2844 5265 3068 5324 Annal:
3089 5265 3329 5335 Bened.,
3359 5271 3404 5326 t.
3430 5269 3502 5335 Il,
3528 5284 3590 5342 p.
3625 5267 3754 5335 459,

2171 5412 2318 5482 (259)
2349 5411 2481 5467 Haec
2535 5397 2830 5466 coronatio
2860 5425 3014 5468 anno
3046 5411 3326 5482 sequente
3363 5409 3460 5482 die
3519 5410 3559 5466 5
3599 5411 3753 5482 Aug.

2099 5480 2184 5536 ad
2205 5484 2262 5554 S.
2297 5480 2558 5554 Dionysii
2590 5483 2988 5554 t'acta._Anqn.
3028 5480 3184 5554 apud
3212 5480 3545 5554 Hensehen,
3579 5480 3754 5554 Exeg.

2101 5553 2372 5626 prmlim.,
2403 5551 2568 5626 n,_ad
2595 5558 2651 5626 ﬁt.
2673 5570 2736 5608 ιιι
2766 5551 2978 5626 Martii,
3010 5551 3146 5626 e34.
3179 5569 3240 5626 ιι,

2173 5628 2322 5696 (26υ)
2353 5624 2568 5680 Paulus
2590 5623 2982 5697 Diae._obitum
3013 5622 3349 5697 Haistulphi
3381 5640 3539 5681 anno
3561 5625 3757 5697 priore

349 5688 608 5769 nimiunn
633 5688 862 5769 addicto
884 5693 941 5746 in
957 5691 1099 5749 alios
1141 5688 1994 5769 annalesderivatamgravibus
2105 5688 2428 5769 consig'nat,
2464 5697 2548 5754 uti
2579 5701 2634 5754 et
2664 5695 2843 5753 codex
2867 5688 3272 5755 Gotwicensis‘.

350 5777 418 5823 ex
453 5762 643 5820 causis
677 5763 745 5819 de
778 5763 892 5820 ﬁde
915 5769 1250 5836 suspectam
1280 5762 1484 5821 saltem
1533 5764 1706 5822 habet
1735 5763 1992 5822 Uointius
