3940 6392
347 441 460 502 163
1157 436 1564 501 HERMANNI
1609 433 2049 499 CONTRACTI
2093 426 2512 500 AUGIENSIS
2555 432 2932 500 MONACHI.
3637 428 3761 492 164

1700 613 1930 670 CODEX
1967 613 2367 672 AUGIENSIS.

347 751 600 825 quodam
624 754 875 806 torrente
892 750 1078 822 aquis,
1105 751 1334 832 reﬁcere
1357 749 1586 815 meruit,
1610 747 1977 819 acceptisque
2008 749 2059 813 Α
2093 747 2297 816 bactis,
2331 748 2564 804 obsides
2589 748 2830 819 accepit.
2867 747 3065 804 Fuldis
3094 744 3316 802 Sturmi
3357 743 3544 800 abbas
3574 741 3764 811 obiit,

347 859 449 915 pro
481 857 618 912 pace
649 857 726 894 xu
757 839 1081 906 obsidibus,
1115 829 1474 893 rediitﬁAnn.
1508 837 1664 892 Futd.
1690 868 1756 876 —
1789 837 1981 890 Romae
2092 843 2149 892 et
2181 837 2386 908 Bagolt'
2414 838 2535 909 [al.,
2569 835 2916 909 Baugull‘us]
2953 835 3255 890 successit.
3322 832 3528 888 Annal.
3594 829 3763 886 Fuld.

345 935 477 1003 post
505 929 864 1001 Stephanum
895 927 1186 982 Adrianus
1218 943 1367 999 papa
1395 926 1544 980 sedit
1601 925 1770 980 annis
1830 941 1978 979 xxrv.

411 1021 518 1074 773
549 1016 806 1084 Carolus,
841 1017 912 1070 ab
942 1015 1197 1070 Adriano
1232 1032 1379 1087 papa
1411 1031 1512 1086 pro
1543 1013 1878 1069 defensione
1900 1028 1984 1067 re-

344 1123 473 1164 rum
507 1105 691 1163 sancti
719 1104 868 1160 Petri
898 1108 1152 1176 rogatus,
1181 1103 1401 1158 Italiam
1427 1103 1588 1175 petit,
1611 1106 1686 1167 et,
1709 1101 1983 1157 claustris

346 1196 574 1268 Alpium
600 1192 651 1246 vi
711 1194 948 1265 potitus,
1011 1193 1372 1248 Desiderium
1431 1191 1747 1262 fugientem
1795 1189 1981 1262 Papia:

344 1284 491 1340 I25
517 1283 764 1348 obsedit,
797 1285 854 1337 et
883 1283 1008 1352 ipse
1040 1282 1284 1336 Romam
1318 1280 1517 1334 orandi
1547 1279 1734 1352 gratia
1757 1279 1980 1345 adiens,

345 1373 563 1428 Pascha
592 1369 734 1424 inibi
757 1369 1068 1425 celebravit
1097 1369 1264 1440 (27l).
1299 1369 1500 1423 Annal.
1534 1367 1697 1423 Auld.

408 1461 513 1516 774
547 1457 904 1531 Longobardi
940 1475 1072 1512 cum
1108 1456 1406 1512 Desiderio
1439 1472 1568 1527 rege
1619 1471 1724 1510 suo
1781 1453 1982 1510 Carolo

342 1566 404 1604 se
432 1547 693 1611 tradunt,
727 1562 878 1600 anno
909 1562 977 1600 ex
1007 1561 1122 1616 quo
1155 1543 1377 1600 Italiam
1411 1561 1544 1598 cum
1582 1543 1820 1598 Alboino
1853 1559 1984 1614 rege

343 1638 698 1692 intraverant
729 1651 852 1698 ccv,
874 1633 1116 1705 ipseque
1147 1649 1322 1704 regno
1355 1649 1554 1688 eorum
1589 1637 1645 1686 et
1691 1631 1984 1687 thesauris

345 1724 584 1796 potitus,
617 1723 864 1777 abducto
886 1737 1084 1777 secum
1116 1737 1248 1792 rege
1298 1737 1430 1775 cum
1481 1721 1748 1792 conjuge,
1802 1719 1985 1774 victor

347 1813 534 1868 rediit.
569 1812 748 1866 Annal
775 1810 928 1865 Futd.
959 1811 1078 1866 Met.

413 1905 666 1956 Saxones
697 1904 928 1971 pactum
962 1898 1292 1970 frangentes
1322 1897 1556 1952 Hessios
1589 1901 1828 1969 petunt;
1879 1897 1980 1951 sed

343 1988 643 2048 ecclesiam
673 1988 825 2060 apud
853 1986 1142 2051 Friteslar,
1169 1992 1417 2042 asancto
1440 1986 1731 2041 Bonifacio
1756 1985 1982 2040 dedica-

2091 925 2352 981 Laurish.

2161 1015 2267 1068 780
2295 1013 2558 1079 Carolus,
2580 1013 2780 1069 habito
2811 1014 2868 1068 in
2901 1011 3153 1068 Saxonis
3182 1014 3491 1076 conventu,
3539 1012 3606 1066 et
3637 1008 3762 1064 dis-

2093 1103 2300 1173 positis
2334 1108 2452 1158 tam
2483 1103 2778 1158 Saxonum
2811 1118 2988 1174 quam
3021 1099 3356 1156 Sclavorum
3383 1098 3594 1168 rebus,
3631 1097 3765 1171 ipse

2091 1195 2335 1246 Romam
2357 1191 2561 1246 orandi
2593 1191 2779 1263 gratia
2810 1191 2971 1246 adiit.
3004 1189 3183 1245 Annal
3217 1187 3374 1243 Fuld.

2159 1283 2258 1334 78l
2289 1279 2569 1351 Pippinus
2600 1279 2758 1334 ﬁlius
2791 1277 2977 1334 Caroli
3008 1281 3202 1333 Romae
3219 1277 3294 1332 ab
3313 1275 3579 1332 Adriano
3605 1291 3767 1348 papa

2091 1367 2419 1440 baptizatus
2445 1373 2552 1436 est,
2585 1372 2796 1423 etcum
2834 1367 3008 1422 fratre
3040 1364 3326 1420 Ludovico
3366 1380 3467 1420 rex
3506 1366 3763 1420 unctus.

2092 1455 2336 1512 Tassilo.
2373 1455 2490 1510 dux
2509 1455 2804 1526 Bajoariae,
2835 1455 3010 1510 fidem
3028 1453 3412 1523 subjectionis
3429 1450 3646 1508 Carolo
3673 1465 3767 1507 sa-

2091 1550 2386 1599 cramento
2418 1551 2474 1598 et
2503 1543 2808 1599 obsidibus
2832 1545 3042 1598 lirmat.
3066 1541 3266 1598 Annal.
3297 1540 3454 1596 Fuld.
3507 1570 3584 1582 —
3607 1539 3762 1596 Gon-

2092 1633 2318 1688 stantiae
2350 1633 2657 1704 episcopus
2682 1635 2739 1687 et
2768 1632 2950 1686 abbas
2979 1631 3235 1688 Joannes
3266 1629 3452 1686 obiit:
3485 1644 3599 1700 pro
3643 1644 3762 1700 quo

2092 1720 2273 1792 Egino
2304 1721 2612 1793 episcopus
2633 1734 2817 1776 annos
2837 1737 3015 1787 xxxu,
3033 1725 3092 1775 et
3108 1719 3317 1775 Petrus
3336 1717 3539 1789 Augiae
3567 1717 3762 1773 abbas

2093 1826 2277 1865 annos
2299 1827 2355 1873 v,
2375 1815 2432 1864 et
2453 1809 2604 1880 apud
2629 1814 2894 1866 sanctum
2920 1807 3151 1864 Gallum
3170 1807 3545 1878 Roudpertus
3568 1805 3763 1862 abbas

2093 1915 2312 1952 annum
2346 1915 2363 1952 1
2390 1898 2764 1968 praefuerunt.
2798 1896 2986 1968 IIepid.
3022 1927 3090 1936 —
3116 1897 3269 1952 Inter
3297 1893 3414 1950 alia
3455 1893 3760 1966 prodigia,

2092 2004 2292 2042 cruces
2327 1987 2526 2042 multis
2551 1987 2608 2042 in
2631 1987 2888 2042 vestibus
2920 1989 3222 2058 apparent.
3253 1981 3512 2055 Sanguis
3543 1987 3763 2040 eterra

345 2086 486 2146 tam,
518 2078 632 2133 Deo
663 2075 1004 2148 prohibente
1034 2075 1340 2130 incendere
1373 2079 1686 2146 nequeunt.
1712 2075 1796 2129 Al.
1829 2092 1861 2128 (ι
1889 2090 1980 2146 pr.
2015 2109 2062 2174 Β
2095 2083 2152 2132 et
2179 2093 2308 2132 aere
2339 2077 2576 2132 ﬂuxisse
2603 2075 2836 2130 dicitur.
2870 2075 3070 2130 Annal.
3105 2073 3266 2130 Fuld.

343 2171 688 2238 ——Corpora
718 2169 1048 2220 sanctorum
1108 2163 1383 2218 Gordiani
1442 2168 1500 2218 et
1557 2162 1856 2235 Epimachi
1913 2163 1984 2217 de

344 2257 528 2312 Roma
557 2255 613 2309 in
648 2253 1054 2308 Alamanniam
1089 2251 1369 2306 translata
1396 2258 1535 2307 sunt
1564 2253 1732 2321 (272).
1765 2282 1832 2292 —-
1879 2252 1983 2306 Ec-

343 2345 518 2402 clesia
539 2342 720 2398 sancti
738 2341 962 2397 Nazarii
987 2342 1101 2396 Lau
1113 2340 1343 2396 resham
1367 2340 1632 2396 dedicata
1652 2346 1758 2396 est.
1783 2340 1980 2396 Annal.

345 2433 498 2489 Fuld.

410 2521 516 2576 7Ίὶ
542 2518 778 2575 Carolus
807 2517 920 2572 late
947 2518 1240 2572 Saxonum
1272 2520 1456 2572 terras
1488 2521 1696 2580 vastat,
1737 2522 1793 2572 et
1843 2517 1982 2570 duo-

344 2611 456 2666 bus
485 2627 582 2665 eos
608 2607 824 2681 prmliis
865 2611 1027 2660 vasta
1059 2612 1220 2677 stage
1282 2609 1534 2676 superat.
1589 2606 1986 2679 Roudgaudus

343 2699 489 2772 (273)
518 2695 937 2768 Longobardus
971 2693 1148 2749 Italia:
1179 2711 1421 2766 regnum
1475 2695 1720 2750 affectat.
1782 2695 1981 2750 Annal.

321 2787 506 2843 'Fuld.
541 2787 666 2854 Reg.

412 2876 521 2929 776
551 2871 786 2929 Carolus
820 2873 956 2926 item
992 2870 1220 2926 Italiam
1255 2871 1416 2942 petit,
1447 2877 1503 2926 et
1561 2873 1986 2944 Roudgaudum

348 2965 566 3019 victum
609 2960 835 3016 occidit.
895 2960 1152 3015 Saxones
1209 2959 1348 3014 item
1400 2960 1747 3016 rebellantes
1803 2960 1988 3017 Caroli

348 3049 618 3124 praesidia
645 3047 794 3104 bello
822 3051 1046 3119 petunt.
1077 3047 1258 3103 Annal
1289 3048 1443 3104 Fuld.

417 3141 522 3196 777
551 3138 808 3193 Saxones
840 3135 1024 3190 multa
1053 3136 1291 3191 tandem
1317 3137 1470 3192 caede
1517 3137 1822 3208 perdomiti
1881 3142 1988 3194 Ca-

351 3227 470 3284 rolo
501 3226 856 3290 subdantur,
889 3229 944 3278 et
973 3223 1280 3279 Christiani
1306 3225 1657 3292 efﬁciuntur,
1683 3243 1744 3281 se
1770 3243 1990 3298 suaque

349 3315 546 3372 omnia
573 3313 892 3380 tradentes,
921 3312 966 3368 si
1012 3312 1164 3367 ultra
1209 3312 1380 3368 fidem
1437 3313 1737 3370 violarent.
1790 3316 1988 3370 Annal.

345 3405 501 3461 Fuld.

2163 2167 2268 2220 782
2289 2165 2528 2220 Carolus
2556 2165 2693 2220 item
2727 2163 2784 2218 in
2815 2164 3064 2218 Saxonis
3091 2166 3445 2218 conventum
3499 2160 3758 2232 habens,

2093 2255 2314 2326 legatos
2333 2255 2627 2309 Danorum
2647 2258 2702 2308 et
2722 2253 3067 2308 Hunnorum
3091 2250 3331 2306 audivit.
3347 2250 3472 2314 Quo
3497 2265 3756 2319 reverso,

2095 2345 2349 2400 Saxones
2363 2342 2584 2414 legatos
2597 2342 2646 2410 ej
2657 2357 2744 2407 us,
2765 2341 2824 2395 in
2840 2340 3072 2396 Sclavos
3091 2355 3223 2396 cum
3238 2339 3494 2394 exercitu
3511 2339 3756 2404 missos,

2095 2432 2480 2504 persuadente
2502 2429 2866 2495 Widikindo,
2897 2428 3214 2484 commisso
3231 2425 3452 2500 praelia,
3482 2443 3605 2482 non
3633 2427 3759 2483 sine

2097 2537 2310 2592 magna
2338 2519 2501 2574 clade
2518 2535 2626 2574 sua
2645 2518 2994 2573 interimunt
3019 2535 3032 2585 ;
3054 2518 3126 2572 ob
3149 2531 3401 2588 quorum
3423 2514 3754 2572 vindictam

2095 2607 2336 2665 Carolus
2363 2612 2654 2664 Saxonum
2683 2611 2936 2678 quatuor
2964 2605 3152 2661 millia
3181 2608 3238 2659 et
3267 2604 3636 2677 quingentos
3666 2604 3761 2659 de-

2096 2695 2306 2752 collare
2328 2697 2529 2766 jussit.
2560 2697 2758 2751 Annal.
2801 2695 2962 2750 Fuld.
2995 2694 3116 2749 Mel.
3146 2724 3215 2734 -—
3243 2693 3413 2764 Apud
3475 2697 3758 2749 sanctum

2095 2785 2325 2842 Gallum
2357 2784 2566 2840 Waldo
2595 2785 2774 2840 abbas
2797 2782 3028 2855 praefuit
3045 2797 3269 2838 annum
3287 2798 3304 2836 ι
3322 2785 3380 2836 et
3407 2779 3735 2837 dimidium

2097 2874 2296 2946 Hepid.

2165 2963 2271 3018 783
2297 2962 2580 3033 Hiltigard
2606 2961 2806 3034 regina
2827 2978 2970 3016 uxor
2987 2958 3172 3016 Caroli
3203 2976 3246 3014 ιι
3267 2956 3395 3016 Kal.
3417 2958 3554 3014 Maii
3582 2959 3754 3029 (274),

2095 3056 2152 3106 et
2181 3049 2394 3105 Bertha
2423 3055 2610 3106 mater
2638 3049 2766 3120 ejus
2799 3066 2855 3104 ιν
2886 3049 2969 3104 Id.
2992 3046 3112 3104 Jul.
3143 3047 3308 3103 obiit.
3336 3045 3587 3104 Carolus
3613 3048 3755 3102 item

2097 3141 2352 3194 Saxones
2372 3137 2462 3192 bis
2485 3137 2606 3193 acie
2622 3138 2939 3209 confligens
2962 3153 3174 3209 magna
3204 3137 3341 3192 127
3371 3139 3574 3206 strage
3593 3135 3753 3202 vicit,

2097 3225 2551 3298 Fastradamque
2581 3242 2646 3282 eo
2675 3242 2828 3281 anno
2859 3225 3024 3281 duxit
3047 3240 3308 3282 uxorem.
3354 3225 3558 3280 Annal.
3597 3223 3756 3281 Fuld.

2097 3326 2148 3372 et
2179 3315 2296 3372 Hel.

2166 3405 2277 3459 784
2302 3404 2514 3460 Junior
2541 3402 2777 3459 Carolus
2807 3420 2842 3459 a
2871 3407 3034 3475 patre
3065 3403 3122 3457 in
3157 3401 3470 3458 Saxoniam
3525 3401 3756 3459 missus

415 3495 522 3548 778
549 3491 787 3548 Carolus
817 3491 1127 3562 Hispanias
1161 3489 1307 3546 bello
1340 3491 1500 3562 petit,
1550 3496 1625 3556 et,
1684 3492 1988 3548 obsidibus
2019 3474 2062 3540 (ἶ
2101 3492 2451 3551 Westl‘aldos
2471 3491 2666 3564 praslio
2698 3493 2855 3559 vicit,
2877 3474 2943 3546 "et
2971 3490 3221 3546 domuit.
3251 3491 3453 3546 Annal.
3490 3491 3658 3547 Fuld.
3693 3520 3762 3531 —

347 3579 620 3652 acceptis,
650 3579 1156 3650 Wasconibusque
1173 3584 1229 3634 et
1246 3577 1520 3634 Narbaris
1543 3579 1854 3650 (Navarris)
1887 3599 1987 3636 su-

350 3669 554 3736 bactis,
581 3667 768 3723 rediit.
793 3667 990 3721 Annal.
1017 3667 1271 3722 Laurrsh.
1297 3697 1361 3706 ——
1390 3667 1625 3722 Interim
1655 3670 1799 3724 I26
1814 3671 1989 3726 Saxo-

352 3774 456 3813 nes
481 3756 618 3810 item
641 3753 884 3810 rebelles
900 3755 1043 3808 duce
1059 3753 1396 3809 Widikindo
1417 3756 1764 3812 Francorum
1793 3758 1989 3814 termi-

351 3861 456 3900 nos
488 3859 673 3912 usque
695 3843 766 3898 ad
790 3843 1053 3897 Rhenum
1077 3846 1334 3907 vastant;
1359 3843 1456 3896 sed
1481 3842 1821 3915 insequente
1843 3846 1992 3918 regis

351 3933 600 3990 exercitu
634 3949 848 4003 magna
871 3947 942 3986 ex
971 3935 1133 4002 parte
1163 3931 1294 3986 caesi
1329 3931 1579 4002 fugiunt.
1614 3933 1811 3989 Annal.
1832 3935 1988 3991 Futd.

419 4023 525 4076 779
553 4019 791 4076 Carolus
822 4019 960 4075 item
995 4017 1320 4074 Saxonibus
1352 4037 1547 4092 pugna
1586 4021 1750 4077 victis
1781 4029 1838 4078 et
1893 4041 1991 4080 su-

2101 3583 2266 3656 Apud
2303 3587 2571 3637 sanctum
2603 3579 2835 3636 Gallum
2865 3579 3082 3635 Werdo
3103 3578 3286 3635 abbas
3308 3579 3546 3652 praefuit
3569 3593 3762 3636 annos

2099 3689 2230 3728 xxv.
2263 3669 2452 3740 llepid.

2169 3761 2277 3815 785
2305 3757 2607 3813 Widikind
2649 3757 2816 3822 Saxo,
2850 3756 2922 3812 ad
2985 3755 3342 3811 deditionem
3388 3755 3600 3812 Carolo
3663 3771 3764 3812 ve-

2102 3849 2288 3910 niens,
2323 3846 2649 3918 baptizatus
2680 3851 2787 3914 est,
2821 3849 2878 3900 et
2907 3850 3029 3900 tota
3058 3844 3310 3900 Saxonia
3349 3845 3605 3900 subacta
3651 3849 3760 3902 est.

2099 3936 2435 4007 Conjuratio
2467 3933 2837 3990 orientalium
2870 3933 3226 3990 Francorum
3252 3937 3456 3989 contra
3480 3934 3759 3990 Carolum

2101 4028 2227 4081 orta
2257 4031 2314 4081 et
2343 4039 2678 4096 compressa
2707 4026 2814 4078 est.
2839 4023 3040 4078 Annal.
3076 4022 3238 4079 Fuld.
3271 4021 3483 4094 Eginh.

1397 4177 1865 4236 COMPENDIUM
1904 4182 1996 4238 EX
2035 4181 2286 4238 CODICE
2320 4179 2697 4237 BERNOLDI.

421 4311 528 4366 773
559 4310 781 4366 Carolus
809 4310 942 4366 ab...
971 4312 1150 4382 petiit,
1189 4319 1262 4377 et,
1318 4311 1590 4367 Desiderio
1645 4329 1764 4384 rege
1783 4315 1990 4372 obsesso

352 4403 559 4472 Papias,
583 4402 696 4472 ipse
726 4400 1015 4455 Romam...
1040 4401 1119 4454 ibi
1139 4401 1456 4455 celebravit.

417 4490 520 4544 774
549 4487 891 4560 Langobardi
917 4505 1040 4544 cum
1072 4489 1350 4544 Desiderio
1375 4505 1502 4558 rege
1553 4505 1742 4546 eorum
1797 4492 1992 4547 Carolo

349 4596 404 4636 se
431 4579 834 4646 lradunt,anno
865 4595 966 4634 ccv
991 4595 1061 4634 ea:
1092 4594 1192 4650 quo
1217 4579 1437 4633 Italiam
1459 4595 1579 4634 cum
1604 4596 1727 4650 rege
1775 4581 1992 4637 Atboino

353 4671 710 4724 intraverant.
745 4667 981 4738 Corpora
1012 4665 1152 4721 SS...
1181 4667 1452 4722 translata
1481 4671 1628 4722 sunt.

419 4759 526 4812 775
563 4757 792 4810 Carolus
837 4755 1141 4810 Samnium
1171 4757 1371 4810 iterum
1403 4756 1750 4811 rebellantem
1802 4765 1990 4814 vastat.

419 4846 527 4898 776
557 4843 792 4900 Carolus
828 4842 1184 4912 lludgamlum
1232 4859 1459 4913 regnum
1507 4846 1687 4900 [latim
1736 4847 1994 4918 aﬂ'ectan-

351 4937 463 4988 tem
490 4932 701 4986 occidit.

424 5021 526 5074 777
559 5019 800 5074 Saxones
831 5018 1050 5074 tandem
1072 5021 1307 5076 multa...
1337 5022 1674 5092 efﬁciuntur.

425 5109 531 5162 778
563 5107 788 5161 Carolus
818 5109 1104 5178 Hispanias
1135 5113 1305 5180 petiit,
1331 5113 1522 5180 quibus
1551 5113 1788 5166 subactis
1835 5113 1994 5168 redit.

358 5196 602 5252 Saxones
630 5195 835 5250 iterum
853 5196 1138 5253 rebellant.

428 5285 499 5340 77
563 5281 793 5338 Carolus
813 5285 1012 5340 iterum
1033 5284 1274 5342 Saxones
1301 5289 1599 5356 superavit.

2167 4315 2275 4369 780
2305 4313 2529 4369 Carolus
2557 4313 2834 4384 dispositis
2863 4314 3024 4370 rebus
3077 4313 3360 4370 Saxonum
3411 4303 3468 4371 et
3523 4313 3756 4370 δοιαυο-

2101 4421 2246 4470 rum,
2278 4405 2461 4474 ipse...
2496 4402 2657 4459 adiit.

2169 4492 2265 4548 781
2309 4493 2574 4562 Pippinus
2602 4491 2755 4562 ﬁlius
2785 4491 2970 4547 Caroli
3001 4494 3182 4548 Romae
3207 4493 3275 4548 ab
3313 4491 3561 4548 Adriano
3616 4506 3761 4564 papa

2101 4581 2438 4653 baptizatur,
2468 4585 2520 4635 et
2547 4580 2615 4635 ab
2646 4579 2830 4636 eodem
2857 4596 2892 4635 α
2923 4581 3188 4651 baptismo
3215 4581 3548 4652 suscipitur,
3575 4585 3756 4636 etcum

2099 4673 2276 4741 fratre
2305 4668 2574 4724 Ludovico
2605 4683 2704 4722 rex
2742 4668 2992 4738 ungitur.
3051 4667 3453 4724 Constantius...
3513 4669 3757 4742 put/ue-

2103 4762 2252 4813 runt.
2285 4759 2393 4812 Iloc
2421 4765 2654 4828 tempore
2682 4773 2865 4813 cruces
2894 4766 3270 4828 apparuerunt
3309 4757 3500 4813 multis
3541 4759 3604 4812 in
3654 4771 3760 4812 ves-

2104 4848 2269 4903 tibus.
2301 4846 2601 4916 Sanguis...
2631 4844 2852 4900 dicitur.

2025 4957 2074 5020 D
2168 4937 2280 5014 782
2312 4933 2535 4989 Carolus
2565 4934 2845 4988 Saxonum
2873 4935 3014 4988 4500
3041 4935 3312 4990 decollare
3356 4935 3552 5006 jussit.
3611 4931 3759 5006 Apud

2105 5007 2172 5080 δέ
2193 5023 2264 5078 Ca
2275 5023 2413 5077 ltum
2451 5021 2634 5079 Waldo
2661 5023 2828 5078 abbas
2852 5024 3082 5094 pne/uit
3101 5039 3247 5079 anno
3267 5040 3397 5078 uno.

2176 5113 2280 5168 783
2311 5110 2656 5180 llildigart...
2685 5113 2826 5166 Julii
2852 5112 3004 5167 obiit.

2175 5202 2279 5256 784
2307 5201 2505 5256 Iunior
2525 5200 2818 5255 Carolus...
2851 5200 3200 5272 Westphalos
3233 5200 3378 5257 bello
3405 5201 3644 5258 domuit.

2177 5291 2285 5345 785
2320 5287 2666 5345 Widikind...
2701 5289 3006 5361 baptizatus
3029 5293 3126 5345 est.

1938 5389 2166 5508 NO'l‘E.

433 5567 582 5710 (271)
610 5570 728 5622 Hoc
744 5565 1019 5624 ultimum
1046 5571 1271 5638 spectat
1291 5568 1360 5623 ad
1387 5585 1603 5624 annum
1637 5577 2000 5642 sequentem.

453 5640 587 5710 272),
613 5645 822 5695 Locum
846 5639 1509 5710 VindicatAGottwicensis
1540 5643 1734 5706 codex,
1795 5659 2000 5710 nempe

453 5640 590 5715 272)Δ
613 5639 1509 5715 Locum_indicat_Gottwicensis
1540 5639 1756 5715 codex;
1781 5659 2003 5715 nempe

366 5708 773 5778 Campidonam.
809 5709 938 5766 Vid.
973 5708 1257 5777 Bolland.,
1289 5715 1330 5769 t.
1367 5729 1428 5768 ιι.
1462 5711 1592 5768 Maii
1623 5713 1692 5768 ad
1733 5714 1889 5770 diem
1915 5708 2002 5778 f0,

363 5787 421 5841 et
451 5781 672 5842 Mabilt.
698 5781 1162 5850 Annal.Bened.,
1186 5788 1226 5842 t.
1258 5799 1396 5858 n,p.
1419 5785 1546 5856 228,
1570 5801 1692 5861 seq.
1724 5801 1737 5857 ;
1769 5785 1832 5844 it.
1857 5791 1900 5845 t.
1927 5803 2002 5858 ιν,

2111 5575 2723 5716 p(giliiRotgaudus.
2757 5659 2857 5716 seu
2883 5647 3236 5716 Rotgausus,
3267 5645 3388 5701 dux
3415 5649 3546 5702 erat
3589 5642 3760 5700 Foro-

2112 5713 2414 5774 Juliensis.
2447 5713 2573 5769 Vid.
2609 5713 2822 5770 Cointii
2853 5713 3064 5771 Annal.
3099 5717 3170 5773 ad
3205 5717 3263 5773 b.
3297 5720 3352 5774 2.

2183 5788 2330 5865 (274)
2357 5784 2488 5844 Vid.
2521 5783 2785 5844 Bolland.
2814 5786 2885 5844 30
2915 5786 3100 5861 April.
