3940 6382
132 445 236 506 165

1318 445 1790 514 CHRONIGON.
1819 481 1898 494 -—-
1927 446 2117 510 ΞΛΜ).
2152 448 2308 511 VIII.

1471 583 1706 638 CODEX
1744 581 2143 638 AUGIENSIS.

191 666 292 720 786
319 663 561 720 Carolus
593 665 774 720 misso
805 683 905 738 per
933 667 1235 724 Autulfum
1268 668 1388 741 [al.,
1411 670 1755 744 Audullum]
1787 671 1840 736 Α

133 753 366 810 exemita
415 753 677 808 Britones
709 755 955 823 domuit,
985 761 1043 812 et
1092 758 1215 830 ipse
1265 757 1504 814 Romam
1551 759 1756 815 orandi

129 842 304 916 gratia
331 841 494 896 adiit.
520 847 802 898 Auctores
824 844 1246 915 conjurationis
1269 852 1468 902 contra
1487 847 1754 904 Carolum

131 929 359 986 diversis
389 931 578 1002 pomis
609 931 954 988 multantur.
984 931 1140 990 Lullo
1162 935 1550 1006 Mogunticnsi
1575 936 1760 992 archi-

66 1085 77 1102 ν
130 1020 385 1093 episeopo
435 1019 744 1076 Richulfus
791 1021 1078 1076 successit
1124 1024 1295 1078 annis
1327 1024 1524 1096 [suppL
1559 1025 1755 1096 xxvn].

132 1108 314 1179 Λυκία)
345 1112 478 1180 post
519 1108 749 1163 Petrum
780 1109 985 1165 Waldo
1020 1111 1199 1166 abbas
1249 1117 1486 1167 octavus
1531 1114 1760 1184 prmfuit

133 1196 286 1252 annis
315 1213 406 1252 xx.
437 1198 639 1252 Annal.
678 1197 832 1252 Fuld.

190 1287 290 1340 787
319 1283 580 1352 Carolus,
616 1287 1005 1342 Beneventum
1058 1295 1281 1360 petens,
1315 1289 1546 1344 obsides
1592 1307 1756 1346 acce-

130 1374 226 1446 pit.
260 1373 574 1428 Ruoddrud
603 1375 725 1445 [al.,
751 1375 1048 1446 Rotrudis]
1081 1377 1199 1431 [ilia
1230 1379 1356 1448 ejus
1379 1377 1760 1434 Constantino

131 1461 452 1534 imperatori
486 1461 892 1534 desponsatur.
925 1463 1172 1536 Eclipsis
1213 1463 1353 1520 solis
1393 1483 1462 1521 xv
1493 1465 1620 1520 Kal.
1653 1466 1758 1522 0c-

132 1552 238 1606 tob.
270 1549 466 1606 Annal.
499 1549 656 1605 Fuld.

189 1640 290 1694 783
316 1638 542 1694 Thssilo
573 1639 692 1694 dux
729 1639 1026 1712 Bajoariae,
1059 1641 1420 1698 inﬁdelitatis
1464 1646 1522 1698 et
1569 1643 1760 1715 pcrju-

131 1729 192 1783 rii
223 1727 541 1794 convictus,
576 1745 611 1782 a
640 1728 842 1784 Carolo
873 1729 1087 1785 ducatu
1122 1730 1399 1802 privatur.
1431 1734 1758 1786 Graecorum

127 1815 400 1872 exercitus
431 1833 466 1872 a
497 1817 736 1872 Francis
763 1822 819 1872 et
863 1818 1022 1874 Italis
1061 1819 1333 1874 vincitur.
1371 1821 1510 1875 ltem
1543 1820 1760 1886 Hunni,

129 1905 218 1977 qui
247 1909 302 1960 et
328 1910 570 1973 Avares,
601 1922 636 1961 a
663 1906 846 1961 Caroli
893 1908 1205 1962 vincuntur
1248 1909 1522 1964 exercitu.
1559 1910 1757 1963 Annal.

125 1993 269 2049 Fuld.
301 1997 445 2049 Ναπ..

187 2082 288 2136 789
317 2081 584 2148 Carolus,
633 2082 824 2138 valido
884 2084 1140 2156 undique
1191 2084 1428 2140 collecto
1483 2085 1758 2151 exercitu,

126 2171 338 2226 Albiam
364 2170 610 2226 fluvium
637 2171 867 2234 transit,
891 2178 945 2228 et
966 2171 1219 2239 Sclavos,
1244 2173 1341 2244 qui
1372 2172 1538 2226 Wilzi
1561 2173 1758 2228 dicun-

129 2265 229 2324 tur,
261 2258 458 2331 prmlis
487 2258 764 2332 protritos
797 2261 1148 2332 subjugavit.
1181 2262 1282 2316 (in.
1315 2261 1469 2316 Fuld.
1503 2261 1698 2331 Eginh.

183 2349 287 2402 790
313 2347 487 2403 Hunc
535 2365 754 2403 annum
786 2348 1026 2404 Carolus
1074 2349 1198 2405 sine
1249 2349 1394 2405 bello
1426 2350 1758 2406 Wormatiie

125 2437 341 2508 quietus
370 2437 678 2510 transegit.
710 2436 916 2493 Annal.
951 2437 1106 2492 Fuld.

183 2525 278 2580 79t
313 2524 575 2592 Carolus,
601 2525 887 2581 trifariam
911 2525 1094 2581 diviso
1124 2527 1371 2582 exercitu
1397 2533 1578 2582 terras
1599 2527 1759 2582 Hun-

125 2631 320 2668 norum
360 2613 721 2686 ingrediens,
757 2615 906 2670 ferro
954 2620 1008 2669 et
1061 2614 1193 2686 igne
1243 2616 1526 2671 devastat.
1560 2617 1758 2672 Annal.

125 2701 264 2756 Fuld.
297 2703 498 2758 Loisel.

185 2790 334 2847 128
376 2791 487 2845 792
535 2791 762 2862 Synodo
821 2769 1153 2862 Patisponaa
1210 2791 1466 2859 collecta,
1523 2793 1760 2848 haeresis

125 2877 400 2935 Feliciana
433 2879 716 2934 damnata
743 2884 851 2946 est,
885 2879 1090 2934 Concil.
1127 2881 1304 2936 Germ.
1329 2887 1371 2936 t.
1397 2883 1436 2948 Ι,
1463 2898 1518 2953 p.
1541 2882 1666 2936 287.
1691 2913 1760 2922 ——

124 2967 443 3040 Conjuratio
477 2967 704 3040 Pippini
739 2971 939 3023 contra
976 2969 1201 3023 Patrem
1233 2968 1502 3024 Carolum
1535 2970 1762 3025 detecta

125 3060 169 3109 et
222 3055 514 3130 supplicio
567 3059 869 3112 auctorum
931 3057 1136 3128 punita
1193 3062 1299 3112 est.
1353 3059 1551 3113 Annal.
1601 3059 1757 3113 Fuld.

126 3145 305 3215 Eginh.

181 3233 284 3288 793
312 3234 519 3306 Pugna
541 3233 693 3289 inter
719 3238 1065 3288 Sarracenos
1087 3238 1144 3290 et
1168 3235 1415 3289 Francos
1446 3234 1505 3290 in
1527 3234 1758 3306 Gothia,

125 3319 444 3378 Sarracenis
493 3322 921 3394 superioribus,
967 3323 1286 3378 commissa
1341 3327 1448 3378 est.
1506 3324 1760 3380 Saxones

125 3406 250 3464 item
281 3427 445 3466 more
477 3427 586 3466 suo
616 3409 922 3466 rebellant.
956 3411 1154 3466 Annal.
1185 3411 1340 3466 Fuld.

1936 671 2041 724 794
2071 669 2300 742 Synodo
2333 686 2546 742 magna
2570 669 2624 724 in
2652 669 3306 736 Franconol‘urthabita,
3329 673 3502 731 haere-

1865 758 1946 812 sis
1977 758 2110 812 item
2150 757 2436 813 Felieiana
2466 759 2748 814 damnata
2777 764 2886 814 est.
2923 760 3120 814 Annal.
3150 762 3410 817 Lauresh.
3437 795 3462 804 -

1864 846 2141 900 Fastrada
2169 847 2370 917 regina
2404 835 2628 901 mortua
2662 852 2717 900 et
2751 847 3103 919 Moguntiaci
3138 850 3366 921 sepulta
3395 855 3503 908 est.

1868 934 2349 1006 Pseudosynodus
2371 933 2698 989 Graecorum
2723 936 2890 1005 (275),
2911 952 3014 1006 pro
3037 936 3348 993 adorandis
3369 940 3509 995 ima-

1867 1021 2102 1092 ginibus
2135 1023 2350 1088 habita,
2383 1024 2455 1077 ab
2486 1023 2774 1094 episcopis
2818 1024 3095 1080 damnata
3125 1031 3229 1080 est.
3265 1026 3508 1084 Carolus

1869 1111 2004 1164 item
2037 1111 2361 1166 Saxonibus
2391 1111 2646 1166 subactis
2694 1112 2922 1166 tertiam
2972 1113 3228 1170 virorum
3279 1121 3505 1187 partem

1868 1199 2186 1255 transtulit.
2220 1199 2320 1253 llis
2367 1200 2726 1272 temporibus
2772 1199 3090 1266 Alewinus,
3123 1203 3220 1274 qui
3254 1209 3311 1258 et
3338 1205 3506 1260 Albi-

1871 1305 2003 1355 nus,
2035 1288 2187 1358 apud
2225 1303 2415 1358 regem
2449 1291 2798 1358 cmterosque
2827 1287 2942 1342 vita
2989 1293 3044 1342 et
3091 1290 3356 1347 doctrina
3385 1291 3504 1348 ela-

1869 1391 1970 1430 rus
2003 1375 2268 1430 habetur.
2301 1375 2500 1430 Annal.
2530 1374 2686 1430 Fuld.
2718 1375 2909 1445 Eginh.

1938 1465 2044 1518 795
2072 1463 2347 1529 Saxones,
2382 1479 2514 1518 cum
2545 1462 2794 1518 Witzam
2843 1463 3049 1519 ducem
3096 1465 3503 1526 Abodritarum

1869 1552 1940 1608 ad
1973 1569 2166 1622 regem
2197 1550 2462 1606 Carolum
2493 1550 2818 1605 venientem
2853 1551 3253 1623 peremissent,
3285 1563 3508 1614 vastata

1871 1640 2007 1694 item
2052 1640 2284 1710 regione
2333 1657 2440 1694 sua
2493 1639 2680 1710 puniti
2733 1639 2965 1695 obsides
3012 1641 3270 1698 tradunt.
3314 1644 3508 1700 Hunni

1872 1745 2103 1800 quoque
2126 1728 2322 1783 missis
2347 1727 2550 1798 legatis
2575 1746 2635 1782 sc
2657 1745 2788 1782 eum
2814 1733 2967 1784 terra
2987 1746 3095 1784 sua
3117 1730 3224 1802 ipsi
3247 1733 3506 1804 tradunt;

1871 1818 2360 1872 Christianitatcm
2395 1817 2762 1888 promittunt.
2799 1818 2994 1872 Annal.
3030 1819 3188 1875 Fuld.
3221 1821 3420 1896 Eginh’.

1944 1907 2093 1962 I29
2122 1908 2227 1959 796
2277 1907 2489 1975 Romae,
2541 1905 2811 1960 defuncto
2841 1907 2990 1974 (276)
3035 1907 3288 1964 Adriano
3333 1927 3504 1983 papa,

1873 1997 1982 2051 Leo
2009 1995 2080 2050 ΙΙΙ
2105 2012 2252 2066 papa
2273 1994 2423 2048 sedit
2448 1995 2616 2048 annis
2642 2011 2732 2049 xx.
2755 1994 3116 2067 Principibus
3138 1996 3503 2068 Hunnorum,

1869 2087 2096 2157 Cagano
2127 2088 2184 2138 et
2213 2085 2484 2154 Jugurro,
2520 2081 2669 2137 civili
2705 2083 2851 2138 bello
2884 2086 3218 2156 peremptis,
3241 2091 3396 2142 terra
3415 2105 3507 2144 eo-

1873 2191 1998 2228 rum
2035 2172 2424 2243 ornnibusquc
2457 2171 2747 2226 thesauris
2777 2171 3034 2239 Carolus,
3069 2190 3168 2244 per
3196 2174 3504 2232 Ehericum

1869 2261 2318 2331 liorojuliensem
2345 2261 2548 2314 ducem
2574 2263 2630 2314 et
2653 2259 2960 2330 Pippinum
2986 2260 3168 2316 ﬁlium
3191 2279 3388 2330 suum,
3414 2282 3510 2336 po.

1867 2351 2008 2404 titus
2036 2355 2141 2403 est.
2165 2349 2373 2402 'l‘udun
2425 2363 2654 2419 quoque
2686 2348 2952 2419 princeps
2975 2365 3195 2416 eorum,
3220 2353 3291 2406 ad
3313 2351 3509 2424 ipsum

1868 2439 2124 2502 veniens,
2145 2455 2276 2492 cum
2302 2436 2514 2508 populo
2539 2453 2644 2490 suo
2670 2435 2995 2507 baptizatus
3011 2445 3099 2492 est
3119 2444 3175 2494 et
3197 2439 3512 2498 honorifice

1869 2529 1939 2582 ad
1974 2545 2081 2580 sua
2115 2527 2396 2580 remissus
2418 2529 2524 2579 est.
2551 2525 2801 2580 Saxonia
2831 2525 3004 2580 etiam
3036 2525 3245 2582 iterum
3279 2529 3512 2586 rebellis

1869 2619 1940 2670 ab
1975 2616 2099 2686 ipso
2134 2631 2374 2686 pervasa
2403 2617 2681 2668 vastatur.
2715 2615 2914 2668 Annal.
2949 2615 3102 2682 Euld.
3134 2617 3332 2687 Eginh.

1937 2707 2041 2758 797
2075 2702 2395 2756 Barcinona
2426 2702 2565 2756 urbs
2603 2701 2885 2773 Hispania:
2911 2702 3112 2759 Carolo
3145 2705 3370 2762 reddita
3399 2713 3507 2764 est.

1869 2791 2360 2862 Constantinopoli
2412 2789 2834 2846 Constantinus
2887 2791 3204 2862 imperator
3232 2810 3266 2849 a
3297 2795 3509 2853 Graecis

1870 2886 2201 2936 exerceatur.
2235 2878 2484 2934 Saxonia
2525 2879 2664 2934 item
2697 2895 2730 2949 a
2763 2879 2962 2934 Carolo
3007 2897 3192 2952 usque
3223 2883 3293 2938 ad
3326 2884 3507 2940 Ocea-

1872 2987 2010 3024 num
2045 2972 2290 3033 vastata,
2315 2973 2370 3021 et
2392 2967 2448 3020 in
2481 2966 2833 3021 deditionem
2863 2983 2964 3038 per
2991 2967 3226 3024 obsides
3257 2975 3506 3042 recepta.

1870 3061 1970 3112 An.
2006 3057 2162 3112 Fulil.
2199 3057 2422 3126 TheOph.

1937 3145 2042 3198 798
2073 3143 2314 3198 Carolus
2345 3143 2402 3197 in
2435 3142 2683 3198 Saxonis
2727 3159 2860 3198 cum
2910 3143 3162 3220 exercitu
3211 3145 3508 3216 hiemavit,

1869 3239 1926 3288 et
1955 3231 2405 3288 Transalbianos
2435 3235 2708 3296 Saxones,
2733 3232 2832 3302 qui
2863 3231 3080 3304 legatos
3100 3235 3228 3304 ejus
3253 3251 3512 3307 compre-

1869 3322 2208 3386 henderant,
2245 3319 2358 3374 late
2409 3320 2673 3388 vastavit,
2705 3324 2761 3374 et
2791 3337 2892 3392 per
2937 3319 3157 3391 legatos
3199 3339 3339 3378 suos
3371 3340 3508 3379 con-

1869 3416 2019 3466 serto
2051 3407 2244 3480 praelio
2275 3412 2526 3479 quatuor
2555 3406 2737 3462 millia
2764 3424 2833 3462 ex
2869 3408 2954 3463 eis
2985 3408 3215 3480 occidit,
3248 3410 3507 3482 reliquos

1153 3517 1629 3574 COMPENDIUM
1670 3519 1760 3574 EX
1800 3516 2049 3573 CODICE
2089 3513 2468 3570 BERNOLDI.

181 3613 280 3669 786
308 3614 543 3670 Carolus
571 3615 774 3669 iterum
806 3615 1026 3670 Romam
1059 3617 1159 3670 ivit
1186 3615 1384 3670 orandi
1410 3617 1612 3686 gratia.
1643 3617 1753 3672 Au-
1785 3617 1828 3684 C
1933 3614 2040 3668 793
2070 3613 2376 3666 Saxones...
2411 3611 2697 3666 rebellant.

125 3702 282 3766 giae...
317 3705 489 3758 annis
519 3703 738 3772 viginti.

181 3791 280 3844 787
306 3790 568 3848 Rudtrud
595 3791 716 3860 filia
746 3791 996 3847 Caroli...
1028 3792 1402 3864 desponsatam

180 3879 280 3933 789
310 3881 419 3936 Hoc
449 3895 599 3936 anno
630 3880 854 3935 Carolus
887 3897 1098 3935 LXXXIII
1133 3897 1272 3952 pene
1317 3898 1588 3936 canonum
1615 3883 1762 3952 capi-

125 3966 226 4020 tula
251 3969 416 4024 totius
449 3969 614 4039 regni
631 3970 722 4023 sui
739 3971 1000 4040 episcopis
1027 3971 1356 4035 transmisit,
1380 3978 1438 4024 ut
1457 3971 1572 4041 ejus
1601 3971 1758 4025 auxi-

127 4053 188 4108 lio
212 4056 540 4128 corrigenda
568 4059 841 4126 corrigere
866 4061 1080 4130 possent
1110 4059 1278 4130 (277).

175 4143 276 4198 790
302 4146 464 4201 Hunc
495 4162 710 4202 annum
741 4146 966 4202 Carolus
997 4148 1307 4205 Wormatiw
1335 4150 1551 4220 quietus
1579 4155 1761 4204 trans-

121 4240 232 4301 egit.

171 4321 264 4376 791
300 4324 539 4380 Carolus
569 4332 778 4379 terram
806 4325 1130 4380 Hunnorum
1158 4325 1420 4381 devastat.

171 4409 269 4463 792
297 4411 592 4484 Synodo...
626 4411 890 4468 damnata
919 4416 1018 4468 est.

1935 3701 2350 3773 791831110710...
2403 3701 2683 3756 Feliciana
2737 3700 3000 3756 damnata
3056 3705 3153 3758 est.
3205 3703 3511 3776 Pseudosy-

1867 3791 2105 3846 nodus...
2163 3791 2427 3844 damnata
2481 3792 2575 3844 est.
2624 3791 2718 3844 His
2777 3791 3111 3860 temporibus
3165 3785 3508 3849 Alewinus...

1867 3879 2114 3934 habetur.

1935 3969 2044 4022 795
2072 3968 2256 4022 Hunni
2298 3967 2480 4020 missis
2519 3967 2709 4036 legatis
2735 3981 2794 4020 se
2821 3981 2944 4020 cum
2973 3970 3120 4021 terra
3165 3983 3265 4022 sua
3315 3969 3507 4026 Carolo

1867 4057 2110 4121 tradunt,
2143 4064 2194 4110 et
2223 4054 2694 4109 Christianitatem
2715 4063 3039 4126 promittunt
3069 4056 3236 4126 (278).

1934 4146 2043 4199 796
2072 4145 2276 4210 Romae,
2305 4143 2619 4212 defuncto...
2652 4145 2816 4198 annis
2844 4160 2937 4197 xx.

1933 4234 2040 4287 797
2073 4231 2607 4302 Constantimpoli...
2633 4238 2961 4288 execrantur.

1935 4325 2042 4378 798
2070 4322 2273 4376 Helena
2303 4323 2544 4376 mater...
2575 4335 2710 4388 pace
2736 4321 2910 4376 misit.

1689 4503 1922 4558 NOT/E.

171 4587 309 4673 (275)
342 4587 702 4673 lntelligilgr
741 4589 836 4672 hic
869 4589 1200 4673 concilium
1227 4590 1527 4672 hlicmeum
1559 4608 1622 4673 ll,
1649 4609 1745 4673 an.
1778 4607 1826 4673 Ι)
1859 4596 1974 4673 tem
1999 4606 2067 4644 cu
2081 4587 2402 4673 nrde'cretis
2421 4585 3265 4673 Snltomanorqm‘pontiliqum
3286 4585 3496 4673 Sirieii,

115 4655 352 4750 lel,tpro
381 4655 708 4750 cultuZSSl
725 4660 1062 4750 imaginum
1110 4661 1398 4750 habiturn,
1421 4667 1478 4750 et
1500 4679 1534 4718 a
1565 4655 1747 4750 Pistri-

117 4723 210 4782 bus
229 4723 1174 4805 Francofordiensibus‘perperam
1195 4723 1746 4789 intelle'ctutnﬂonc.

119 4795 271 4854 Germ.
303 4805 344 4857 t.
379 4803 424 4858 Ι.
463 4819 523 4858 o.
553 4804 679 4856 288.

151 4813 271 4870 erm.
303 4805 344 4857 t.
379 4805 424 4870 Ι,
463 4819 523 4870 p.
553 4805 679 4856 288.

173 4819 271 4854 'rm.
303 4819 344 4857 ι.
382 4819 424 4870 ι,
463 4819 523 4884 p.
553 4819 679 4856 288.
1185 4873 1196 4884 η
1697 4875 1710 4886 ,

173 4868 590 4945 (276)_Scilicet
623 4889 734 4945 vmﬁ
760 4872 878 4945 Kal.
917 4873 1075 4945 Jan.,
1106 4890 1200 4928 οιιι
1246 4873 1428 4945 altera
1475 4891 1608 4930 mox
1656 4875 1748 4930 die

117 4943 554 5022 Successit_Leo;
588 4944 742 5016 quod
796 4943 937 5001 adeo
985 4944 1176 5000 adhuc
1205 4944 1277 4999 ad
1311 4946 1483 5001 ﬁnem
1537 4946 1747 5018 prioris

116 5015 238 5086 anni
258 5015 536 5084 pertinet.
591 5076 597 5086 ,

174 5081 308 5158 (277)
337 5091 496 5143 Sunt
527 5081 650 5141 hinc
678 5085 1026 5158 capitulm-ia
1043 5086 1540 5158 Aquisgranensia
1569 5087 1748 5158 hujus

119 5153 253 5230 anni,
281 5153 408 5228 qua:
439 5161 681 5214 exstant
721 5153 782 5212 in
811 5156 1063 5213 editione
1103 5153 1412 5214 Balu'ziana
1441 5161 1497 5214 et
1524 5153 1745 5230 passim

117 5235 164 5274 In
191 5225 632 5284 collectionibus
657 5227 1060 5284 conciliorum.

218 5242 632 5284 οιιθεῐιοῑιιουε
657 5242 975 5284 οοηθιιιοιυυ
985 5245 1060 5283 m.

173 5295 512 5372 (278)_Circa
543 5299 668 5354 hinc
699 5304 964 5372 tempora
1004 5299 1062 5354 in
1101 5299 1363 5372 margine
1393 5297 1607 5372 codicis
1638 5300 1744 5354 Ba-

117 5365 544 5443 variei’legitur
592 5365 844 5443 sequens
891 5374 1048 5443 nota,
1083 5365 1372 5443 primieva,
1404 5375 1468 5425 ut
1490 5371 1742 5443 videtur,

118 5447 270 5495 manu
291 5439 619 5515 asc'ripta.gc_
635 5439 950 5515 sciendum
969 5439 1172 5496 Carolo
1193 5457 1404 5515 magno
1420 5441 1739 5515 Adrianum

118 5519 300 5578 Papam
328 5511 538 5570 Romae
562 5511 777 5568 librum
799 5513 1030 5569 dedisse
1061 5513 1452 5568 continentem
1481 5513 1742 5568 Canones

118 5581 492 5656 apostolorum
527 5599 666 5656 eum
698 5583 959 5656 conciliis
984 5583 1233 5656 Nicaeae,
1256 5585 1576 5656 Ancyrano,
1604 5583 1742 5656 Neo-

118 5655 440 5727 gaesariensi,
516 5654 865 5727 G_angrensi,
919 5654 1336 5727 _Antiocheno,_r
1381 5654 1738 5727 Laodicensi,

117 5715 766 5798 Constantinopolitano,
797 5715 1274 5798 Cbaleedonensi,
1295 5715 1656 5798 Sardicensi,
1685 5715 1742 5782 et

119 5794 386 5874 quoddam
406 5793 726 5874 exceptum
749 5813 820 5859 ex
834 5793 1122 5866 Africanis
1152 5793 1413 5860 conciliis
1439 5793 1740 5860 continen-

1859 4660 2198 4724 lnnoeentii,
2222 4659 2457 4726 Zosimi,
2485 4657 2782 4724 Bonil'aeii,
2807 4656 3118 4723 leéstini,
3151 4656 3376 4723 Leonis,
3405 4659 3499 4712 lli-

1861 4731 2007 4797 larii,
2043 4730 2353 4801 Simplicii,
2389 4729 2609 4794 Felicis,
2631 4728 2866 4801 Gelasii,
2901 4727 3207 4801 Anastasii,
3231 4729 3498 4800 Symma-

1856 4802 1972 4865 chi,
2036 4800 2373 4863 llormisdaz,
2435 4800 2710 4872 Gregorii.
2767 4801 2928 4854 llunc
2992 4800 3236 4872 librum_
3259 4801 3499 4872 quidam

1855 4873 2174 4927 Adrianum
2207 4870 2675 4942 cognominant.»
2703 4872 2967 4942 Codiccm
3008 4871 3164 4926 hunc
3195 4870 3501 4926 llarzheim

1857 4962 1974 4999 sum
2004 4941 2330 4998 collectioni
2362 4942 2753 4997 Coneiliorum
2786 4941 3128 5014 Germaniae,
3158 4945 3200 4996 t.
3226 4942 3268 5008 l,
3295 4959 3350 5014 p.
3379 4943 3500 5014 191,

1856 5015 2134 5082 inseruit;
2168 5014 2222 5068 in
2247 5031 2362 5084 quo
2397 5017 2587 5069 tamen
2621 5013 2963 5084 pontiﬁcum
2997 5013 3226 5084 decreta
3257 5013 3374 5068 nan
3405 5013 3502 5069 ba-

1857 5086 2231 5157 bentur,iqua3
2261 5083 2390 5157 vero
2423 5083 2656 5157 exhibet
2685 5083 2845 5157 inter
2866 5083 3142 5157 epistolas
3170 5084 3502 5157 pontiﬁcias

1855 5158 1926 5212 ad
1985 5155 2264 5211 Eeclésias
2323 5155 2644 5211 Germaniae
2699 5155 3044 5211 destinatas.
3079 5155 3272 5226 Pergit
3328 5156 3504 5212 citata

1855 5233 1992 5284 nota
2023 5246 2087 5284 ;‹‹
2125 5227 2283 5282 idem
2313 5226 2556 5282 Carolus
2607 5227 2756 5282 duos
2806 5226 2986 5281 libros
3033 5243 3102 5282 ex
3152 5227 3502 5284 tractatibus

1855 5317 1956 5356 seu
1989 5299 2356 5379 sermonibus
2379 5299 2479 5354 SS.
2507 5297 3154 5379 PatrumpernPaulum
3185 5297 3498 5379 Diaconem

1853 5387 2027 5426 suum
2055 5369 2306 5440 collegit,
2339 5385 2405 5424 eo
2437 5369 2590 5440 quod
2631 5367 2904 5440 quaelibet
2943 5368 3276 5440 apocrypha
3323 5367 3500 5440 nollet

1853 5387 2027 5426 suum
2055 5387 2306 5440 cunegit,
2339 5387 2405 5424 eo
2479 5387 2590 5424 uoa
2631 5387 2904 5440 quaelibet
2943 5387 3276 5440 apocrypna
3323 5387 3492 5424 noue:

1852 5441 2114 5496 ecclesia.
2139 5439 2284 5511 Nam
2319 5387 2574 5511 praedicti
2603 5441 2716 5495 duo
2747 5439 2880 5494 libri
2913 5456 3013 5510 per
3041 5437 3322 5511 circulum
3356 5437 3492 5493 anni

1852 5511 2103 5584 singulis
2137 5509 2548 5584 festivitatibus
2577 5527 2720 5582 pene
2741 5510 2859 5566 sive
2881 5509 3491 5584 jejuuiis_ad_noctur-

1852 5576 2012 5658 nales
2046 5583 2318 5658 lectiones
2362 5576 2643 5658 sufﬁcere
2671 5576 2916 5658 possunt
2939 5576 3484 5658 cum_Bibliotbeea.

1850 5653 2092 5726 Perfeeti
2123 5657 2262 5726 sunt
2281 5653 2578 5726 autemjlli
2600 5648 2730 5726 duo
2748 5651 2877 5726 libri
2902 5667 3052 5726 anno
3073 5648 3484 5726 Domini-8.98.»

1849 5729 1967 5781 Hoc
1996 5724 2421 5801 Homiliarium
2482 5723 2639 5786 Pauli
2698 5720 2930 5788 Diaconi
2983 5717 3198 5801 passim
3255 5716 3481 5780 editum

1847 5799 2092 5872 prostat.

3381 453 3496 521 166
3595 525 3603 531 ,
