3894 6382
304 439 416 512 1'1!

1116 441 1526 513 HERMANNI
1571 437 2017 510 CONTRACTI
2057 437 2475 512 AUGIENSIS
2517 445 2892 514 MONACHI.

3599 437 3731 506 172

1674 601 1908 662 CODEX
1943 595 2344 664 AUGIENSIS.

1674 607 1908 662 CODEX
1943 607 2344 664 AUGIENSIS.

294 693 298 698 ’
381 707 484 763 811
509 705 673 764 Heito
695 706 878 764 abbas
906 705 1100 780 Augiaa
1122 711 1178 762 et
1200 706 1508 778 episcopus
1535 702 1794 768 Basileae,
1817 716 1950 757 cum
1981 699 2036 771 Α
2064 705 2121 758 et
2149 703 2398 776 pleuresi
2431 706 2718 778 pulsatus,
2750 724 2788 762 v
2813 703 2934 764 Kal.
2958 703 3126 763 Febr.
3153 699 3510 778 Aquisgrani
3544 697 3729 770 obiit,

311 793 555 868 Hugone
583 799 641 852 et
669 795 908 862 Haione,
941 795 1250 850 comitibus
1277 793 1424 864 (291)
1462 791 1952 861 Constantinopo-

313 883 418 940 lim
441 885 679 952 missus,
699 884 1082 956 OdOporicum
1108 879 1596 954 [Hodocporieum]
1617 896 1790 934 suum
1812 878 1953 934 scri-

314 973 452 1046 psit.
487 973 722 1029 Interim
744 973 1032 1028 Niciforus
1057 969 1460 1042 [Nicephorus]
1483 969 1802 1040 imperator
1820 983 1955 1022 cum

315 1061 671 1136 Vulgaribus
703 1077 971 1134 pugnans
1003 1060 1229 1116 occisus
1262 1064 1368 1114 est.
1402 1058 1663 1113 Tandem
1708 1054 1957 1111 Michael

318 1151 634 1223 imperator
653 1150 838 1205 factus
856 1149 1077 1221 legatos
1095 1147 1280 1204 Caroli
1301 1147 1376 1202 im
1389 1145 1670 1218 peratoris
1691 1144 1954 1200 remittit.

317 1242 459 1297 Tres
489 1239 772 1295 exercitus
801 1241 992 1294 fausto
1026 1237 1220 1292 omine
1251 1237 1310 1291 in
1344 1235 1615 1300 Linones,
1646 1234 1704 1288 in
1731 1234 1956 1288 Panno-

315 1329 466 1396 nias,
500 1329 653 1386 134
682 1327 741 1382 in
772 1327 1038 1382 Britones
1096 1328 1168 1380 ab
1221 1325 1571 1397 imperatore
1624 1323 1954 1376 mittuntur.

313 1416 558 1476 Carolus
589 1432 686 1472 rex
709 1415 864 1471 filius
889 1413 1258 1486 imperatoris
1287 1431 1328 1468 ιι
1357 1413 1502 1468 Νοιι.
1533 1411 1761 1467 Decem.
1795 1410 1958 1465 obiit.

315 1507 518 1564 Annal.
550 1505 708 1560 Fuld.

386 1597 495 1650 812
523 1591 870 1664 Hemmingo
895 1609 1028 1663 rege
1060 1595 1308 1658 mortuo,
1340 1595 1464 1646 orto
1492 1589 1644 1644 inter
1674 1587 1866 1644 Danos
1891 1587 1962 1642 de

317 1681 484 1754 regni
505 1681 758 1752 primatu
780 1679 1001 1752 przelio,
1021 1680 1221 1735 decem
1251 1677 1435 1733 millia
1451 1677 1728 1748 nongenti
1746 1680 1802 1731 et
1825 1692 1962 1747 qua-

318 1768 591 1840 draginta
609 1766 890 1822 cecidisse
904 1765 1440 1822 feruntur.Michael
1463 1763 1962 1837 imperator,lega-

315 1855 396 1913 tis
424 1855 612 1912 Caroli
643 1855 927 1922 remissis,
955 1871 1091 1910 suos
1115 1854 1290 1909 etiam
1323 1871 1526 1925 pacem
1549 1853 1962 1908 confirmatum

319 1945 500 2002 misit.
519 1943 903 2001 Beneventani
923 1943 1126 2015 viginti
1151 1943 1409 2016 quinque
1434 1940 1618 1998 millia
1640 1941 1962 1997 solidorum

322 2033 449 2126 auri
477 2033 764 2126 tributum
795 2029 994 2087 Carolo
1027 2029 1385 2103 persolvunt.
1419 2030 1635 2086 Classis
1664 2029 1963 2126 Danorum
1995 2061 2043 2126 B

319 2120 655 2179 Hiberniam
684 2120 963 2176 invadens
995 2137 1028 2175 a
1057 2119 1244 2175 Scotis
1272 2119 1424 2174 victa
1451 2125 1558 2174 est.
1597 2136 1690 2174 an.
1723 2117 1880 2172 Fuld.

390 2211 496 2266 813
516 2209 754 2266 Carolus
777 2209 1094 2280 imperator
1120 2207 1521 2264 Amalharium
1552 2207 1962 2264 Treverensem

323 2299 826 2370 archiepiscopum
849 2303 906 2354 et
925 2298 1158 2352 Petrum
1182 2295 1662 2352 Nonantulanum
1693 2295 1960 2351 abbatem

203 2456 213 2466 .
321 2387 464 2444 item
494 2385 1054 2458 Constantinopolim
1086 2385 1268 2451 misit,
1293 2401 1542 2456 quorum
1574 2383 1964 2456 Odoporicum

324 2476 464 2532 item
488 2471 768 2548 scriptum
789 2474 1220 2546 habetur(29‘2).
1247 2475 1376 2545 Ipse
1399 2474 1754 2528 Ludovicum
1778 2472 1965 2528 {ilium

323 2567 650 2621 consortem
682 2563 936 2636 imperii,
961 2563 1366 2618 Bernhardum
1402 2563 1546 2633 (293)
1579 2577 1809 2633 quoque
1839 2560 1967 2632 Pip-

322 2653 446 2726 pini
460 2652 667 2721 filium,
685 2656 955 2724 nepotem
971 2668 1144 2707 suum
1164 2650 1338 2706 Italia:
1354 2667 1548 2723 regem
1565 2651 1716 2706 fecit.
1735 2652 1961 2720 Thegan.

323 2773 391 2784 —
420 2742 609 2806 Quina
637 2741 784 2814 (294)
817 2757 1136 2814 permagna
1151 2739 1777 2811 conciliaMogontiaci,
1810 2739 1966 2794 Rhe-

324 2831 460 2901 mis,
481 2831 752 2898 Turonis,
777 2829 1130 2896 Cavillionis,
1149 2829 1364 2885 Arelati
1391 2846 1492 2902 pro
1514 2832 1669 2884 statu
1693 2827 1967 2884 Ecclesia-

323 2935 458 2976 rum
487 2918 612 2974 ﬁeri
637 2919 841 2990 jussit.
876 2918 1029 2974 Pons
1059 2917 1412 2988 Mogontiaci
1433 2933 1610 2988 super
1635 2916 1904 2972 Rhenum
1935 2935 1970 2973 a

327 3005 531 3064 Carolo
582 3010 842 3062 structus
891 3007 1160 3062 incendio
1209 3005 1396 3078 periit.
1448 3007 1647 3061 Annal.
1695 3005 1858 3060 Fuld.
1901 3037 1968 3046 —-

331 3094 682 3152 Constantine
710 3093 889 3166 Egino
909 3095 1218 3166 episcopus
1249 3094 1412 3150 obiit.
1442 3093 1578 3150 Post
1605 3110 1778 3165 quem
1807 3094 1968 3150 Wol-

331 3185 474 3240 ﬂeoz
505 3182 813 3254 episcopus
843 3182 1032 3238 factus
1074 3186 1182 3250 est,
1233 3183 1334 3254 qui
1381 3182 1707 3238 coenobium
1739 3200 1971 3256 quoque

334 3275 394 3330 S.
427 3272 576 3329 Galli
607 3289 664 3328 Iv
684 3275 809 3344 jam
843 3271 1014 3328 annis
1064 3271 1254 3327 tenuit
1296 3271 1468 3343 (295).
1501 3273 1670 3344 Apud
1701 3277 1969 3330 sanctum

335 3359 568 3417 Gallum
609 3359 928 3432 Gezpertus
957 3359 1138 3414 abbas
1164 3359 1393 3430 praefuit
1422 3359 1591 3414 annis
1619 3378 1791 3416 xxvn.

405 3449 511 3506 814
539 3423 777 3506 Carolus
825 3449 1142 3521 imperator
1165 3423 1445 3520 magnus,
1479 3464 1611 3504 cum
1645 3449 1808 3521 prius
1838 3450 1970 3508 the«
2000 3423 2044 3490 (ἶ

331 3554 537 3596 sauros
559 3555 698 3594 suos
717 3537 870 3593 inter
887 3555 983 3592 xxx
1009 3536 1544 3608 archiepiscopatus
1565 3539 1728 3609 regni
1751 3539 1844 3595 sui
1865 3557 1968 3596 caa-

325 3630 597 3698 terosque
627 3626 998 3699 episcopatus
1041 3630 1100 3680 et
1153 3624 1440 3681 Ecclesiae
1465 3625 1776 3696 divisisset,
1810 3627 1968 3688 febre

2060 793 2259 865 ibique
2273 793 2588 852 honoriﬁce
2601 796 2752 856 185
2769 793 3036 868 sepultus
3061 797 3151 851 est
3170 809 3324 850 anno
3348 791 3540 848 zetatis
3565 807 3728 858 nam,

2062 881 2227 953 regni
2255 898 2427 951 XLVII,
2461 884 2734 954 subjectae
2768 881 2944 939 Italia:
2998 897 3150 950 xuv,
3195 872 3429 954 imperii
3470 896 3596 947 XIV,
3633 877 3732 934 in-

2064 969 2314 1025 dictione
2342 987 2442 1026 vn.
2475 974 2584 1028 Pro
2616 988 2730 1044 quo
2759 971 2916 1028 ﬁlius
2945 971 3074 1042 ejus
3113 969 3464 1035 Ludovicus,
3497 983 3736 1040 cogno-

2067 1062 2260 1114 mento
2293 1058 2450 1130 Pius,
2483 1060 2744 1132 regnavit
2771 1059 2943 1117 annis
2973 1077 3150 1116 xxvn.
3172 1058 3282 1124 Qui
3313 1056 3516 1114 statim
3547 1055 3735 1112 audi-

2065 1146 2141 1201 tis
2161 1151 2217 1202 et
2239 1146 2521 1203 absolutis
2535 1149 2797 1220 gentium
2815 1149 3177 1204 diversarum
3195 1144 3427 1220 legatis,
3441 1141 3738 1217 generale

2068 1234 2422 1307 colloquium
2454 1235 2806 1310 Aquisgrani
2837 1235 3062 1304 habuit,
3095 1238 3153 1291 et
3187 1231 3374 1290 multa
3399 1249 3507 1307 per
3523 1236 3737 1290 totum

2068 1341 2312 1396 regnum
2365 1341 2670 1397 perperam
2727 1329 2894 1399 gesta
2947 1323 3214 1382 correxit.
3269 1323 3475 1380 Annal.
3530 1322 3736 1392 Fuld.,

2068 1413 2266 1484 Eginh.
2279 1456 2292 1482 ,
2326 1414 2554 1484 Thegan.

2139 1503 2244 1557 815
2273 1503 2572 1558 Exercitus
2605 1501 2866 1558 Perioldo
2919 1501 3216 1558 Danorum
3263 1499 3386 1572 regi
3435 1499 3510 1556 ad
3561 1497 3739 1556 auxi-

2071 1589 2214 1646 lium
2249 1607 2283 1646 a
2312 1590 2598 1648 Ludovico
2649 1607 2782 1663 rege
2834 1589 3056 1646 missus
3097 1606 3168 1644 x1.
3199 1588 3342 1662 (296)
3375 1587 3620 1645 obsides
3655 1587 3740 1643 ab

2070 1679 2340 1735 hostibus
2372 1678 2600 1750 accipit.
2631 1677 2880 1743 Quidam
2923 1693 2994 1734 ex
3039 1675 3320 1733 Romanis
3359 1674 3741 1748 primoribus

2072 1767 2132 1824 in
2161 1783 2363 1824 necem
2397 1767 2600 1824 Leonis
2623 1783 2783 1840 papae
2805 1766 3180 1838 conjurantes
3201 1763 3550 1839 puniuntur.
3575 1763 3738 1820 Ann.

2072 1857 2250 1924 Fuld.,
2282 1857 2539 1912 Laurish.

2143 1946 2246 2000 816
2258 1945 2482 2012 Sorabi,
2497 1943 2758 2016 itemque
2774 1946 3091 2000 Wascones
3109 1940 3392 2000 rebellare
3409 1941 3741 2000 molientes

2073 2033 2559 2106 comprimuntur.
2589 2033 2775 2090 Leone
2805 2048 2957 2105 papa
2985 2031 3046 2086 in
3075 2049 3180 2088 vur
3223 2029 3347 2088 Kal.
3379 2029 3546 2088 Junii
3570 2029 3740 2103 (297)

2073 2121 2366 2192 defuncto,
2414 2121 2746 2194 Stephanus
2792 2119 2944 2176 sedit
2993 2119 3314 2176 mensibus“
3347 2135 3452 2176 vn.
3503 2118 3620 2185 Qui
3652 2117 3738 2174 ad

2073 2211 2427 2268 Ludovicum
2448 2226 2644 2282 regem
2665 2210 2724 2264 in
2749 2207 3050 2265 Franciam
3075 2207 3338 2274 veniens,
3362 2207 3566 2264 Remis
3584 2222 3738 2264 eum

2073 2300 2483 2372 imperatorem
2533 2297 2844 2366 coronavit,
2876 2295 3339 2368 muneribusque
3375 2299 3434 2352 et
3461 2294 3739 2354 amicitia

2075 2393 2277 2444 mutuo
2307 2388 2392 2444 illi
2423 2389 2668 2459 junctus
2722 2386 2968 2442 Romam
3017 2383 3208 2441 rediit.
3251 2385 3582 2458 Imperator
3626 2401 3738 2457 sy-

2076 2478 2226 2533 nodo
2275 2477 2427 2549 (298)
2457 2474 2700 2532 collecta
2751 2473 2939 2530 multa
2991 2474 3062 2530 de
3104 2477 3261 2530 statu
3319 2477 3374 2530 et
3431 2471 3733 2546 religione

2076 2565 2472 2622 cmnobiorum
2505 2566 2649 2620 bene
2679 2563 2990 2635 disposuit.
3022 2563 3165 2620 Ann.
3196 2561 3361 2620 Fuld.
3397 2593 3466 2606 —-
3516 2563 3735 2636 Augie

2074 2654 2318 2711 basilica
2349 2655 2406 2710 S.
2432 2653 2647 2722 Mariae,
2671 2670 2705 2709 a
2727 2652 2969 2708 Heitone
2990 2652 3199 2709 abbate
3219 2655 3276 2708 et
3291 2650 3570 2725 episcopo
3591 2667 3740 2708 con-

2077 2749 2316 2810 structa,
2348 2742 2614 2799 dedicata
2643 2744 2750 2798 est.

2146 2834 2248 2886 817
2281 2830 2574 2902 Stephano
2605 2846 2757 2902 papa
2795 2847 2872 2885 ιχ.
2925 2827 3053 2889 Kal.
3085 2827 3252 2885 Febr.
3286 2829 3586 2896 defuncto,
3619 2832 3738 2887 Pa-

2077 2921 2294 2978 schalis
2324 2919 2476 2976 sedit
2519 2918 2689 2975 annis
2740 2935 2839 2974 vn.
2897 2917 3146 2991 Eclipsis
3177 2917 3328 2991 (299)
3370 2917 3517 2974 solis
3545 2918 3741 2976 Nonis

2078 3011 2244 3068 Febr.
2276 3009 2448 3075 facta,
2480 3012 2538 3063 et
2569 3010 2794 3064 cometa
2827 3005 2952 3063 visa
2998 3009 3106 3062 est.
3141 3005 3343 3082 Legati
3371 3005 3585 3064 Leonis
3616 3006 3740 3064 im-

2078 3098 2361 3172 peratoris
2377 3096 2446 3152 dc
2462 3091 2963 3166 Constantinopoli
2982 3109 3086 3167 pro
3105 3109 3249 3166 pace
3267 3093 3343 3150 ad
3359 3093 3742 3152 Ludovicum

2077 3187 2320 3244 veniunt
2348 3185 2777 3256 imperatorem.
2812 3182 3142 3239 Ludovicus
3169 3183 3491 3255 imperator
3509 3183 3738 3242 Letha-

2079 3277 2233 3332 rium
2255 3275 2400 3346 (300)
2423 3271 2880 3346 primogenitum
2902 3287 3078 3328 suum
3103 3269 3339 3344 imperii
3367 3276 3740 3344 consortem,

2081 3364 2440 3422 Ludovicum
2456 3365 2513 3418 et
2529 3360 2838 3433 Pippinum
2856 3359 3008 3416 filios
3025 3375 3166 3416 suos
3180 3359 3464 3432 Bajoariaa
3481 3365 3540 3418 et
3556 3363 3748 3436 Aqui-

2080 3453 2249 3511 taniae
2275 3468 2439 3524 reges
2485 3449 2756 3524 praefecit.
2811 3447 3099 3506 Sclaomir
3147 3449 3266 3505 dux
3301 3436 3741 3509 Abodritarum

2078 3541 2336 3600 rebellat.
2370 3539 2742 3596 Bernhardus
2770 3553 2870 3594 rex
2915 3536 3093 3594 Italia:
3141 3537 3423 3596 rebellare
3456 3539 3746 3611 molitus,

2078 3648 2212 3688 cum
2243 3631 2418 3686 rebus
2447 3628 2572 3684 suis
2619 3628 2975 3700 desperaret,
3033 3628 3244 3698 patruo
3275 3626 3625 3700 imperatori
3660 3631 3746 3688 ad

1354 3740 1824 3799 COMPENDIUM
1864 3746 1956 3802 EX
1995 3745 2249 3806 CODICE
2288 3742 2668 3799 BERNOLDI.

392 3838 492 3895 811
526 3840 676 3895 Hetto
705 3837 870 3894 abbas
901 3839 1095 3908 Augiae
1125 3845 1176 3892 et
1225 3839 1501 3910 episcopus
1531 3841 1786 3912 Basileae,
1818 3844 1959 3901 mis—

319 3944 410 3984 sus
431 3927 974 3998 Constantinopolim.
1007 3926 1411 3996 Hoda’poricum
1439 3943 1602 3982 suum
1631 3933 1868 4002 scripsit.

385 4017 493 4072 812
520 4016 745 4072 Michael
777 4019 910 4088 imp.
937 4016 1132 4084 legatis
1155 4015 1338 4070 Caroli
1357 4018 1619 4086 remissis,
1643 4035 1766 4076 suos
1795 4023 1962 4077 etiam

309 4121 504 4178 pacem
530 4107 914 4176 conﬁrmatum
942 4106 1120 4160 misit.
1152 4107 1522 4162 Beneventani
1549 4109 1729 4163 25000
1755 4110 1956 4166 solido-

317 4210 444 4250 rum
471 4197 600 4250 auri
619 4195 885 4249 tributum
917 4195 1104 4250 Carolo
1132 4195 1461 4264 persolvunt.

387 4282 494 4338 813
525 4283 752 4338 Carolus
781 4283 1145 4352 imperator...
1176 4285 1346 4361 misit,
1371 4299 1604 4354 quorum
1631 4285 1771 4342 liber
1799 4288 1960 4342 itine-

313 4379 489 4440 ratus,
544 4371 951 4444 Hodwporicum
1011 4375 1141 4429 item
1216 4374 1481 4442 scriptum
1531 4373 1786 4430 habetur.
1843 4377 1959 4448 Ipse

313 4461 645 4518 Ludovicum
689 4461 870 4531 ﬁlium
921 4463 1082 4530 regni
1154 4468 1452 4516 consortem
1532 4461 1688 4535 fecit.
1751 4463 1957 4520 Mortuo

311 4551 546 4622 Pippino
574 4552 690 4622 ﬁlio
718 4551 834 4622 ejus
862 4567 983 4622 rege
1010 4550 1206 4618 Italiae,
1252 4549 1432 4618 ﬁlium
1482 4551 1654 4622 ipsius
1685 4553 1956 4610 Bernhar-

2073 3844 2284 3902 Arelati
2309 3857 2410 3914 pro
2439 3844 2586 3897 statu
2606 3839 2977 3896 Ecclesiarum
2992 3839 3118 3910 ﬁeri
3127 3839 3321 3911 jussit.

2141 3933 2243 3990 814
2277 3931 2501 3986 Carolus
2521 3931 2885 4001 imperator...
2913 3929 3010 4000 qui
3055 3929 3246 3984 statim
3272 3930 3533 3998 generate
3559 3933 3743 3990 collo-

2070 4023 2262 4095 quium
2289 4019 2621 4090 Aquisgrani
2649 4017 2860 4088 habuit,
2911 4021 2966 4072 et
3010 4016 3186 4072 multa
3221 4032 3520 4090 perperam
3571 4027 3741 4090 gesta

2064 4125 2166 4182 per
2192 4123 2422 4180 regnum
2457 4108 2716 4163 correxit.

2137 4197 2246 4254 815
2276 4195 2502 4265 Quidam
2534 4211 2602 4250 ex
2633 4195 2888 4250 Romanis
2919 4195 3328 4266 primoribus...
3371 4197 3731 4268 puniuntur.

2138 4287 2242 4342 816
2271 4287 2446 4340 Leone
2488 4300 2638 4356 papa
2677 4283 2930 4354 defuncto
2973 4299 3079 4340 vnr
3126 4284 3248 4340 Kal.
3278 4285 3456 4342 Jun...
3488 4301 3734 4344 corona-

2066 4378 2166 4440 vit,
2196 4373 2388 4430 deinde
2419 4374 2643 4429 Romam
2689 4372 2874 4428 rediit.
2932 4374 3235 4444 Imperator
3279 4374 3560 4447 synodo...
3596 4378 3740 4436 bene

2066 4463 2352 4536 disposuit.

2134 4554 2240 4608 817
2277 4551 2548 4622 Stephano
2595 4567 2804 4622 papa...
2861 4551 3027 4606 annis
3071 4543 3175 4608 v11.
3218 4551 3409 4622 Legati

311 4639 461 4708 dum,
493 4643 734 4712 nepotem
777 4656 936 4694 suum
980 4654 1165 4708 regem
1219 4639 1346 4708 fecit
1392 4639 1592 4696 Italiae.
1645 4646 1958 4712 Permagna
1987 4606 2034 4670 D
2065 4643 2294 4699 veniunt
2315 4606 2719 4712 imperatorem.

309 4727 540 4783 concilia
603 4727 954 4800 Moguntiaci,
1036 4727 1270 4795 Rhemis,
1353 4727 1579 4810 Turonis
1633 4729 1954 4800 Cavillonis,

1871 4845 2104 4905 NOTAE.

406 4939 533 5012 291)
580 4937 904 5012 Turonensi
957 4934 1181 4993 scilicet
1210 4941 1291 5012 tet
1343 4939 1752 5012 Forojuliensi.
1789 4943 1957 5000 Hetto

313 5008 706 5068 subscribitur
734 5011 795 5066 in
826 5013 1176 5065 testamento
1199 5008 1382 5066 Caroli
1406 5008 1617 5069 thoc
1639 5030 1790 5070 anno
1815 5032 1953 5071 con-

311 5082 451 5156 djto.
486 5085 932 5156 Testamentum
980 5079 1234 5156 hoc,__ut
1288 5081 1554 5156 perhibet
1581 5086 1952 5156 Eginhardus

309 5153 526 5234 (Salui.
559 5155 824 5234 Capiti.
860 5154 901 5234 I,
935 5167 990 5222 p.
1043 5150 1190 5231 Δ187),
1233 5150 1658 5234 conscriptum
1679 5163 1952 5234 estanno

308 5221 433 5299 811.
455 5221 734 5299 _Hettonis
755 5221 1206 5299 Hodoeporicum
1231 5221 1548 5299 intercidit,
1584 5227 1817 5299 Legatio
1852 5229 1950 5284 Mi-

309 5295 528 5351 chaelis
560 5294 742 5350 altero
773 5311 922 5348 anno
941 5292 1126 5347 Tacta.
1151 5292 1350 5359 Eginh.

401 5367 529 5442 292)
556 5365 842 5442 Ruspiam
863 5365 1082 5442 editum
1105 5363 1320 5442 legitur
1343 5363 1451 5420 hoc
1481 5365 1943 5442 Hodaeporieum.

403 5433 529 5504 293)
561 5437 620 5490 Id
646 5433 771 5506 jam
803 5452 954 5506 anno
981 5433 1185 5506 priore
1201 5435 1440 5490 factum.

401 5508 527 5578 294)
557 5505 775 5562 Cuncta
805 5505 923 5562 haec
951 5505 1338 5578 conciliauna
1357 5506 1504 5564 serie
1525 5516 1784 5566 recenset
1804 5511 1948 5566 Lab-

306 5576 452 5634 beus
472 5576 540 5654 in
563 5594 673 5654 sua
693 5578 1028 5654 collectione
1051 5576 1234 5654 1.3111,
1259 5595 1313 5649 p.
1348 5580 1506 5654 1239,
1530 5587 1590 5654 et
1613 5583 1946 5654 Mogontia-

307 5649 773 5722 cumHarrzheim
809 5650 864 5705 in
897 5667 1058 5706 conc.
1089 5648 1279 5722 Germ.
1312 5667 1350 5722 ι.
1383 5652 1428 5716 Ι,
1461 5668 1516 5722 p.
1553 5653 1674 5706 404.

376 5719 524 5792 (295)
554 5721 681 5778 Vid.
715 5724 786 5779 ad
819 5739 912 5778 an.
956 5721 1080 5777 809.
1112 5720 1289 5792 Juxta
1319 5719 1664 5792 Ratpertum
1697 5722 1945 5778 Gozber-

301 5793 398 5850 tus
419 5791 676 5866 primum
689 5811 784 5852 an.
802 5793 926 5864 816,
943 5793 1124 5851 abbas
1145 5791 1361 5850 electus
1383 5791 1489 5862 cst,
1511 5811 1580 5849 ex
1599 5793 1944 5865 Hepidanno

378 5367 395 5579 ἑ

2067 4945 2261 5000 autem
2293 4959 2388 4998 an.
2419 4941 2544 4997 815.

2133 5014 2281 5155 (296)
2313 5012 2560 5068 Annales
2591 5009 2757 5066 Fuld.
2791 5028 2859 5066 ως
2885 5011 3124 5068 obsides
3153 5015 3497 5068 numerant.

2157 5086 2282 5154 297)
2311 5083 2564 5140 Annales
2614 5083 2934 5155 Fuldenses
2981 5082 3203 5139 habent
3251 5099 3353 5140 vm
3397 5084 3497 5139 Kal

2157 5086 2282 5154 297)
2311 5083 2564 5140 Annales
2614 5083 2934 5156 Fuldenses
2981 5082 3203 5156 habent
3251 5099 3353 5156 vm
3397 5084 3524 5140 Kal.
3559 5085 3726 5156 Julii,

2063 5157 2373 5212 manifesto
2405 5171 2617 5219 errore,
2669 5171 2821 5226 cum,
2850 5154 3187 5226 Stephanus,
3231 5155 3371 5226 ejus'
3405 5154 3730 5214 successor

2051 5228 2180 5298 jam
2210 5230 2280 5282 22
2306 5227 2444 5282 Jun.
2477 5226 2654 5282 fuerit
2703 5225 3028 5295 ordinatus,
3078 5225 3225 5283 obiit
3262 5225 3470 5283 autem
3504 5227 3628 5284 Leo
3660 5245 3724 5284 ιιι

2059 5300 2200 5354 Idus
2227 5299 2408 5354 Junii.

2131 5371 2278 5442 (298)
2308 5371 2408 5442 Est
2461 5368 2607 5442 haec
2641 5368 2900 5442 synodus
2952 5367 3476 5442 Aquisgranensis.
3537 5369 3720 5428 Cone.

2058 5440 2266 5497 Germ.
2289 5459 2326 5496 ι.
2361 5441 2405 5497 l.
2431 5457 2487 5497 ι).
2512 5440 2638 5495 430.

2131 5457 2252 5496 :rm.
2289 5459 2326 5496 ι.
2361 5457 2381 5495 1
2431 5457 2487 5512 p.
2512 5457 2638 5495 aeu.

2131 5511 2293 5593 (ψει),
2310 5483 2554 5593 Eclipsis
2585 5509 2737 5567 lunae
2766 5509 2878 5568 fuit
2903 5509 3015 5567 hac
3037 5510 3152 5578 die,
3185 5508 3289 5566 illa
3315 5513 3519 5570 autem
3571 5511 3722 5572 solis

2059 5583 2304 5649 contigit
2335 5584 2400 5637 19
2425 5583 2590 5639 Febr.

2058 5729 2082 5780 ι
2131 5655 2276 5797 (130:)
2469 5653 2670 5710 charta
2696 5652 3000 5712 divisionis
3028 5653 3184 5726 apud
3209 5651 3518 5710 Baluzium
3545 5653 3720 5730 Capit

2091 5769 2102 5782 .
2160 5769 2178 5797 ,
2255 5769 2267 5780 .
2409 5769 2422 5780 .

2091 5769 2102 5782 .
2135 5769 2178 5797 .,
2211 5769 2267 5797 ν.
2297 5769 2422 5780 ων.
