3894 6358
90 448 211 533 17's

1321 456 1802 527 CHRONICON.
1833 489 1910 508 -
1940 460 2131 528 S/EC.
2176 462 2284 528 1X.

3383 434 3501 528 iii

1468 620 1703 680 CODEX
1739 616 2140 680 AUGIENSIS.

1468 623 1703 680 CODEX
1739 623 2140 681 AUGIENSIS.

90 722 451 786 deditionem
478 719 973 795 venit.Ratgarius
1004 718 1314 778 Fuldensis
1338 720 1517 778 abbas
1540 739 1574 777 a
1630 721 1740 777 fra-
1770 720 1825 788 Α
1855 722 2113 794 spatium
2142 722 2318 780 leucae
2347 722 2524 781 unius
2547 722 2606 780 in
2638 723 2883 782 modum
2924 720 3155 799 aggeris
3198 720 3500 783 intumuit.

89 813 285 872 tribus
304 816 616 870 accusatus
644 815 702 868 et
731 811 1033 867 convictus
1063 810 1392 883 deponitur.
1422 811 1523 866 An.
1582 810 1737 865 Fuld.

163 904 321 961 180
349 904 456 959 818
497 901 830 959 Bernardus
858 916 974 967 rex,
1025 899 1166 955 item
1218 899 1554 956 rebellionis
1604 916 1737 955 con-

88 991 537 1064 victus,judicio
569 990 927 1046 Francorum
945 993 1261 1044 excaecatus
1291 990 1557 1055 moritur,
1579 1005 1739 1043 com-

89 1080 396 1154 plicesque
441 1080 570 1152 ejus
626 1078 873 1133 diversis
919 1078 1108 1132 modis
1142 1078 1326 1148 puniti
1368 1076 1739 1148 episcopique

85 1169 341 1243 depositi
362 1167 862 1225 sunt.Ludovicus
882 1167 1201 1238 imperator
1231 1167 1595 1221 Gismarinos
1616 1164 1737 1219 Bri-

86 1263 307 1318 tannos
338 1256 705 1325 rebellantes,
739 1256 935 1315 exciso
969 1256 1310 1311 Mormanno
1339 1255 1483 1310 duce
1515 1270 1737 1321 eorum,

89 1348 342 1405 domuit.
383 1346 629 1419 Eclipsis
651 1344 791 1401 solis
811 1362 914 1400 VIII
953 1345 1035 1399 Id.
1068 1343 1210 1400 Julii
1270 1344 1418 1397 facta
1450 1342 1618 1413 (30i).
1668 1343 1739 1395 Ir-

90 1436 365 1508 mingard
389 1434 730 1507 imperatrix
750 1434 895 1489 obiit
923 1450 957 1490 v
978 1434 1122 1488 Non.
1142 1432 1339 1487 Octob.
1378 1431 1576 1486 Fuldis
1598 1431 1741 1503 Eigil

88 1526 276 1583 abbas
302 1522 700 1580 constituitur.
752 1524 947 1578 Annal.
983 1521 1162 1588 Fuld.,
1196 1522 1425 1589 'l‘hcgan.

157 1614 268 1671 819
294 1613 588 1670 Sclaomir
620 1611 737 1667 dux
758 1611 1175 1667 Abodritarum
1203 1610 1404 1665 exsilio
1429 1611 1740 1663 damnatus

87 1708 148 1761 et
177 1718 433 1776 regnum
466 1704 595 1774 ejus
625 1701 957 1771 Ceaddrogo
989 1700 1298 1755 Trasconis
1348 1699 1465 1754 lilio
1514 1699 1738 1762 datum,

84 1792 326 1866 Synodo
355 1790 713 1866 Aquisgrani
743 1790 891 1859 (302)
939 1789 1138 1844 habita
1196 1788 1385 1842 multa
1448 1789 1517 1841 de
1582 1791 1738 1841 statu

83 1881 488 1939 Ecclesiarum
501 1884 557 1936 et
573 1879 968 1935 cmnobiorum
987 1881 1231 1933 tractata
1254 1882 1409 1932 sunt.
1421 1878 1744 1947 Imperator

80 1970 296 2029 Judith
318 1968 504 2026 ﬁliam
525 1967 754 2040 Welpbi
775 1968 1006 2023 comitis
1040 1967 1203 2022 duxit
1236 1982 1472 2021 uxorem
1494 1981 1564 2020 ex
1624 1982 1740 2036 qua

82 2059 367 2117 mrolnm
396 2059 619 2130 genuit.
678 2056 979 2112 Exercitus
1040 2056 1097 2109 in
1154 2055 1480 2111 Pannonias
1539 2059 1813 2155 contraB

82 2147 474 2205 Liudwidum
509 2145 633 2219 [al.,
663 2145 976 2200 Liutwitus
998 2154 1048 2199 et
1099 2143 1410 2213 Liutuli‘us]
1463 2144 1734 2197 Sclavum

82 2235 661 2307 rebellantemparvo
693 2234 899 2290 effectu
960 2232 1231 2287 mittitur.
1268 2231 1551 2303 Pippinus
1581 2231 1735 2286 illius

80 2323 461 2398 imperatoris
489 2322 785 2379 Vascones
820 2320 1167 2376 rebellantes
1226 2321 1483 2390 subjicit.
1538 2320 1735 2375 Fuldis

80 2414 337 2472 ecclesia
355 2411 541 2469 sancti
572 2410 853 2467 Bonifaeii
886 2411 957 2465 ab
989 2410 1266 2465 Heisloli‘o
1301 2410 1734 2481 archiepiscopo

77 2503 360 2560 dedicata
387 2505 497 2557 est.
522 2500 721 2555 Annal.
759 2499 913 2554 Fuld.

150 2592 267 2648 820
291 2591 439 2647 Tres
458 2589 745 2645 exercitus
777 2592 977 2644 contra
1001 2586 1374 2642 Luidwidum
1405 2603 1473 2641 ex
1493 2587 1737 2644 diversis

78 2680 359 2755 partibus
380 2679 635 2736 immissi
656 2677 1019 2734 Pannoniam
1045 2694 1257 2748 magna
1282 2695 1349 2731 ex
1380 2681 1541 2747 parte
1573 2677 1736 2731 deva-

80 2773 269 2827 stant.
288 2769 437 2825 Bera
455 2780 652 2825 comes
666 2767 1021 2832 Barcinonce,
1041 2781 1173 2820 reus
1193 2764 1735 2834 majestatis,duello

79 2857 415 2925 convictus,
432 2855 635 2913 exsilio
660 2857 997 2911 damnatur.
1014 2855 1092 2908 Ex
1112 2854 1492 2908 inundatione
1513 2840 1734 2925 pluvia-

77 2962 218 3004 rum
249 2945 442 3003 nimia
470 2943 803 3018 pestilentia
832 2960 1044 3015 magna
1073 2947 1131 2999 et
1150 2943 1331 2997 fames
1359 2943 1732 2997 facta.Anna1.

295 3118 625 3180 Ludovicus
657 3119 973 3191 imperator
994 3134 1239 3189 regnum
1272 3118 1424 3172 inter
1445 3117 1594 3172 filios
1649 3118 1734 3172 di-

77 3210 254 3277 vidit,
289 3208 498 3266 exsilia
518 3206 1019 3275 relaxavit,debita
1038 3208 1265 3261 cunctis
1311 3206 1554 3273 dimisit,
1603 3224 1734 3278 pos-

79 3299 388 3357 sesaiones
409 3294 470 3353 in
521 3297 731 3352 fiscum
791 3296 1057 3351 redactas
1102 3295 1379 3350 restituit.
1429 3296 1734 3350 Lotharius

78 3388 246 3445 ﬁlius
279 3387 412 3459 ejus
434 3402 673 3441 uxorem
694 3384 877 3440 duxit.
908 3386 1137 3452 Thcgan.
1164 3384 1565 3455 —-Ceaddrago
1589 3384 1733 3438 duce

1921 813 2069 868 181
2098 813 2422 869 Ludovicus
2454 814 2771 887 imperator
2815 819 2887 870 de
2942 812 3193 887 publicis
3252 812 3505 886 peccatis

1854 900 1977 954 suis
2008 902 2299 971 publicam
2323 904 2722 975 paenitentiam
2740 902 2858 976 egit
2882 908 3198 975 etquaeque
3221 902 3279 959 in
3326 919 3503 976 regno

1851 1007 1956 1045 suo
1980 990 2320 1062 corrigenda
2341 992 2603 1047 correxit.
2632 992 2941 1049 Lotharius
2968 992 3026 1047 in
3051 991 3504 1065 ltaliam,Pippi-

1852 1096 1964 1134 nus
1995 1079 2167 1133 ducta
2185 1097 2357 1135 uxore
2383 1082 2441 1136 in
2482 1082 2858 1152 Aquitaniam
2883 1098 3052 1153 reges
3106 1082 3272 1138 missi
3333 1086 3495 1138 sunt.

1848 1166 2045 1221 Fuldis
2071 1168 2215 1238 Eigil
2241 1169 2419 1223 abbas
2442 1170 2602 1236 obiit,
2630 1171 2721 1225 cui
2760 1171 3055 1239 Rabanus,
3087 1170 3175 1225 vir
3203 1170 3408 1226 doctus
3434 1174 3493 1228 et

1850 1256 2178 1311 divinorum
2208 1257 2491 1313 librorum
2543 1262 2814 1314 tractator
2860 1259 3152 1331 egregius,
3185 1259 3488 1316 successit.

1849 1345 2049 1399 Annal.
2084 1345 2241 1399 Fuld.
2275 1376 2343 1385 ——
2375 1346 2571 1417 Augize
2595 1347 2829 1401 Bettone
2869 1347 3075 1402 abbate
3108 1351 3166 1403 et
3220 1348 3491 1421 episcopo

1851 1434 2136 1505 privatam
2173 1439 2230 1488 et
2262 1434 2519 1504 quietam
2552 1434 2729 1489 vitam
2775 1436 3107 1506 adeptante,
3152 1436 3492 1493 Erlebaldus

1851 1523 2032 1577 abbas
2064 1527 2111 1576 X
2132 1524 2359 1594 praefuit
2381 1525 2548 1578 annis
2570 1541 2692 1577 xm.
2729 1525 2886 1579 Ebbo
2931 1525 3246 1580 Remorum
3304 1525 3492 1581 archi-

1851 1613 2161 1684 episcopus
2192 1612 2347 1683 gcnti
2370 1614 2866 1668 Nortmannorum
2888 1615 3132 1670 verbum
3162 1615 3261 1669 Dei
3287 1614 3496 1687 praedi-

1851 1708 1959 1757 cat.
1986 1702 2182 1755 Annal.
2219 1701 2375 1756 Fuld.

1921 1792 2042 1845 823.
2071 1790 2376 1845 Lotharius
2401 1807 2497 1845 rex
2510 1790 2703 1858 Italiae,
2739 1794 2979 1863 rogante
3012 1808 3163 1863 papa
3190 1791 3491 1861 Paschale,

1851 1878 2167 1951 imperator
2196 1880 2268 1935 ab
2298 1896 2363 1935 eo
2387 1880 2578 1935 Romae
2608 1886 2938 1936 coronatur.
2971 1881 3319 1937 Lutdwidus
3350 1883 3494 1938 Pan-

1851 1971 2036 2024 nenia:
2060 1976 2365 2042 tyrannus,
2398 1969 2456 2024 in
2479 1970 2829 2025 Dalmatiam
2881 1970 3299 2043 transfugiens,
3355 1970 3488 2028 dolo

1849 2059 2013 2113 ducis
2037 2058 2346 2113 Provinciae
2378 2063 2713 2129 peremptus
2744 2062 2853 2113 est.
2882 2060 3038 2113 Inter
3066 2056 3181 2114 alia
3216 2059 3484 2132 prodigia

1853 2152 2216 2202 terrmmotus
2238 2152 2508 2217 Aqucnse
2531 2146 2813 2217 palatium
2840 2147 3150 2203 concussit.
3176 2148 3238 2202 In
3258 2148 3487 2204 territo-

1847 2236 1929 2290 rio
1947 2236 2203 2290 Tullensi
2231 2235 2419 2306 puella
2435 2236 2700 2305 quaedam
2716 2235 3044 2290 duodennis
3058 2235 3483 2307 triennio(304),

1846 2325 1961 2379 fere
1984 2324 2108 2379 sine
2131 2324 2256 2378 cibo
2279 2329 2333 2378 et
2355 2329 2493 2394 potu
2519 2341 2662 2378 sana
2678 2328 2733 2378 et
2755 2323 3027 2379 manibus
3051 2323 3484 2389 suislaborans,

1846 2413 2270 2485 permansit.ln
2306 2430 2452 2484 pago
2498 2413 2757 2467 Saxonis:
2808 2413 3085 2468 Firihsazi
3140 2413 3288 2484 (305)
3347 2429 3492 2469 xm!

1845 2502 2013 2569 villae,
2047 2507 2102 2557 et
2134 2502 2189 2555 in
2223 2500 2353 2556 aliis
2386 2501 2700 2571 provinciis
2724 2500 2877 2557 ultra
2894 2502 3133 2556 solitum
3155 2500 3351 2573 plures
3375 2501 3489 2557 ful-

1847 2589 2003 2644 mine
2033 2592 2317 2643 crematae.
2344 2587 2600 2659 Fulgura
2621 2588 2791 2642 erebo
2815 2604 3019 2643 sereno
3041 2587 3182 2643 coelo
3208 2588 3486 2654 cecidere,

1846 2678 1968 2748 agri
1991 2682 2199 2748 prater
2220 2677 2452 2730 solitum
2477 2675 2641 2729 multi
2665 2676 2947 2746 grandine
2964 2675 3193 2741 vastati,
3223 2675 3375 2733 veris
3406 2677 3494 2732 in-

1844 2770 1932 2822 ter
1962 2766 2149 2836 ipsam
2177 2770 2232 2819 et
2264 2764 2491 2835 magnis
2516 2764 2811 2835 lapidibus
2842 2764 3196 2836 quibusdam
3236 2765 3296 2820 in
3342 2763 3489 2821 locis

1844 2853 2264 2909 decidentibus.
2286 2852 2620 2907 Pestilentia
2638 2868 2870 2924 quoque
2901 2853 3106 2925 ingens
3132 2854 3318 2924 .faeta.
3362 2859 3477 2910 Λη.

1843 2943 1996 3000 Fuld.

1914 3032 2017 3085 824
2051 3031 2167 3085 Rex
2196 3029 2581 3100 Vulgarorum
2606 3029 2883 3101 Omortag
2900 3046 3000 3100 pro
3025 3047 3163 3101 pace
3193 3030 3265 3086 ad
3297 3030 3481 3101 impe-

1843 3126 2094 3175 ratorem
2128 3118 2480 3173 Ludovicum
2514 3118 2696 3172 misit.
2739 3119 2932 3173 Romae
2982 3119 3277 3191 Eugenius
3335 3135 3487 3192 papa

1843 3215 1976 3280 post
1994 3207 2329 3263 Paschalem
2352 3206 2503 3262 sedit
2517 3207 2687 3261 annis
2703 3207 2989 3263 1:1.Hiems
3016 3209 3222 3279 praeter
3242 3206 3482 3264 solitum

1844 3297 2053 3369 frigida
2078 3301 2131 3351 et
2157 3296 2395 3368 prolixa.
2424 3297 2485 3349 In
2518 3295 2807 3350 territorio
2829 3295 3342 3367 Augustodunensi
3360 3295 3483 3368 gia-

1841 3387 1957 3441 cies
1990 3386 2059 3439 de
2085 3401 2214 3439 aere
2238 3383 2514 3438 cecidisse
2535 3382 2745 3437 dicitur
2772 3400 2843 3437 xv
2894 3385 3107 3454 pedum
3168 3383 3362 3455 longa,
3394 3400 3477 3439 vn

74 3456 507 3534 Abodritarum
550 3473 805 3547 perﬁdia:
874 3477 1090 3542 notato,
1150 3472 1450 3537 Sclaomir,
1531 3472 1730 3528 exsilio
1763 3456 1804 3522 (ἶ
1845 3470 3476 3543 lata,ugrossaLudovicusimperatorﬁliumLotharium

75 3568 395 3623 revocatus
438 3568 749 3635 tactusque
799 3563 1022 3627 morbo,
1064 3566 1332 3633 percepto
1384 3560 1733 3632 baptismate

75 3652 245 3709 obiit.
284 3651 453 3708 Anni.
485 3650 643 3705 Fuld.

145 3741 261 3794 822
292 3741 360 3793 In
382 3734 706 3808 Thuringio.
754 3749 955 3806 cespes
1005 3733 1366 3807 longitudine
1413 3751 1442 3788 L
1496 3735 1733 3806 pedum,

74 3824 402 3884 latitudine
431 3843 546 3892 xxv,
562 3824 872 3882 altitudine
889 3840 1049 3893 xvm,
1074 3824 1145 3878 de
1163 3822 1287 3878 loco
1310 3840 1414 3878 suo
1440 3841 1547 3878 nv
1564 3825 1736 3896 pedes

76 3916 413 3974 translatus
436 3912 996 3987 integerinvenitur.
1046 3914 1108 3967 In
1167 3912 1430 3967 orientali
1489 3914 1739 3968 Saxonia

72 4010 253 4066 nocte
275 4004 561 4077 quadam,
573 4004 747 4075 juxta
776 4001 967 4058 lacum
989 4003 1210 4056 Arnseo
1244 4002 1411 4072 (303),
1438 3999 1609 4056 tellus
1638 4018 1741 4073 per

1843 3580 1945 3634 pro
1967 3561 2318 3632 quibusdam
2338 3559 2692 3631 corrigendis
2710 3559 2953 3614 Romam
2972 3559 3286 3632 misit.Ipse
3298 3558 3485 3617 rebel-

1841 3650 2059 3706 lantem
2090 3649 2451 3702 Britanniam
2486 3648 2633 3702 ferro
2666 3652 2721 3702 et
2750 3648 2884 3718 igne
2930 3654 3170 3705 vastans
3230 3648 3482 3717 domuit,

1844 3737 2459 3795 Annal.Fu1d.-—187
2488 3737 2682 3808 Augia:
2741 3737 3014 3793 Wetinus
3069 3738 3416 3809 monachus,
3456 3756 3487 3794 e

1847 3842 2087 3896 corpore
2103 3825 2312 3877 ductus
2326 3827 2381 3877 et
2401 3825 2836 3896 reductus,post
2850 3825 3110 3880 triduum
3131 3826 3301 3895 obiit;
3319 3824 3488 3896 cujus

1845 3914 2097 3968 visiones
2134 3913 2300 3967 Hetto
2360 3913 2668 3983 episcopus
2730 3929 2919 3984 prosa,
2981 3917 3038 3969 et
3085 3912 3488 3970 \Valahfridus

1845 4001 2078 4057 heroico
2112 4006 2295 4055 metro
2326 3999 2562 4071 scripsit
2585 4000 2751 4070 (306).

1136 4125 1609 4181 COMPENDIUM
1651 4127 1741 4184 EX
1779 4126 2028 4183 CODICE
2070 4124 2447 4180 BERNOLDI.

149 4245 267 4303 818
322 4242 629 4300 Ludovicus
682 4240 978 4312 imperator
1038 4240 1370 4295 Cismarinos
1440 4242 1739 4298 Britannos

81 4336 328 4392 domuit.
776 4364 779 4369 ι

148 4423 263 4480 819
320 4418 548 4494 Synodo
603 4419 941 4491 Aquisgrani
997 4418 1208 4484 habita,
1247 4417 1423 4473 multa
1478 4418 1543 4473 de
1597 4422 1743 4473 statu

76 4495 465 4570 ἐωίαδίανωη
492 4509 755 4580 disposita
783 4515 926 4563 sunt.

144 4603 261 4657 820
292 4600 380 4655 Ea:
408 4597 769 4654 inundatione
794 4598 1117 4669 pluviarum
1160 4596 1482 4666 pestilentia
1543 4611 1747 4666 magna

85 4688 247 4761 faeta
279 4695 381 4745 est.

150 4776 259 4834 821
288 4775 597 4833 Ludovicus
626 4775 759 4847 imp.
820 4790 1052 4847 regnum
1117 4774 1268 4828 inter
1332 4773 1475 4842 [ilics
1534 4772 1742 4841 divisit,

76 4868 300 4924 milia
328 4865 629 4932 relaxavit,
661 4863 846 4921 debita
873 4864 1080 4919 cunctis
1099 4862 1327 4917 dimisit.

153 4955 281 5014 822
323 4954 709 5012 Ludovicus...
769 4955 1019 5025 egregius
1074 4952 1348 5008 successit.
1391 4951 1591 5018 Λαρτὶέ
1620 4951 1747 5006 Het-

1850 4251 1972 4297 tone
2003 4240 2196 4294 abbate
2250 4248 2302 4294 et
2354 4240 2595 4310 episcopo
2653 4239 2893 4310 quietam
2944 4241 3115 4296 vitam
3175 4241 3489 4315 adoptante,

1850 4327 2168 4384 Erlcbaldus
2207 4329 2373 4382 abbas
2404 4328 2646 4383 decimus
2675 4329 2939 4383 successit.

1921 4419 2024 4472 823
2083 4418 2435 4474 Lat/utrius...
2497 4417 2673 4471 Roma:
2730 4422 3040 4473 coronatur.
3129 4422 3265 4490 Agri
3318 4420 3488 4475 multi

1847 4516 2050 4579 praeter
2078 4508 2299 4561 solitum
2325 4505 2595 4573 grandine
2623 4509 2745 4560 sunt
2776 4510 2989 4574 vastati,
3023 4511 3235 4579 magnis
3291 4508 3488 4579 lapidi-

1858 4597 1955 4651 bus
1986 4596 2192 4649 alicubi
2222 4595 2608 4660 decidentibus,

1780 4677 1825 4740 D
1926 4684 2029 4737 82";
2054 4685 2234 4738 [tenue
2289 4685 2560 4751 Eugenius
2604 4698 2750 4753 papa.
2806 4687 2918 4756 post
2974 4684 3295 4742 Paschalem
3348 4683 3493 4741 sedit

1853 4774 2016 4827 annis
2057 4773 2252 4827 tribus.
2287 4771 2476 4843 Augiaz
2526 4772 2786 4827 Wetlinus
2841 4774 3137 4829 monachus
3185 4790 3214 4831 e
3267 4789 3490 4846 corpore

1854 4861 2045 4916 ductus
2068 4870 2188 4932 post
2218 4861 2531 4917 triduum...
2564 4862 2784 4917 Hetto...
2820 4863 3068 4935 scripsit.

1683 5073 1910 5129 NOTAE.

154 5177 318 5251 (301)
350 5174 603 5249 Eclipsis
630 5173 747 5232 ista
759 5173 1011 5248 pertinet
1040 5173 1163 5230 ad7
1195 5170 1336 5240 Jul.,
1370 5188 1484 5227 non
1501 5187 1633 5226 vero
1680 5172 1751 5226 ad

86 5250 316 5389 “vita
349 5318 531 5375 Cone.
563 5318 695 5374 Ger.
728 5317 876 5389 an,
901 5333 957 5389 p.
983 5315 1071 5371 Η.

349 5320 531 5375 Cone.
563 5320 695 5374 Ger.
728 5321 771 5372 t.
806 5320 876 5382 II,
901 5333 957 5389 p.
983 5320 1071 5371 Η.

155 5320 320 5465 {53%;
337 5391 482 5465 inde
514 5402 751 5465 nomem
779 5387 956 5465 habet
1012 5386 1293 5465 oppidum
1337 5384 1750 5465 .Arntsee,‘se.u

79 5453 329 5521 Arensee
342 5462 405 5517 in
422 5461 604 5518 veteri
625 5459 889 5517 marchia
910 5453 1599 5527 Brand'enburgicadacui
1615 5454 1751 5509 huic

80 5537 617 5679 wgggzilinnales
638 5600 970 5679 Fuldens_es_
997 5600 1196 5679 decem
1245 5600 1473 5679 tantum
1521 5612 1753 5679 menses

81 5668 342 5746 habent,
378 5674 467 5733 uti
500 5677 559 5730 et
586 5673 842 5729 Annales
872 5670 1206 5745 Eginhardi,
1238 5669 1338 5723 sed
1373 5669 1442 5723 ad
1468 5684 1603 5722 ann.
1650 5668 1754 5720 825

79 5748 428 5808 triennium
446 5748 698 5819 ponunt.

161 5821 323 5896 (305)
358 5807 554 5893 Pagus
602 5816 698 5874 hic
746 5813 877 5874 aliis
936 5813 1150 5874 Frisazi
1195 5810 1387 5870 dictus
1454 5807 1629 5883 vulgo
1693 5808 1753 5866 in

1861 5170 2121 5246 Saxoniaa
2136 5169 2467 5246 confinibus
2481 5169 2538 5246 in
2562 5169 2928 5246 Westphalia
2948 5171 3365 5239 collocatur,de
3384 5190 3501 5246 quo

1861 5240 2288 5316 consulendum
2322 5241 2641 5316 Chronieon
2689 5240 3092 5316 Gottwieense,
3125 5263 3181 5316 p.
3227 5246 3354 5301 600.
3400 5240 3504 5301 Ἐκ

1861 5313 1970 5368 hoc
2021 5319 2216 5367 autem
2276 5313 2399 5368 loco
2462 5313 2671 5367 erroris
2739 5313 3497 5382 convincitur—Paullinus,

1861 5385 2378 5510 epitndempagum
2411 5383 2468 5437 in
2504 5383 2764 5439 marchia
2796 5386 3310 5460 Brandenburgica
3360 5402 3494 5442 con-

1864 5473 1891 5510 s
1922 5474 1937 5509 1
1970 5472 2135 5510 uens.

1864 5472 2135 5511 ειιῐυθηε.

1934 5527 2081 5597 (306)
2124 5524 2384 5580 Hettonis
2439 5524 2749 5596 descriptio
2796 5528 3062 5597 prosaica
3102 5525 3459 5597 desideratur
3474 5538 3489 5589 ἱ

1862 5594 2167 5652 \Valafridi
2204 5600 2398 5651 autem
2421 5594 2655 5651 carmen
2712 5594 2899 5652 exstat
2951 5599 3010 5653 in
3069 5594 3278 5653 Canisii
3332 5594 3487 5647 Lect.

1862 5668 2056 5738 Antiq.
2089 5671 2130 5721 t.
2188 5668 2256 5731 ΙΙ,
2291 5684 2347 5738 p.
2386 5684 2462 5738 11,7
2509 5685 2563 5738 p.
2614 5668 2736 5734 20i,
2800 5684 2927 5725 nov.
2971 5669 3057 5725 ed.
3104 5665 3226 5719 Vid.
3274 5663 3490 5727 Coint.,

1862 5737 2072 5796 Annal.
2101 5742 2142 5795 t.
2166 5738 2286 5810 vn,
2305 5737 2369 5811 ρ.
2404 5737 2528 5793 733:
