3894 6296
87 453 202 520 177

1322 455 1787 526 CHRONIGON.
1819 497 1896 508 —
1927 464 2112 528 SASC.
2162 464 2260 527 IX.

3366 479 3482 539 178

1455 625 1688 682 CODEX
1716 624 2114 682 AUGIENSIS.

83 715 452 786 bito,omncs
473 718 573 790 qui
595 719 707 776 sibi
725 721 998 776 contrarii
1022 721 1270 791 fuerant,
1285 721 1600 778 honoribus
1623 721 1733 795 pri-
1761 725 1816 792 Α
1845 724 2220 796 Antwerpam
2251 725 2478 792 urbem,
2502 728 2559 780 et
2587 723 2644 779 in
2676 725 2842 782 ostiis
2859 727 3031 783 Mosae
3048 729 3227 786 situm
3245 732 3486 792 Witlam

79 805 259 878 vavit,
293 807 582 879 quosdam
623 809 800 866 etiam
849 809 1081 882 praediis
1127 811 1411 883 spoliavit,
1445 814 1731 884 quosdam

81 893 288 950 exsilio
311 895 608 970 relegavit,
633 897 977 970 animosque
1009 902 1126 954 tam
1152 898 1404 955 filiorum
1425 916 1601 971 quam
1628 917 1731 954 cae-

81 986 346 1041 terorum
377 988 582 1040 contra
611 1002 674 1042 se
699 989 756 1042 et
783 985 988 1042 Judith
1016 1003 1251 1044 uxorem
1283 1004 1452 1044 suam
1484 989 1735 1060 graviter

81 1070 352 1129 irritavit.
384 1074 587 1132 Annal.
617 1075 774 1132 Fuld.

155 1163 264 1218 832
295 1164 616 1236 Imperator
667 1169 872 1220 contra
917 1164 1128 1222 Filium
1186 1165 1539 1221 Ludovicnm
1597 1182 1732 1221 cum

81 1251 342 1308 exercitu
390 1253 716 1324 Augustam
755 1253 1111 1309 Vindelicam
1161 1255 1319 1309 venit
1352 1273 1364 1310 :
1401 1271 1515 1326 quo
1559 1255 1731 1310 resis-

79 1343 264 1408 tente,
296 1345 500 1396 contra
530 1341 840 1414 Pippinum
882 1342 1127 1398 alterum
1176 1343 1361 1398 lilium
1393 1344 1463 1398 ad
1495 1345 1731 1414 Aquita-

81 1429 248 1486 niam
275 1447 338 1486 se
367 1429 651 1486 convertit
675 1447 930 1504 eumque
959 1447 1135 1504 regno
1168 1432 1430 1503 privavit.
1456 1433 1566 1488 Sed
1601 1433 1735 1488 inde

80 1519 340 1587 rediens,
372 1518 582 1575 timore
614 1518 869 1576 ﬁliorum
901 1537 1078 1576 uxore
1109 1521 1375 1576 abdicata
1399 1522 1566 1592 (313),
1587 1522 1734 1576 diffi-

77 1606 271 1663 culter
317 1609 587 1679 Aquense
636 1607 917 1680 palatium
959 1609 1204 1681 repetiit.
1239 1608 1482 1681 Eclipsis
1522 1610 1662 1665 solis
1694 1628 1734 1665 ιι

76 1696 232 1768 (314)
255 1695 402 1752 Non.
432 1695 568 1752 Maii
590 1700 647 1753 et
667 1697 838 1754 Luna:
859 1715 963 1753 xm
986 1697 1111 1752 Kal.
1144 1697 1303 1753 Junii
1335 1698 1504 1753 facta.
1528 1699 1728 1753 Annal.

75 1784 241 1840 Fuld.

145 1873 258 1930 833
288 1874 628 1947 Imperator,
663 1879 895 1946 recepta
925 1891 1122 1941 uxore,
1155 1879 1356 1930 contra
1387 1874 1536 1930 filios
1568 1875 1639 1930 ad
1671 1890 1733 1930 se

72 1962 279 2020 venire
305 1962 590 2033 volentes,
613 1963 852 2019 collecto
875 1963 1129 2020 exercitu
1161 1964 1219 2018 in
1259 1965 1539 2019 Alsatiam
1571 1981 1735 2019 arma

76 2051 402 2108 commovit
434 2069 448 2108 :
482 2051 582 2106 ubi
613 2051 879 2108 veniente
911 2069 1045 2108 cum
1089 2051 1227 2108 ﬁliis
1255 2053 1528 2124 Gregorio
1561 2069 1732 2125 papa,
1763 2091 1812 2154 Β

76 2141 406 2213 imperator
435 2157 470 2196 a
510 2139 634 2196 suis
685 2141 951 2213 proditus
981 2157 1045 2196 ac
1078 2140 1318 2196 relictus
1367 2142 1426 2195 in
1476 2141 1730 2197 filiorum

77 2247 330 2287 suorum
363 2233 710 2303 potestatem
743 2230 990 2285 devenit.
1023 2230 1224 2285 Annal.
1255 2230 1412 2284 Fuld.

142 2320 255 2375 834
289 2319 614 2392 Imperator
634 2318 858 2389 judicio
898 2319 1304 2390 episcoporum
1347 2317 1527 2373 armis
1557 2319 1730 2388 depo-

73 2407 232 2478 sitis,
268 2409 343 2464 ad
375 2407 662 2480 agendam
689 2407 1089 2479 paenitentiam
1119 2407 1440 2462 includitur
1471 2408 1637 2476 (315),
1675 2410 1732 2462 et

70 2514 224 2554 uxor
255 2497 385 2568 ejus
416 2497 476 2550 in
507 2494 736 2552 Italiam
767 2495 1086 2567 relegatur;
1123 2497 1218 2551 sed
1255 2513 1384 2551 mox
1415 2500 1610 2551 aestate
1642 2511 1729 2550 re-

72 2590 248 2660 cepta
278 2601 478 2652 uxore,
511 2589 567 2640 et
595 2585 776 2640 armis
824 2584 1160 2640 Lotharium
1195 2585 1381 2639 lilium
1413 2585 1469 2638 in
1507 2584 1729 2640 Italiam

71 2674 299 2748 repulit
319 2674 493 2745 (316).
532 2673 780 2730 Nithard.
817 2674 968 2743 Theg.
995 2674 1295 2728 —Eodem
1335 2691 1486 2728 anno
1535 2689 1733 2746 pugna

73 2767 286 2820 contra
307 2761 658 2818 Matfredum
681 2765 738 2817 et
763 2762 1144 2832 Lantpertum
1171 2761 1338 2830 facta,
1365 2763 1423 2816 in
1447 2779 1563 2833 qua
1581 2761 1733 2817 inter

73 2850 224 2908 alios
259 2849 466 2923 plures
519 2849 726 2906 cecidit
773 2849 894 2906 Odo
947 2866 1140 2906 comes
1187 2849 1644 2918 Aurelianensis,
1675 2854 1733 2906 et

72 2939 318 2997 Theodo
349 2939 534 2996 abbas
563 2939 946 3006 Turonensis,
981 2942 1122 2994 Ann.
1157 2938 1310 2994 Fuld.

139 3029 258 3084 835
286 3029 610 3102 Imperator
659 3043 796 3082 cum
846 3026 986 3082 filiis
1039 3026 1278 3099 Pippino
1336 3031 1392 3082 et
1451 3027 1732 3084 Ludovico

75 3115 356 3191 Lugduni
387 3117 536 3188 (317)
575 3131 855 3188 magnum
904 3115 1110 3170 habuit
1156 3117 1302 3170 141
1359 3120 1730 3171 conventum.

74 3205 434 3264 Nortmanni
465 3209 834 3262 Dorestatum
861 3205 1007 3275 (318)
1028 3208 1276 3259 vastant.
1305 3206 1444 3260 Ann.
1477 3205 1629 3260 Fuld.
1664 3237 1733 3245 —

73 3295 334 3352 Basilica
359 3294 547 3351 sancti
575 3293 722 3350 Galli
753 3293 1018 3348 dedicata
1045 3297 1152 3348 est.
1189 3293 1374 3364 Ilcpid.

140 3385 256 3440 836
274 3385 602 3456 Imperator
617 3385 965 3438 conventum
982 3382 1133 3453 apud
1154 3381 1571 3438 Theodenhove
1585 3383 1730 3454 (319)

1843 814 1966 880 (aL,
1983 812 2267 886 Witham]
2291 813 2617 884 emporium
2639 813 2983 888 incendunt,
3003 823 3061 874 et
3079 835 3114 874 a
3137 820 3486 882 Frcsonibus

1839 899 2124 955 tributum
2157 901 2470 974 accipiunt.
2505 903 2606 957 An.
2638 901 2793 959 ram.
2819 933 2888 948 -—
2911 905 3110 980 Augiae
3133 908 3298 966 Heito
3325 911 3485 968 Basi-

1840 987 1938 1043 leze
1970 990 2278 1062 episcopus
2306 991 2450 1046 obiit
2479 995 2535 1045 et
2564 992 2844 1063 sepelitur
2863 994 3030 1066 (321).

1909 1079 2014 1131 837
2049 1078 2318 1134 Ticinum
2350 1096 2414 1133 III
2446 1079 2570 1134 Kal.
2594 1080 2726 1136 Jan.
2749 1083 2931 1139 octies
2961 1090 3138 1142 noctu
3167 1090 3485 1148 tremuisse

1841 1165 2074 1220 dicitur.
2096 1165 2262 1222 Multi
2285 1167 2614 1239 principum
2639 1169 2811 1224 Italiae
2834 1173 3036 1229 morbo
3053 1175 3484 1250 absumpti.Co-

1843 1259 1997 1309 meta
2026 1255 2083 1309 in
2116 1255 2282 1326 signo
2314 1256 2496 1310 Libra:
2526 1257 2648 1312 visa
2667 1259 2830 1330 (3.22).
2852 1261 3195 1318 Nortmanni
3225 1265 3284 1320 in
3315 1267 3478 1322 Wal-

1842 1359 1938 1397 cra
1961 1344 2083 1413 [al.,
2105 1343 2416 1412 Walacria]
2457 1343 2649 1400 insula
2679 1347 2990 1404 commissa
3026 1368 3220 1422 pugna
3247 1371 3320 1409 xv
3349 1355 3474 1412 Kal.

1839 1431 1981 1486 Julii
2013 1431 2228 1486 multos
2267 1432 2639 1500 interimunt;
2671 1435 2924 1506 itemque
2953 1438 3320 1498 Dorestatum
3348 1459 3480 1500 vas-

1841 1524 2032 1574 tantes
2063 1519 2350 1574 tributum
2382 1537 2416 1574 a
2453 1520 2804 1576 Fresonibus
2853 1524 3165 1595 accipiunt.
3192 1529 3292 1582 An.
3325 1531 3480 1586 Fuld.

1911 1609 2016 1662 838
2045 1609 2432 1664 Terrazmotus
2479 1626 2552 1663 xv
2600 1608 2727 1665 Kal.
2778 1611 2944 1666 Febr.
2977 1630 3214 1686 vespere
3273 1617 3480 1676 factus.

1841 1697 2024 1752 Naves
2056 1701 2256 1752 contra
2276 1697 2670 1754 Nortmannos
2696 1699 3013 1756 adificatas.
3041 1704 3362 1775 Imperator
3391 1723 3488 1780 op-

1841 1785 2046 1840 timam
2069 1789 2290 1857 partem
2310 1786 2472 1858 regni
2493 1786 3060 1858 {iliojunioriCarolo
3082 1793 3261 1849 dedit.
3278 1796 3482 1852 Annal.

1841 1875 2047 1930 Bertin.
2081 1893 2173 1928 an.
2198 1893 2288 1946 pr.
2312 1907 2378 1916 —
2405 1875 2713 1932 Lotharius
2743 1881 2802 1932 et
2833 1879 3155 1937 Ludovicus
3183 1883 3390 1942 fratres
3418 1885 3481 1942 in

1842 1961 2184 2017 Tridentina
2217 1961 2363 2018 valle
2412 1963 2562 2018 inter
2589 1981 2652 2020 se
2681 1964 3039 2038 colloquium
3069 1969 3344 2028 habuere.
3373 1974 3480 2028 An-

1840 2051 1954 2106 nal.
1992 2055 2196 2107 Berlin.
2247 2069 2340 2106 an.
2385 2069 2475 2123 pr.
2527 2053 2864 2125 Imperator,
2891 2055 3089 2113 habito
3137 2059 3478 2135 Noviomagi

1841 2146 2148 2208 conventu,
2181 2141 2423 2196 consilio
2467 2144 2856 2213 quorumdam
2890 2147 3173 2202 Ludovico
3221 2147 3342 2206 ﬁlio
3387 2167 3476 2207 re-

1841 2245 2023 2300 gnum
2062 2229 2433 2284 orientalium
2469 2230 2844 2299 Francorum,
2867 2234 3020 2304 quod
3045 2236 3118 2290 ab
3149 2253 3216 2292 eo
3245 2253 3478 2310 accepe-

1842 2321 1952 2384 rat,
1985 2317 2280 2373 interdixit
2311 2335 2323 2372 :
2358 2318 2512 2388 quod
2544 2317 2642 2372 ille
2674 2319 2891 2374 invidia
2919 2338 3230 2392 pravorum
3263 2325 3480 2382 factum

1841 2405 2054 2475 sciens,
2082 2422 2216 2460 cum
2240 2406 2392 2460 idem
2420 2422 2664 2477 regnum
2687 2407 3014 2476 invasisset,
3037 2409 3355 2483 imperator
3375 2413 3486 2470 col-

1842 2494 1988 2549 lecto
2010 2493 2264 2549 exercitu
2287 2494 2341 2548 vi
2363 2511 2496 2549 eum
2521 2494 2805 2566 expellere
2831 2499 3053 2552 statuit.
3086 2499 3364 2572 Pippinus
3385 2519 3485 2559 rex

1845 2581 2189 2652 Aquitanica,
2233 2582 2388 2636 lilius
2443 2582 2836 2654 imperatoris,
2885 2601 3088 2642 mense
3141 2589 3483 2648 Novembris

1841 2671 1986 2742 (323)
2017 2671 2180 2726 obiit.
2210 2671 2409 2726 Annal.
2441 2671 2594 2726 Fuld.
2621 2703 2686 2712 --
2717 2674 2887 2744 Apud
2933 2679 3203 2732 sanctum
3251 2677 3480 2737 Gallum

1841 2759 2120 2831 Gozperto
2172 2759 2369 2814 abbati
2421 2760 2758 2816 Bernwicus
2809 2763 3112 2820 successit.
3143 2766 3481 2838 Ratpert.—

1840 2848 2038 2920 Augize
2070 2847 2374 2903 Erlebaldo
2405 2849 2612 2904 abbate
2651 2850 2906 2919 cedente,
2941 2851 3268 2910 Ruodhelm
3298 2857 3480 2914 abbas

1840 2955 1896 2991 x1
1929 2937 2157 3009 praefuit
2187 2937 2356 2992 annis
2387 2955 2462 2994 IV.

1912 3028 1955 3080 ι
1966 3026 2066 3082 42
2079 3025 2183 3080 839
2199 3025 2523 3081 Ludovicus
2535 3027 2685 3098 patri
2709 3027 3048 3099 imperatori
3059 3032 3384 3089 cedendum
3397 3050 3486 3092 ra-

1841 3115 2354 3185 tus,inBajoariam
2368 3115 2646 3170 rediit.Im
2655 3122 2884 3187 perator
2895 3118 3184 3184 celebrato
3191 3121 3354 3192 juxta
3366 3122 3487 3178 Bri-

1842 3204 2150 3275 gantinum
2175 3202 2367 3258 lacum
2382 3203 2525 3274 (324)
2541 3203 2780 3270 Pascha,
2795 3211 2996 3276 postea
3015 3207 3209 3264 habito
3223 3213 3484 3267 Worma-

1839 3292 1931 3345 tite
1944 3295 2226 3347 conventu
2237 3335 2250 3356 ,
2261 3291 2525 3346 Lothario
2540 3291 2654 3347 lilio
2668 3293 2738 3348 de
2759 3293 2922 3348 Italia
2933 3295 3260 3352 advenienti
3281 3313 3482 3355 recon-

1841 3379 2092 3444 ciliatur,
2117 3381 2346 3452 ipsique
2371 3384 2427 3434 et
2449 3379 2650 3435 Carolo
2674 3379 2790 3436 filio
2812 3397 3056 3452 regnum
3084 3385 3350 3454 partitur.
3366 3387 3480 3441 An-

70 3453 613 3544 palatiumhabuit,
629 3474 700 3526 ad
725 3486 896 3542 quem
917 3469 1227 3525 Lotharius
1250 3470 1404 3524 ﬁlius
1421 3471 1548 3540 ejus
1569 3471 1729 3542 gravi
1762 3453 1803 3520 C
1840 3467 2514 3539 nal.Bcrtin.-Bajoaria
2534 3472 2760 3523 tantum
2777 3469 3064 3526 Ludovico
3087 3453 3228 3542 quia
3247 3489 3384 3530 eum
3403 3477 3486 3531 of-

68 3563 279 3618 morbo
302 3561 576 3617 detentus
603 3559 798 3616 venire
828 3575 945 3614 non
975 3557 1164 3630 potuit
1183 3559 1350 3629 (320).
1381 3559 1726 3614 Nortmanni
1836 3559 2098 3613 fenderet
2119 3555 2354 3612 relicta:
2378 3556 2768 3628 Lotharioque
2791 3557 3018 3616 Italiam
3036 3563 3488 3636 repetente,ipse

1137 3674 1612 3730 COMPENDIUM
1643 3675 1736 3730 EX
1767 3673 2021 3730 CODICE
2052 3672 2434 3728 BERNOLDI.

135 3777 250 3832 832
281 3776 591 3848 Imperator
617 3776 808 3829 contra
840 3773 983 3830 ﬁlios
1023 3789 1148 3828 suos
1189 3775 1490 3828 exercitum
1516 3774 1684 3828 movit
1712 3791 1734 3828 ,ο

73 3880 316 3922 uxorem
343 3865 542 3920 timore
567 3863 815 3932 ﬁliorum
834 3861 1130 3917 abdicavit.

141 3955 257 4010 833
314 3955 621 4024 Imperator
685 3953 816 4007 item
881 3953 1070 4006 contra
1133 3951 1277 4021 ﬁlios
1343 3953 1404 4004 in
1473 3951 1737 4006 Alsatiam

79 4046 230 4099 venit
262 4061 284 4098 :
327 4043 411 4097 ibi
467 4041 710 4097 veniente
764 4039 1019 4110 Gregorio
1069 4056 1213 4110 papa
1271 4057 1395 4094 cum
1445 4040 1579 4108 ﬁliis
1630 4043 1736 4095 im-

71 4137 325 4202 perator,
358 4147 395 4186 a
435 4131 555 4186 suis
599 4130 843 4198 relictus,
893 4131 952 4184 in
995 4129 1238 4198 ﬁliorum
1277 4137 1592 4200 potestatem
1639 4129 1734 4184 de-

75 4225 246 4278 venit.

141 4311 255 4367 834
286 4311 595 4382 Imperator
613 4307 896 4380 judicio...
928 4305 1249 4362 includitur.

141 4399 257 4455 835
286 4397 660 4471 Imperator...
690 4412 956 4466 magnum
983 4399 1303 4451 conventum
1333 4396 1543 4452 habuit.

1913 3775 2018 3826 837
2047 3773 2293 3826 Ticinum
2342 3773 2499 3826 tertio
2528 3773 2646 3826 Kal.
2679 3773 2940 3830 Januarii
2966 3777 3127 3831 octies
3171 3785 3334 3833 noctu
3377 3780 3488 3834 tre-

1843 3861 2048 3914 muisse
2075 3859 2298 3913 dicitur.

1913 3949 2020 4002 838
2047 3950 2348 4021 Imperator
2376 3948 2559 4002 habito
2589 3957 2851 4004 conventu
2879 3951 3198 4020 Noviomagi
3223 3951 3487 4009 Ludovico

1843 4039 1958 4108 ﬁlio
1989 4053 2218 4108 regnum
2243 4041 2586 4092 Francorum
2616 4039 2931 4094 interdixit.
2963 4043 3136 4095 Puoto
3166 4039 3288 4110 [al.,
3322 4041 3487 4114 Bodo]

1841 4127 2102 4182 dia-conus
2126 4127 2325 4196 palatii
2345 4127 2402 4180 in
2424 4126 2770 4182 Judaismum
2798 4128 2999 4198 lapsus.
3022 4127 3230 4184 Annal.
3264 4129 3483 4190 Bertin.

1845 4217 1916 4271 ad
1949 4233 2042 4272 an.
2075 4215 2200 4268 839.

1913 4305 2017 4358 839
2045 4306 2349 4374 Imperator
2369 4303 2484 4372 ﬁlio
2505 4320 2599 4360 suo
2627 4303 2878 4360 Lothario
2908 4307 3312 4378 repaciﬁcat-ur.
3335 4309 3488 4367 Ebbo

1846 4396 2132 4451 Remorum
2159 4391 2596 4464 archiepiscopus
2629 4393 2960 4464 degradatur
2989 4396 3158 4468 (325).

1668 4494 1900 4550 NOTAE.

143 4597 284 4669 313)
315 4593 434 4650 Alii
464 4593 575 4650 hoc
602 4594 674 4650 ad
707 4608 930 4649 annum
959 4594 1066 4648 830
1095 4592 1371 4648 referunt.
1407 4594 1504 4648 Vit.
1534 4593 1736 4648 Ludov.
1770 4595 1816 4659 D

73 4669 308 4866 P3314)
339 4735 597 4793 Annales
646 4734 965 4818 Fuldenses
1010 4733 1245 4816 habent.
1279 4751 1315 4790 ν
1353 4737 1538 4817 Nonas
1583 4734 1734 4819 Maii,

77 4827 137 4866 se
212 4809 388 4866 nulla
435 4809 546 4864 hoc
593 4824 748 4863 anno
777 4806 919 4864 solis
959 4806 1199 4862 defectio
1247 4811 1508 4866 contigit.
1541 4811 1600 4862 et
1643 4806 1734 4861 illa

77 4806 179 4866 sed
212 4806 388 4866 nulla
435 4809 546 4864 hoc
593 4824 748 4880 anno
777 4806 919 4864 solis
959 4806 1199 4862 defectio
1247 4807 1508 4880 contigit,
1541 4811 1600 4862 et
1643 4806 1742 4861 illa

75 4881 238 4937 lunae
270 4881 386 4936 fuit
416 4882 484 4952 18
512 4878 698 4952 April.

1849 4589 2400 4662 nunciDieden/iofen
2429 4589 2677 4662 ducatus
2702 4589 3148 4662 Luxemburgici
3180 4590 3381 4648 civitas
3411 4592 3484 4649 ad

1851 4661 2170 4717 Mosellam.
2205 4661 2457 4715 Pertinet
2485 4677 2614 4716 vero
2657 4661 2750 4716 hic
2781 4661 3096 4717 conventus
3145 4663 3216 4717 ad
3265 4680 3486 4720 annum

1848 4732 2122 4859 priorem.
2159 4733 2410 4801 ’1⁷Ιιενθίιη.⁷
2457 4732 2656 4786 Annal.
2712 4734 2918 4788 Bertin.
2944 4733 3488 4792 —Substituendus

1891 4804 1940 4859 ic
1971 4809 2061 4858 est
2091 4807 2410 4858 conventus
2441 4804 2952 4859 Aouisaranensis.
2977 4805 3174 4859 Annal.
3209 4809 3414 4859 Bertin.

1891 4804 1940 4860 ic
1971 4809 2061 4858 est
2091 4807 2410 4874 conventus
2441 4804 2952 4874 Aquisgranensis.
2977 4805 3174 4860 Annal.
3209 4809 3414 4862 Bertin.

1919 4877 2065 4947 (320)
2097 4875 2328 4947 Spectat
2374 4873 2432 4928 id
2492 4873 2563 4930 ad
2605 4873 3086 4931 Wormaticnsem
3139 4883 3491 4935 conventum

144 4953 311 5024 (315)
342 4945 596 5008 Facinus
626 4949 736 5024 hoc
757 4965 910 5024 anno
942 4947 1132 5024 priore
1163 4948 1744 5024 patratumprodunt
1849 4945 1970 5024 hoc
1986 4945 2152 5024 anno’
2172 4945 2547 5024 celebratum.

77 5019 254 5096 gesta
293 5019 807 5096 :exauctorationis
865 5019 1016 5096 apud
1081 5019 1412 5096 puchcsne,
1462 5023 1504 5074 t.
1557 5020 1624 5086 II,
1679 5035 1736 5090 p.

76 5090 351 5220 332,t1_1bi
396 5094 574 5150 etiam
623 5092 838 5165 legitur
878 5091 1148 5146 Ludovici
1182 5091 1264 5144 Pii
1307 5090 1556 5162 desuper
1603 5107 1739 5144 con-

78 5181 482 5236 queslo._
653 5231 1188 5236 ______
1335 5234 1344 5236 _
1482 5231 1617 5236 __

147 5238 317 5316 (316).
340 5233 620 5316 Fugiente
652 5231 934 5316 Lothario‘
973 5233 1446 5316 Ludovicus‘jam
1478 5231 1536 5285 in
1583 5231 1740 5316 Qua—
1777 5293 1783 5299 ι

78 5302 720 5381 ᾱτὸεεέὶωθῗίῐηρθινὶο
775 5303 1080 5359 restitutus
1130 5307 1236 5358 cst.
1282 5306 1493 5357 Astron.
1526 5302 1597 5356 ad
1643 5320 1735 5356 an.

78 5381 312 5531 8:3?317)
335 5444 975 5531 Videtur‘hicnindigari
1005 5448 1324 5528 conventus
1354 5442 1737 5531 \(Vormat‘ien-

77 5515 162 5577 sis
199 5515 368 5577 anno
417 5535 539 5591 seq.
574 5516 834 5586 habitus,
865 5515 1124 5588 Thcgani
1171 5515 1419 5587 append.
1467 5515 1734 5570 Lambec.

76 5591 236 5648 Bibl.
273 5596 420 5648 Cass.
453 5591 494 5645 l.
530 5606 593 5653 II,
625 5605 674 5644 c.
709 5605 763 5642 v.

146 5665 312 5743 (_3_18)
344 5659 530 5743 Hodie
569 5659 725 5743 leyck
748 5657 1059 5726 Duerstede,
1091 5656 1270 5731 Belgii
1301 5657 1438 5714 urbs
1461 5657 1521 5712 in
1547 5655 1736 5712 Ultra-

67 5731 308 5810 ἑθέέίῐιξὲ
336 5731 710 5810 ἓτονέηοίαι..
808 5799 824 5810 .
911 5801 922 5810 .
1260 5799 1418 5810 .-,
1503 5799 1514 5810 .
1627 5799 1637 5810 .

145 5805 314 5888 (319)
336 5797 449 5864 Est
483 5802 608 5866 hac
654 5799 947 5865 Theodonis
991 5801 1149 5876 villa,
1178 5803 1279 5860 aut
1329 5799 1540 5860 Totonis
1579 5797 1736 5877 villa,

1919 5019 2066 5087 (321)
2098 5016 2369 5090 Sudanus
2396 5017 2453 5070 in
2483 5018 2700 5072 Basilca
2744 5033 2900 5072 sacra
2951 5018 3116 5074 illum
3143 5020 3268 5090 jam
3301 5037 3355 5076 a.
3387 5021 3496 5077 830

1851 5093 2150 5143 mortuum
2181 5087 2340 5142 dicit.

2100 5163 2431 5242 Astron‘om.
2463 5158 2627 5240 ponit
2658 5159 2713 5212 in
2749 5159 2916 5242 signo
2943 5159 3220 5242 Yirginis.

1921 5229 2066 5302 (3'23)
2099 5229 2209 5284 Alii
2261 5229 2482 5302 obitum
2523 5231 2650 5298 ejus
2705 5229 2894 5286 mensi
2943 5229 3118 5287 Junio
3168 5232 3492 5288 ascribunt.

1849 5301 1978 5357 Vid.
2014 5302 2149 5373 Pagi
2182 5301 2344 5365 Crit.,
2384 5317 2436 5356 a.
2479 5303 2604 5369 838,
2631 5303 2688 5356 et
2735 5302 2984 5368 Bunan.,
3038 5303 3494 5360 Rcichshistorie

1845 5377 1889 5427 t.
1927 5373 2246 5452 Ill,_p.__17;‘i
2277 5389 2396 5452 seq.

1920 5443 2071 5514 (324)
2099 5443 2316 5514 Nempe
2368 5443 2426 5496 in
2479 5443 2737 5498 Bodoma
2792 5443 3011 5515 palatio
3059 5444 3232 5516 regio.
3281 5443 3484 5497 Annal.

1847 5518 2058 5570 Bertin.
2693 5538 2706 5555 σ

1919 5587 2065 5659 (325)
2097 5585 2461 5662 fagina}!!!
2518 5583 3010 5662 9ﬁ1i°_e._38302ii
3063 5579 3484 5662 4999siﬁ9nslp

1846 5651 2006 5790 halica
2042 5651 2114 5715 ad
2158 5651 2253 5712 an.
2303 5656 2410 5713 835
2452 5655 2645 5713 refert.
2677 5653 2806 5711 Vid.
2839 5653 3022 5712 Gallia
3065 5651 3269 5709 Christ.
3303 5652 3348 5706 t.
3384 5651 3482 5727 IX,

1847 5743 1903 5790 ι).
2011 5768 2024 5786 .
