3894 6372
367 436 482 532 179

1179 437 1588 498 HERMANNI
1635 431 2074 498 CONTRACTI
2117 435 2534 500 AUGIENSIS
2581 429 2957 498 MONACHI.

3665 423 3789 514 ea

1747 575 1978 632 CODEX
2013 575 2410 634 AUGIENSIS.

368 689 503 730 cum
528 673 647 730 filio
669 673 870 730 Carolo
893 675 965 730 ad
985 674 1406 747 disponendam
1429 673 1813 745 proficiscitur
1831 673 2004 746 Aqui-
2033 679 2083 743 Α
2114 679 2305 746 strage
2331 674 2478 730 facta
2498 673 2824 730 Ludovicus
2846 675 2903 737 et
2919 667 3386 732 Caroluscastris
3410 665 3591 744 potiti
3615 667 3786 742 sunt.

367 762 612 821 hauriam.
641 761 875 818 Cometa
905 762 964 816 in
987 762 1151 834 signo
1172 762 1402 829 Arietis,
1427 761 1637 818 coelum
1659 761 1846 818 instar
1875 779 2009 818 san-

373 850 570 924 guinis
599 852 844 906 rubeum
876 850 1230 924 igniculique
1260 867 1362 924 per
1380 868 1513 907 aera
1533 851 1856 907 discurrere
1876 851 2006 907 visi.

373 939 573 999 Annal.
605 937 761 994 Fuld.

445 1028 550 1083 840
580 1027 902 1083 Ludovicus
945 1043 1009 1082 se
1049 1027 1338 1099 privatum
1389 1027 1610 1095 dolens,
1645 1028 1846 1084 multis
1897 1027 2008 1082 sibi

372 1115 642 1176 adunatis
671 1131 774 1188 per
801 1115 1230 1184 Alamanniam,
1257 1116 1424 1188 quasi
1452 1117 1711 1172 debitum
1745 1121 2011 1188 repetens

370 1221 634 1278 regnum,
657 1205 1076 1260 Franconofurt
1096 1207 1270 1267 venit,
1297 1210 1493 1260 eontra
1517 1223 1687 1276 quem
1716 1211 1878 1276 pater
1910 1205 2014 1259 im-

367 1299 598 1366 perator
627 1293 949 1349 Ludovicus
990 1294 1186 1348 relicta
1217 1295 1528 1366 Aquitania
1567 1296 1763 1366 copias
1795 1293 2009 1364 colligit

367 1397 619 1452 eumque
649 1397 750 1453 per
798 1381 1182 1454 Thuringiam
1215 1384 1284 1437 ad
1321 1384 1597 1436 barbaros
1643 1383 1878 1454 pulsum
1912 1397 2014 1453 per

371 1470 708 1529 Sclavorum
729 1473 931 1542 gentes
953 1470 1240 1526 laboriose
1258 1471 1586 1542 Bajoariam
1610 1477 1866 1544 repetere
1887 1487 2012 1524 coe-

375 1559 482 1632 git.
507 1559 690 1615 Annal
733 1559 942 1624 Bcrth.,
965 1559 1188 1615 Nitlt.—
1209 1563 1316 1616 Aer
1338 1561 1505 1632 quasi
1535 1561 1776 1632 sanguis
1803 1575 2012 1632 coagu-

375 1647 533 1706 latus
561 1647 620 1701 in
651 1647 883 1703 Pascha:
910 1651 1168 1720 tempore
1199 1650 1414 1704 rubeus
1447 1649 1734 1722 apparuit.
1771 1648 2014 1719 Eclipsis

376 1734 518 1793 solis
529 1752 607 1790 vn
625 1736 760 1792 Idus
777 1735 909 1790 Maii
933 1741 1063 1808 post
1081 1741 1302 1792 sextam
1321 1737 1432 1793 diei
1454 1738 1656 1794 horam
1681 1739 1830 1793 facta
1845 1736 2012 1808 (3'26).

377 1823 792 1896 ~Imperator
849 1823 1174 1881 Ludovicus
1231 1827 1432 1881 morbo
1491 1831 1811 1898 correptus,
1845 1829 1900 1880 et
1955 1824 2011 1878 in

374 1913 690 1985 quamdam
734 1911 918 1968 Rheni
949 1913 1201 1969 insulam
1233 1932 1410 1986 prepe
1441 1914 1830 1986 Ingelenheim
1877 1913 2014 1966 duc-

2121 763 2428 820 Lotharius
2457 776 2592 819 vero
2636 761 2864 835 fugiens
2893 761 3162 834 Aquense
3196 755 3482 832 palatium
3515 753 3703 828 petit,
3735 756 3794 810 et

2119 851 2439 908 recollectis
2471 851 2729 924 undique
2771 849 2976 924 cepiis,
3009 848 3304 923 digressos
3344 862 3380 901 a
3422 861 3494 911 se,
3519 843 3790 900 invicem

2122 945 2345 1009 fratres,
2372 941 2560 1012 primo
2594 939 2951 996 Ludovicum
2979 940 3266 994 autumno
3296 939 3354 992 et
3380 933 3584 990 hieme
3618 935 3796 988 Caro-

2119 1030 2242 1084 lum
2279 1029 2334 1085 in
2368 1028 2572 1085 Galliis
2597 1030 2815 1085 frustra
2835 1025 3107 1100 persequi
3128 1023 3431 1081 laboravit.
3451 1023 3714 1081 Cometa
3733 1020 3796 1076 in

2121 1119 2286 1191 signo
2319 1117 2555 1189 Aquarii
2584 1135 2689 1173 vm
2728 1115 2851 1173 Kal.
2883 1117 3016 1174 Jan.
3049 1115 3192 1172 visa.
3223 1112 3424 1170 Annal.
3455 1109 3651 1179 Fuld.,
3687 1111 3796 1167 Ni-

2120 1206 2296 1263 thard.
2324 1239 2388 1246 —
2413 1205 2748 1262 Grimaldus
2783 1201 3286 1275 archicapellanus
3337 1198 3622 1256 Ludovici
3677 1215 3797 1254 cm-

2121 1295 2360 1350 nobium
2393 1295 2579 1350 sancti
2609 1293 2751 1350 Galli
2787 1291 3047 1348 beneficii
3093 1291 3219 1347 loco
3251 1291 3324 1346 ab
3356 1306 3423 1346 eo
3455 1287 3799 1361 accipiens,

2123 1384 2309 1440 tenuit
2341 1383 2510 1438 annis
2539 1399 2694 1438 XXXI.
2725 1381 2914 1454 Itepid.

2191 1475 2298 1528 842
2328 1472 2468 1528 Visa
2499 1471 2694 1528 fratris
2725 1469 3065 1544 pertinacia,
3099 1467 3422 1526 Ludovicus
3457 1469 3518 1526 et
3535 1465 3800 1528 Carolus

2125 1560 2305 1633 copiis
2328 1559 2584 1616 collectis
2607 1560 2758 1632 apud
2783 1556 3408 1632 Argenturacum(328)
3423 1555 3804 1632 conveniunt

2123 1666 2374 1722 eumque
2428 1648 2701 1722 persequi
2763 1651 3054 1713 statuunt,
3116 1650 3173 1703 et
3228 1645 3385 1718 apud
3445 1644 3802 1704 Sentiacam

2123 1739 2388 1810 (Sinth/i)
2416 1737 2614 1793 villam
2647 1737 2970 1804 inventum,
3002 1751 3136 1792 cum
3169 1753 3204 1790 a
3231 1734 3356 1791 suis
3388 1733 3799 1801 desereretur,

2122 1843 2238 1881 xvn
2272 1825 2394 1880 Kal.
2420 1824 2603 1898 April.
2630 1825 2826 1897 fugere
2856 1821 3221 1896 compellunt
3251 1837 3631 1896 regnumque
3662 1821 3800 1894 ejus

2125 1915 2208 1970 cis
2238 1913 2408 1986 Alpes
2442 1915 2590 1969 inter
2627 1929 2689 1969 se
2721 1912 3104 1984 dispertiunt;
3140 1911 3238 1984 qui
3271 1926 3512 1986 rursum
3540 1908 3799 1966 collecto

371 2005 486 2072 tus,
511 2001 813 2074 designato
843 2001 902 2057 in
944 2000 1258 2074 imperium
1301 2003 1572 2058 Lothario
1607 2003 1744 2067 filio,
1777 2017 1858 2056 x11
1891 2000 2012 2056 Kal.
2047 2039 2094 2103 Β
2125 2001 2374 2058 exercitu
2408 2003 2561 2075 apud
2609 2002 3020 2058 Madasconam
3053 1999 3253 2056 Gallia:
3295 1999 3505 2056 urbem
3555 2015 3664 2056 eos
3697 2015 3802 2056 ex-

369 2089 512 2146 Julii
541 2090 702 2158 obiit,
725 2094 783 2146 et
810 2089 978 2145 Metis
1000 2093 1058 2144 in
1082 2091 1327 2147 ecclesia
1363 2093 1550 2146 sancti
1581 2090 1798 2146 Arnolfi
1831 2088 2018 2160 sepul-

371 2183 469 2238 tus
497 2183 606 2234 est.
639 2177 946 2234 Lotharius
977 2179 1048 2233 de
1080 2177 1247 2234 Italia
1279 2179 1510 2234 rediens
1545 2195 1790 2251 regnum
1823 2193 2018 2233 susce-

374 2267 506 2341 pit:
540 2267 696 2339 quod
746 2267 1026 2322 fratribus
1055 2269 1181 2337 ejus
1215 2268 1502 2324 Ludovico
1549 2274 1606 2324 et
1654 2268 1856 2324 Carolo
1902 2284 2020 2322 non

378 2357 720 2422 ferentibus,
753 2356 979 2428 primus
1010 2356 1062 2410 ei
1095 2357 1420 2411 Ludovicus
1455 2358 1802 2428 cumfcopiis
1832 2357 2020 2412 orien-

380 2443 588 2502 talium
617 2445 972 2500 Francorum
1003 2459 1180 2516 prope
1213 2446 1562 2517 Moguntiaci
1589 2447 1869 2513 occurrit;
1901 2445 2023 2500 vix-

383 2549 497 2606 que
525 2549 725 2606 pugna
753 2531 954 2598 dilata,
981 2550 1114 2588 cum
1165 2533 1474 2589 Lotharius
1522 2539 1724 2590 contra
1752 2535 2022 2590 Carolnm

382 2621 600 2678 Gallias
630 2623 870 2693 peteret,
907 2621 1233 2678 Ludovicus
1271 2622 1378 2678 sibi
1415 2625 1664 2678 Francos
1692 2622 2022 2691 orientales,

381 2711 654 2776 Saxones,
679 2709 1051 2782 Thuringios,
1075 2709 1431 2766 Alamannos
1455 2711 1866 2784 Bajoariosque
1889 2727 2022 2766 con-

380 2799 639 2856 fcederat.
671 2799 873 2854 Annal.
902 2799 1084 2870 Futd.,
1116 2799 1365 2854 Nithard.

452 2889 553 2943 841
589 2887 915 2944 Ludovicus
936 2903 1071 2944 cum
1093 2887 1432 2944 orientalem
1458 2888 1643 2945 Rheni
1670 2889 1856 2960 ripam
1879 2905 2023 2960 prte-

387 2975 554 3032 sidiis
575 2980 936 3048 occupasset,
955 2975 1226 3032 Lothario
1249 2977 1400 3032 1.48
1429 2977 1647 3033 omissa
1669 2977 1854 3032 Caroli
1877 2977 2028 3034 inss-

391 3065 624 3122 cutione
652 3065 948 3131 redeunte,
967 3069 1024 3119 et
1043 3082 1242 3120 mense
1263 3065 1440 3136 Aprili
1457 3067 1626 3136 juxta
1645 3067 2025 3122 Wormatiam

391 3151 540 3209 clam
554 3152 820 3210 Rhenum
840 3168 973 3206 cum
990 3153 1240 3208 exercitu
1257 3157 1655 3222 transeunte,a
1673 3154 2025 3226 quibusdam

389 3241 514 3300 suis
533 3257 678 3315 pene
693 3242 958 3314 proditus
980 3245 1035 3297 et
1049 3259 1082 3297 a
1101 3241 1274 3296 fratre
1289 3241 1740 3310 circumventus,
1754 3243 1814 3298 in
1831 3243 2029 3315 Bajoa-

2130 2096 2378 2163 spectat;
2417 2091 2768 2162 tandemque
2817 2089 3046 2145 cunctis
3097 2105 3300 2161 pacem
3331 2103 3514 2162 quam
3563 2087 3801 2144 bellum

2128 2180 2528 2245 mallentibus,
2551 2184 2640 2235 ter
2668 2177 3060 2252 quadragenis
3086 2177 3428 2250 proceribus
3450 2176 3678 2248 juratis
3711 2190 3802 2232 re-

2129 2285 2310 2342 gnum
2342 2268 2401 2322 in
2434 2267 2549 2324 tria
2577 2267 2950 2340 partiendum
2982 2267 3076 2323 die
3097 2269 3320 2322 statuta
3349 2265 3669 2330 mandant.
3702 2265 3801 2320 Ni-

2131 2357 2310 2413 thard.
2335 2389 2403 2397 —
2433 2355 2758 2412 Ludovicus
2805 2355 2866 2410 in
2913 2354 3165 2412 Saxonis
3211 2353 3696 2426 conjurationem
3725 2352 3799 2408 li-

2131 2448 2430 2502 bertorum
2457 2448 2658 2500 contra
2677 2443 2967 2512 dominos,
2991 2443 3332 2500 auctoribus
3353 2440 3550 2516 capite
3579 2440 3797 2515 plexis,

2131 2533 2508 2607 compescuit.
2529 2538 2668 2588 Cum
2693 2532 2870 2605 legati
2901 2535 3122 2588 statuta
3151 2531 3246 2588 die
3275 2531 3641 2588 concordare
3672 2547 3796 2587 non

2131 2627 2388 2697 possent,
2422 2623 2656 2696 partitio
2688 2621 2743 2676 in
2791 2621 2952 2677 aliud
2991 2625 3227 2694 tempus
3257 2619 3549 2676 differtur.
3581 2620 3796 2677 Annal.

2132 2713 2286 2768 Fulrl.
2322 2714 2477 2768 ιλιι
2507 2710 2701 2782 Αυεὶω
2733 2708 3165 2767 Walachfridus
3195 2708 3401 2765 Strabo
3430 2707 3522 2764 vir
3554 2709 3798 2778 doctus,

2133 2802 2315 2858 abbas
2355 2818 2438 2856 xu
2471 2799 2702 2872 praefuit
2731 2798 2900 2854 annis
2927 2814 3031 2867 vn,
3061 2797 3163 2872 qui
3195 2796 3386 2854 multa
3435 2797 3676 2872 ingenii
3701 2798 3802 2866 sui

2135 2889 2496 2946 monimenta
2526 2893 2710 2944 metro
2741 2891 2799 2944 et
2827 2904 3002 2960 prosa
3031 2886 3290 2960 reliquit.

2203 2979 2309 3034 843
2326 2977 2624 3050 Descripto
2649 2993 2828 3049 regno
2850 2981 2906 3032 et
2925 2977 2983 3032 in
3010 2975 3124 3033 tria
3144 2974 3352 3042 diviso,
3387 2974 3801 3050 fratribusque

2135 3066 2404 3122 Viriduni
2422 3065 2920 3133 convenientibus,
2935 3063 3244 3120 Lotharius
3260 3079 3402 3133 cum.
3415 3063 3817 3140 imperatoris,

2135 3155 2368 3210 nomine
2391 3153 2617 3210 Italiam
2639 3157 2697 3208 et
2717 3152 2961 3209 Galliam
2988 3151 3306 3226 Belgicam,
3330 3169 3476 3225 quas,
3493 3170 3662 3210 nunc
3693 3171 3803 3216 us:-

2136 3261 2250 3316 que
2289 3243 2360 3299 ab
2383 3259 2448 3299 eo
2470 3259 2714 3315 regnum
2745 3240 3000 3314 Lotharii
3022 3241 3238 3297 dicitur
3259 3241 3430 3314 (329);
3455 3234 3805 3302 Ludovicus

391 3331 541 3388 riam
569 3331 756 3388 redire
776 3329 1114 3402 compulsus
1136 3335 1243 3400 est,
1270 3330 1692 3403 Lothariusque
1727 3331 1927 3388 relicta
1956 3332 2027 3388 ad
2075 3402 2086 3403 ί
2139 3331 2533 3398 Germaniam,
2559 3329 2908 3394 Pannonias,
2938 3329 3213 3385 Noricum
3248 3333 3306 3385 et
3345 3327 3804 3400 Alemanniam;

390 3419 726 3494 praesidium
751 3419 934 3475 Rheni
955 3418 1254 3492 copiarum
1276 3423 1438 3492 parte
1459 3421 1530 3475 ad
1557 3402 2026 3493 persequendum
2058 3402 2101 3469 C
2137 3420 2376 3477 Carolus
2418 3419 2673 3492 reliquas
2704 3417 3023 3476 Galliarum
3057 3415 3386 3492 provincias
3435 3403 3756 3493 accipiunt
3787 3435 3802 3475 :

390 3509 563 3566 rediit
575 3508 868 3566 Carolum.
891 3509 1164 3576 Nithard.,
1190 3509 1388 3564 Annal.
1415 3511 1636 3564 Bert.-—
1661 3509 1896 3564 Interim
1919 3510 2029 3564 Lu-

391 3597 630 3666 dovicus
659 3599 732 3652 ad
764 3597 1047 3652 auxilium
1077 3597 1260 3652 Caroli
1303 3615 1404 3670 per
1435 3599 1673 3653 nuntios
1704 3603 2027 3664 revocatus,

392 3685 832 3742 occurrentibus
850 3684 912 3740 in
937 3685 1248 3740 Ithzetiensi
1272 3685 1562 3742 territorio
1586 3685 1803 3743 relictis
1825 3687 2030 3742 Lotha-

391 3772 462 3832 rii
480 3773 682 3846 copiis,
701 3789 763 3828 111
779 3773 916 3828 Idus
930 3772 1063 3828 Maii
1082 3788 1275 3844 pugna
1295 3789 1396 3828 con
1408 3774 1569 3840 tlixit,
1583 3779 1640 3829 et
1656 3773 2026 3830 Adalbertum

390 3862 660 3918 comitem
693 3878 824 3917 cum
875 3861 1080 3916 multis
1129 3861 1257 3916 aliis
1295 3862 1479 3916 victor
1525 3863 1855 3934 prostravit.
1892 3863 2028 3919 Inde

387 3951 634 4014 transito
667 3951 886 4016 Rheno,
914 3949 1188 4006 adunatis
1218 3966 1352 4004 cum
1387 3949 1559 4006 fratre
1589 3949 1790 4006 Carolo
1821 3950 2025 4023 copiis,

387 4055 520 4096 cum
551 4039 821 4096 Lothario
843 4039 1242 4095 monarchiam
1275 4043 1600 4110 appetente,
1624 4039 1694 4093 de
1718 4039 2026 4111 partitione

387 4125 547 4200 regni
562 4127 910 4183 concordare
926 4143 1039 4182 non
1057 4127 1481 4200 possent,juxta
1497 4126 1859 4182 Fontinatam
1876 4128 2023 4200 (327)

386 4211 583 4272 villam
613 4231 693 4271 vn
718 4213 840 4270 Kal.
879 4213 1020 4269 Julii
1068 4215 1190 4270 acie
1236 4214 1578 4287 conﬂigunt,
1609 4219 1665 4270 et
1713 4215 2026 4273 innumera

2140 3511 2486 3580 firmataque
2519 3511 2882 3564 sacramento
2914 3522 3076 3578 pace,
3107 3506 3356 3579 digressi
3388 3515 3552 3563 sunt.
3586 3509 3804 3567 Annal.

2138 3600 2370 3663 Bertin.,
2393 3597 2615 3653 Fuld.—
2637 3595 2876 3652 Carolus
2895 3595 3274 3668 Aquitaniam
3301 3595 3572 3668 Pippino,
3599 3597 3806 3655 fratris

2137 3687 2230 3743 sui
2258 3685 2491 3759 Pippini
2516 3685 2655 3751 tilio,
2675 3684 2901 3740 auferre
2933 3682 3180 3740 moliens
3201 3699 3454 3756 eumque
3477 3683 3803 3752 infestans,

2134 3775 2388 3848 plurima
2427 3775 2645 3846 proprii
2694 3773 2980 3830 exercitus
3030 3772 3249 3833 damna
3275 3771 3558 3844 ipertulit.
3587 3773 3803 3831 Judith

2133 3863 2474 3936 imperatrix
2527 3861 2690 3916 obiit.
2742 3861 2940 3916 Annal.
2987 3859 3236 3920 Fuld.—-.-
3267 3860 3468 3919 Roma
3512 3861 3808 3937 Gregde

2134 3969 2286 4026 papa
2340 3953 2636 4017 defuncto,
2669 3950 2909 4022 Sergius
2957 3949 3018 4008 II.
3057 3949 3213 4009 sedit
3264 3965 3454 4008 annos
3500 3965 3586 4008 lu.
3623 3951 3802 4024 (330).

2135 4041 2323 4096 Mauri
2357 4041 2748 4096 Beneventum
2778 4043 3086 4110 occupant.
3119 4038 3205 4094 Al.
3239 4054 3293 4096 ιιι,
3324 4053 3436 4110 seq.

2203 4131 2306 4185 844
2336 4127 2576 4185 Carolus
2606 4145 2704 4184 rex
2731 4127 3054 4185 Galliarum
3084 4125 3493 4187 Bernhardum
3523 4126 3806 4196 Barcino-

2134 4234 2374 4274 nensem
2395 4217 2601 4273 ducem
2624 4215 2769 4272 nihil
2792 4213 2930 4272 mali
2953 4215 3352 4288 suspicantem
3367 4213 3608 4272 occidit.
3630 4216 3806 4276 Exer-

1325 4402 1341 4411 \
1421 4329 1892 4388 COMPENDIUM
1932 4330 2026 4387 EX
2063 4331 2314 4388 CODICE
2354 4330 2731 4386 BERNOLDI.

455 4429 561 4485 840
588 4429 902 4501 Imperator,
933 4429 1048 4500 ﬁlio
1075 4445 1172 4485 suo
1203 4430 1453 4486 Lothario
1495 4429 1564 4485 ad
1607 4431 1900 4500 imperium
1927 4430 2017 4486 de-
2049 4434 2094 4498 D
2125 4433 2234 4486 tria
2259 4431 2473 4502 partiri
2502 4431 2854 4486 constituunt.
2887 4429 3080 4501 Λαμίου
3113 4427 3542 4502 Walachfridus.
3591 4471 3607 4486 .
3656 4473 3670 4486 .
3719 4472 3734 4486 .
3779 4472 3794 4486 .

383 4520 618 4592 signato,
647 4535 726 4573 x11
756 4519 875 4573 Kal.
906 4519 1044 4573 Julii
1072 4519 1207 4574 obiit
1237 4522 1286 4573 et
1316 4518 1466 4573 Metis
1491 4519 1769 4590 sepelitur.

453 4608 552 4662 841
603 4607 901 4664 Ludovicus
952 4609 1168 4675 Iunior,
1219 4606 1474 4662 adunatis
1517 4623 1646 4662 eum
1696 4609 1872 4679 fratre
1923 4624 2020 4664 suo

386 4694 575 4753 Carolo
601 4699 792 4769 cepiis,
839 4712 966 4752 cum
1006 4697 1260 4752 Lothario
1289 4695 1664 4751 monarehiam
1711 4705 2018 4768 appetente,

384 4783 450 4841 de
494 4788 794 4858 partitione
839 4787 997 4858 regni
1049 4785 1374 4842 concordare
1418 4799 1528 4838 non
1574 4793 1807 4854 possent,
1853 4787 2022 4858 juxta

381 4875 732 4932 Fontinacam
782 4876 975 4930 villam
1030 4891 1110 4929 νη
1168 4873 1288 4928 Kal.
1347 4873 1484 4928 Julii
1539 4875 1654 4928 acie
1709 4875 2020 4944 conﬁgunt;

381 4964 678 5021 Ludovicus
707 4972 758 5020 et
792 4964 1019 5021 Carolus
1047 4963 1239 5017 castris
1281 4962 1444 5032 potiti
1489 4965 1634 5030 sunt,
1684 4965 1870 5034 fugato
1921 4965 2019 5019 Lo-

383 5053 580 5111 thario.

447 5143 554 5200 842
581 5142 811 5202 Tandem
839 5143 1047 5200 cunctis
1093 5154 1278 5214 pacem
1315 5139 1628 5212 optantibus
1681 5157 1914 5212 regnum
1961 5142 2020 5198 in

2125 4520 2376 4592 praefuit,
2409 4520 2504 4590 qui
2531 4522 2700 4573 metro
2729 4521 2778 4572 et
2798 4534 2964 4590 prosa
2987 4519 3309 4591 conscripsit
3334 4519 3535 4574 multa.

2198 4608 2303 4662 843
2333 4607 2622 4664 Lotharius
2651 4623 2777 4662 cum
2814 4608 3163 4678 imperatoris
3191 4595 3417 4664 neruine
3443 4605 3682 4664 Italiam
3705 4623 3798 4664 ac-

2127 4697 2270 4768 cepit
2309 4699 2361 4750 et
2407 4695 2682 4762 Belgicam
2714 4695 2977 4762 Galliam,
3031 4710 3156 4767 quae
3199 4711 3350 4752 nunc
3395 4709 3570 4768 usque
3613 4695 3686 4752 ab
3736 4711 3796 4752 eo

2128 4800 2356 4857 regnum
2389 4784 2632 4838 Lotharii
2659 4783 2895 4846 dicitur;
2940 4784 3239 4840 Ludovicus
3273 4783 3656 4857 Germaniam,
3691 4783 3792 4842 Ca-

2129 4874 2278 4928 rolus
2309 4872 2514 4928 Gallias
2541 4871 2796 4927 obtinuit.

2199 4962 2303 5016 841
2329 4963 2590 5034 Defuncto
2635 4960 2884 5031 Gregorio
2932 4978 3078 5034 papa
3127 4961 3350 5034 Sergius
3401 4960 3680 5020 secundas
3707 4977 3792 5018 se-

2129 5049 2210 5107 dit
2233 5051 2396 5106 annis
2418 5049 2594 5105 tribus
2625 5049 2794 5121 (331).
3113 5061 3116 5065 ‘

1962 5256 2192 5316 NOT/E.

449 5357 599 5432 (326)
625 5357 876 5432 Annales
923 5356 1088 5414 Fuld.
1125 5375 1136 5413 :
1172 5374 1226 5412 ιν
1255 5356 1385 5413 Idus
1420 5355 1562 5432 illati
1590 5355 1870 5432 ini/vigilia
1915 5356 2012 5416 As-

2195 5356 2340 5430 (329)
2371 5360 2479 5411 Seu
2527 5352 2924 5430 Lotharingia.
2957 5353 3190 5430 Celebre
3237 5354 3363 5430 hoc
3399 5358 3491 5412 est
3541 5357 3784 5430 pactum

377 5425 818 5502 censionissquae
848 5431 956 5484 hoc
987 5447 1138 5502 anno
1169 5434 1289 5502 erat
1322 5446 1381 5483 III
1411 5429 1587 5484 Nonas
1617 5425 1764 5497 litati",
1797 5449 1898 5486 seu
1922 5432 2014 5487 die
2120 5425 2549 5502 Virodunense,
2564 5445 2603 5502 7a
2621 5444 2741 5502 quo
2755 5425 3080 5502 Ludovicus
3093 5426 3478 5488 Germanicus
3498 5425 3672 5502 regni
3693 5426 3785 5502 sui

381 5502 588 5574 quinta
637 5500 794 5574 Maii,
829 5518 945 5573 qua
981 5501 1216 5574 eclipsis
1273 5500 1391 5574 bazc
1445 5503 1594 5557 facta
1648 5509 1736 5558 est
1769 5519 1782 5560 :
1817 5509 1872 5559 et
1930 5502 2014 5560 sic

381 5571 620 5644 duoque
638 5571 818 5644 habet
845 5571 1136 5628 annalista
1165 5571 1552 5629 Bertinianus.

453 5645 600 5716 (327)
633 5643 1044 5700 Foutaniacum
1095 5645 1309 5700 habent
1355 5645 1604 5700 Annales
1655 5643 1819 5699 Fuld.
1854 5645 2016 5714 Met.,

379 5715 649 5789 Fontenai
665 5716 726 5770 in
749 5731 890 5789 pago
918 5717 1398 5789 Autissiodorensi.

453 5785 598 5864 (328)
623 5783 1072 5866 Argentoratum
1102 5788 1317 5850 habent
1340 5783 1592 5848 Annales
1625 5783 1790 5845 Fuld.

2124 5516 2307 5558 annos
2325 5499 2384 5554 in
2404 5495 2670 5570 pluribus
2687 5498 3106 5570 diplomatibus
3123 5514 3435 5570 numerare
3452 5495 3782 5558 consuevit.

2194 5570 2342 5642 (330)
2373 5569 2686 5642 Gregorius
2733 5569 2989 5641 primum
3031 5590 3141 5628 xxv
3169 5569 3436 5629 Januarii
3481 5586 3644 5630 anno
3693 5587 3782 5642 se;

2125 5651 2338 5716 quente
2365 5641 2532 5716 obiit.
2566 5641 2752 5716 Anast.
2789 5644 2921 5708 Pag.

2195 5714 2343 5787 (331)
2375 5713 2672 5788 Ds‘morte
2702 5711 2970 5788 Gregorii
3002 5713 3075 5773 IV
3105 5715 3336 5788 variant
3363 5716 3658 5788 auctores,
3691 5710 3786 5774 cui

2124 5783 2234 5848 hoc
2265 5783 2418 5849 anno
2447 5783 2685 5866 Sergius
2715 5783 3023 5864 successit.
