3894 6354
95 417 202 496 181

1302 411 1770 480 CHRONICON.
1800 419 1881 462 -‘-
1922 414 2110 478 SIEC.
2157 416 2264 480 IX.

3355 419 3474 480 182

96 642 241 699 citus
255 637 522 712 ejusdem
540 653 574 693 a
593 637 824 711 Pippini
846 637 1093 693 ducibus
1116 651 1314 710 pugna
1331 547 1751 693 victzgoeglaét‘

1920 547 2135 604 ENSlS.

1914 635 2012 692 nis
2037 653 2110 706 ix,
2137 637 2442 693 mensibus
2465 652 2548 707 ιιι,
2582 637 2684 710 qui
2713 640 2994 704 castrum,
3044 639 3198 710 quod
3243 637 3480 694 Leonia-

99 731 160 788 Id
186 727 348 787 Junii
377 727 702 799 ceciditque
731 743 866 784 cum
889 725 1092 783 multis
1114 726 1245 782 aliis
1265 725 1558 782 nobilibus
1581 725 1734 782 Rha-

98 819 208 876 ban
217 815 461 891 signifer
475 817 627 888 ejus,
639 820 697 873 et
711 817 876 888 Hugo
890 815 1288 886 Richbotoque
1305 815 1542 870 abbates
1561 814 1734 886 (332).

97 935 164 953 —
190 904 518 962 Ludovicus
545 921 646 962 rex
671 905 994 961 Germaniae
1020 904 1330 960 Abodritos
1352 903 1735 958 defectionem

101 993 420 1063 molientes,
461 993 651 1050 occiso
697 1009 832 1066 rege
871 1009 1075 1050 eorum
1124 991 1274 1048 bello
1320 991 1652 1064 perdomuit
1679 994 1738 1046 et

99 1099 196 1158 per
223 1082 404 1140 duces
434 1080 745 1153 disposuit.
771 1079 964 1150 Fuld.,
995 1079 1141 1135 Pith.
1167 1107 1234 1121 -
1254 1078 1572 1134 Rhabanus
1604 1075 1735 1132 Ful-

98 1169 292 1228 densis
317 1170 499 1226 abbas
529 1169 767 1239 librum,
799 1185 974 1241 quem
1005 1169 1076 1224 de
1107 1168 1279 1223 laude
1303 1171 1514 1222 sanctae
1546 1162 1735 1220 crucis

99 1260 264 1318 variis
321 1258 529 1332 figuris
577 1264 880 1332 metroque
937 1257 1286 1330 composuit,
1339 1255 1530 1326 Se:gio
1571 1269 1734 1326 papa:

103 1349 240 1422 (333)
268 1347 618 1406 transmisit.
641 1348 840 1403 Annal.
873 1346 1031 1402 Fuld.
1064 1377 1133 1388 -—-
1154 1345 1346 1401 Remis
1385 1348 1518 1416 post
1555 1343 1738 1398 Ebbo-

102 1453 229 1496 nem
257 1437 606 1494 Hincmarus
639 1437 724 1492 vir
752 1437 960 1492 doctus
990 1435 1464 1507 archiepiscopus
1509 1431 1738 1488 ordina-

103 1531 194 1584 tur
216 1526 384 1598 (334).
416 1525 732 1594 Flodoard.,
764 1526 976 1581 llincm.

165 1614 316 1673 145
336 1615 446 1672 845
459 1614 809 1671 Nortmanni
831 1629 1077 1687 regnum
1099 1611 1286 1669 Caroli
1310 1614 1604 1668 vastantes
1631 1609 1734 1665 Pa-

104 1704 271 1762 risius
300 1719 494 1776 usque
511 1719 614 1776 per
635 1705 969 1776 Sequanam
998 1701 1228 1775 navigio
1248 1701 1508 1770 veniunt,
1541 1715 1740 1770 accep-

104 1797 270 1868 taque
315 1792 390 1850 ab
424 1809 492 1850 eo
531 1808 748 1866 magna
783 1809 887 1864 pro
936 1807 1076 1864 pace
1122 1790 1367 1864 pecunia
1404 1787 1734 1843 discedunt.

104 1879 292 1938 Annal.
322 1881 472 1939 Berl.
503 1911 574 1924 -—-
603 1882 748 1938 Item
775 1881 836 1937 in
868 1881 1064 1937 Fresia
1093 1878 1270 1936 semel
1300 1877 1434 1934 victi
1453 1881 1509 1932 et
1538 1875 1629 1932 bis
1652 1874 1739 1930 vi-

105 1975 278 2028 ctores
307 1985 554 2044 magnas
585 1969 893 2027 hominum
943 1974 1166 2041 strages
1217 1967 1460 2023 faciunt.
1503 1965 1646 2020 Item
1676 1963 1738 2020 in

112 2060 354 2117 Saxonis.
381 2060 778 2132 Hemmeburg
809 2059 958 2131 (335)
989 2057 1268 2130 populati,
1302 2072 1418 2112 non
1451 2053 1620 2110 inulti
1651 2069 1739 2108 re-

115 2149 302 2205 deunt.
324 2179 394 2190 —
423 2147 664 2204 Carolus
694 2165 792 2204 rex
813 2148 958 2202 inita
988 2163 1120 2202 cum
1162 2145 1498 2200 Britonibus
1522 2159 1739 2216 pugna,

109 2239 362 2310 pluribus
391 2237 652 2304 amissis,
701 2236 791 2292 vix
830 2252 965 2292 cum
1003 2235 1206 2308 paucis
1249 2234 1471 2305 effugit.
1534 2233 1737 2287 Annal.

111 2328 241 2384 Berl.
280 2355 348 2369 —-
395 2325 725 2383 Ludovicus
770 2339 871 2380 rex
899 2341 992 2379 xxv
1034 2341 1103 2380 ex
1132 2323 1382 2378 ducibus
1431 2322 1741 2378 Boemanis

109 2417 174 2473 ad
197 2415 371 2473 ﬁdem
400 2430 712 2472 conversos
743 2413 1025 2486 baptizari
1057 2413 1210 2468 fecit.
1265 2411 1576 2468 Lotharius
1624 2411 1736 2468 im-

109 2509 328 2578 perator
345 2504 796 2578 Burgundiones
826 2501 1106 2558 rebellare
1136 2500 1444 2557 molientes
1475 2503 1548 2556 ad
1571 2501 1740 2557 dedi-

108 2593 314 2665 tionem
334 2593 550 2666 coegit.
581 2589 790 2648 Annal.
822 2591 978 2647 Fuld.

170 2682 292 2739 846.
322 2680 690 2738 Gisalbertus
717 2679 904 2736 Caroli
926 2678 1094 2734 miles
1129 2679 1308 2733 ﬁliam
1340 2679 1593 2734 Lotharii
1627 2681 1738 2736 im-

112 2770 377 2843 peratoris
403 2771 461 2826 vi
492 2769 720 2842 rapuit;
755 2769 910 2824 unde
934 2768 1118 2823 iratus
1150 2768 1457 2823 Lotharius
1491 2769 1741 2840 impera-

113 2861 241 2918 toris
267 2860 324 2917 vi
353 2860 586 2934 rapuit:
620 2858 778 2916 unde
805 2857 990 2914 iratus
1017 2857 1324 2913 Lotharius
1348 2875 1481 2913 cum
1512 2859 1738 2928 Carolo,

113 2948 236 3006 licet
259 2949 551 3007 Ludovico
581 2950 902 3020 satagente,
926 2945 1217 3019 pacificari
1238 2946 1442 3002 noluit.
1461 2947 1740 3017 Nithard.,

114 3038 295 3095 Annal.
326 3041 455 3094 met.
480 3067 549 3078 -—-
569 3036 917 3101 Ludovicus,
941 3035 1384 3091 Marahensibus
1411 3037 1560 3105 (336)
1586 3038 1740 3094 Scla-

113 3126 190 3183 vis
225 3125 598 3200 compressis,
647 3123 916 3181 Rastizen
968 3124 1177 3179 ducem
1223 3125 1525 3180 constituit
1554 3129 1608 3180 et
1639 3142 1743 3198 per

116 3216 391 3274 Boemiam
428 3231 568 3272 cum
610 3214 771 3288 gravi
809 3214 1022 3270 damno
1071 3215 1356 3268 exercitus
1403 3215 1592 3269 rediit.
1624 3217 1740 3270 An-

117 3307 218 3363 nal.
246 3306 366 3364 Net.
396 3336 466 3348 —
507 3302 717 3371 Mauri,
763 3319 900 3358 cum
941 3302 1184 3358 Romam
1227 3307 1487 3374 petentes
1531 3304 1735 3360 urbem

1845 742 1986 780 num
2034 730 2293 793 vocatur,
2335 726 2406 782 ad
2454 725 2762 783 ecclesiam
2810 727 2997 783 sancti
3045 726 3196 783 Petri
3227 741 3484 783 commu-

1843 814 2114 870 niendam
2161 817 2487 872 construxit
2510 817 2657 888 (337)
2685 817 2888 873 Annal.
2918 821 3062 874 Berl.
3095 832 3149 872 a.
3181 815 3306 872 851.

1912 930 2017 983 847
2040 929 2346 986 Lotharius
2367 931 2762 988 etLudovicus
2785 947 2847 987 se
2864 931 3124 988 vicissim
3144 931 3482 1002 invitantes,

1843 1020 2046 1073 mutuo
2074 1020 2233 1074 convi
2244 1019 2292 1074 is
2314 1020 2487 1092 regiis
2504 1021 2966 1094 muneribusque
2987 1021 3284 1077 fruuntur.
3316 1021 3486 1078 Nort-

1845 1105 2044 1160 manni
2085 1107 2295 1162 iterum
2355 1109 2719 1165 Dorestatum
2775 1110 3118 1166 incendunt.
3169 1109 3484 1182 Moguntiw

1843 1193 2116 1266 Otgarius
2145 1196 2616 1268 archiepiscopus
2663 1199 2841 1267 obiit;
2873 1215 2973 1270 pre
3004 1216 3119 1272 quo
3163 1199 3483 1257 Rhabanus

1845 1281 2153 1338 Fuldensis
2185 1285 2365 1339 abbas
2379 1286 2750 1343 doctissimus
2774 1288 3153 1360 archiprmsul
3177 1293 3484 1362 promotus

1845 1371 1995 1427 sedit
2017 1372 2188 1427 annis
2217 1388 2293 1441 1x,
2327 1373 2428 1446 qui
2456 1390 2588 1430 mox
2625 1375 2910 1432 Ludovico
2948 1377 3103 1433 146
3124 1378 3366 1448 jubente
3395 1396 3487 1452 sy-

1845 1461 2064 1514 nodum
2097 1477 2371 1534 magnam
2406 1463 2551 1535 (338)
2586 1463 2940 1536 Moguntiaci
2971 1464 3219 1538 collegit,
3267 1466 3372 1522 ubi
3399 1467 3484 1524 in-

1845 1551 1933 1603 ter
1975 1548 2090 1604 alia
2137 1551 2346 1607 Thiota
2404 1553 2998 1626 pseudoprophetissa
3049 1569 3118 1610 ex
3157 1554 3487 1614 Salomonis

1845 1638 2305 1696 Constantiensis
2354 1641 2614 1714 episcopi
2656 1643 2934 1716 parochia
2975 1651 3236 1716 correpta
3283 1647 3341 1702 et
3379 1662 3489 1718 pu-

1845 1725 1991 1782 blice
2041 1727 2285 1799 ﬂagellis
2325 1743 2490 1796 czesa,
2537 1731 2778 1788 tandem
2809 1749 2844 1788 a
2872 1731 3164 1789 vaticiniis
3199 1737 3490 1807 quaestum

1847 1817 2263 1886 querentibus,
2296 1817 2560 1876 obticuit.
2597 1821 2800 1876 Annal.
2831 1821 2995 1877 Fuld.

1917 1923 2020 1976 848
2052 1922 2376 1979 Ludovicus
2408 1940 2523 1992 rex,
2554 1925 2734 1982 misso
2765 1927 2883 1983 {ilio
2914 1927 3222 2002 Ludovico,
3245 1935 3487 1987 Boema-

1765 2007 1813 2073 B
1845 2027 1950 2066 nos
1970 2013 2316 2084 compressit
2349 2017 2406 2068 et
2435 2014 2665 2070 obsides
2701 2017 2840 2073 dare
2871 2017 3170 2089 compulit.
3212 2049 3281 2060 -—
3318 2019 3488 2076 Gete-

1848 2099 2116 2156 schalcus
2147 2100 2385 2171 quidam
2421 2104 2741 2174 presbyter,
2774 2106 3058 2176 quosdam
3103 2107 3369 2166 homines
3395 2107 3484 2180 Iad

1848 2189 2050 2259 vitam,
2075 2190 2356 2260 quosdam
2381 2191 2452 2245 ad
2472 2197 2716 2246 mortem
2737 2193 3142 2250 inevitabiliter
3157 2213 3192 2251 a
3210 2197 3324 2252 Deo
3344 2213 3487 2271 prte-

1849 2278 2168 2333 destinatos
2201 2279 2619 2350 dogmatizans,
2661 2281 2718 2335 in
2769 2287 3052 2338 conventu
3081 2283 3487 2356 episcoporum

1851 2366 2202 2437 Moguntiaci
2225 2369 2371 2439 (330)
2400 2369 2697 2424 convictus
2727 2370 2796 2426 de
2827 2387 3004 2442 regno
3031 2373 3303 2429 Ludovici
3331 2373 3493 2445 pelli-

1848 2459 1946 2510 tur
1977 2459 2031 2510 et
2062 2455 2258 2511 Remis
2289 2457 2357 2511 ad
2384 2457 2763 2513 llincmarum
2786 2459 3124 2532 episcopum
3154 2477 3329 2519 suum
3362 2463 3494 2520 mit-

1850 2544 2014 2599 titur.
2045 2545 2226 2599 Annal
2252 2544 2407 2600 Fuld.
2439 2547 2655 2602 llincm.

1920 2648 2024 2704 849
2052 2649 2350 2706 Exercitus
2377 2667 2412 2706 a
2441 2651 2727 2707 Ludovico
2765 2669 2902 2725 rege
2937 2659 3140 2712 contra
3170 2657 3494 2714 Boemanos

1849 2736 1987 2792 item
2035 2737 2380 2794 rebellantes
2429 2739 2670 2806 missds,
2713 2757 2845 2796 cum
2895 2747 3130 2813 pactum
3162 2749 3220 2800 et
3257 2745 3492 2803 obsides

1849 2825 2106 2880 hostium
2139 2842 2340 2898 pacem
2380 2827 2700 2898 petentium
2725 2829 2986 2901 accipere
3015 2833 3485 2904 contempsisset,

1849 2915 2096 2987 turpiter
2124 2917 2196 2970 ab
2226 2913 2371 2987 ipsis
2401 2933 2583 2972 caesus
2614 2921 2670 2972 ct
2699 2919 3006 2988 spoliatus,
3053 2921 3286 2977 obsides
3328 2922 3492 2979 dedit

1849 3007 1906 3058 et
1948 3020 2081 3059 cum
2115 3003 2395 3059 dedecore
2413 3005 2605 3060 rediit.
2633 3007 2982 3064 AnualFuld.
3005 3040 3074 3050 —
3098 3011 3490 3068 Terrmmotus

1846 3094 2040 3148 factus
2071 3097 2179 3148 est.
2212 3093 2410 3164 Augize
2444 3095 2590 3165 (340)
2620 3095 3057 3154 Walachlridus
3079 3099 3284 3156 Strabo
3305 3100 3490 3158 abbas

1849 3182 2014 3251 obiit,
2044 3199 2148 3254 pro
2179 3199 2293 3254 quo
2323 3199 2426 3236 x111
2450 3183 2783 3240 Folcwinus
2814 3186 3045 3256 praefuit
3079 3188 3249 3245 annis
3279 3205 3358 3244 Ix.

1919 3299 2023 3354 850
2051 3298 2393 3354 Nortmanni
2424 3299 2714 3355 Gotefrirlo
2737 3301 2880 3356 duce
2915 3319 3019 3373 per
3044 3307 3372 3376 Sequanam
3393 3322 3486 3362 as-

115 3391 286 3465 ipsam
331 3408 541 3468 capere
574 3370 980 3464 nonpossent,
1029 3370 1332 3446 ecclesiam
1367 3391 1553 3446 sancti
1585 3391 1735 3448 Petri
1765 3370 1808 3436 (ἶ
1847 3390 2158 3446 cendentes
2208 3403 2453 3458 regnum
2495 3389 2641 3442 147
2692 3389 2876 3444 Caroli
2915 3370 3166 3448 vastant
3213 3409 3228 3450 :
3281 3397 3485 3450 contra

119 3486 486 3541 vastaverant.
524 3481 726 3538 Annal.
777 3479 932 3535 Fuld.
983 3509 1052 3520 —
1084 3479 1278 3534 Roma;
1327 3480 1439 3535 Leo
1477 3479 1548 3534 1V
1590 3481 1743 3536 sedit

1853 3474 2312 3549 quosLotharius
2329 3475 2712 3547 imperatorin
2731 3475 3015 3534 auxilium
3037 3483 3329 3552 evocatus,
3345 3497 3487 3538 cura

1131 3577 1606 3634 COMPENDIUM
1643 3579 1736 3636 EX
1772 3575 2023 3634 CODICE
2064 3572 2443 3628 BERNOLDI.

174 3670 271 3728 845
319 3669 614 3728 Rhabanus
667 3667 954 3724 Fuldensis
991 3667 1158 3723 abbas
1205 3667 1428 3734 librum,
1477 3684 1635 3738 quem
1681 3669 1748 3724 de

125 3755 174 3814 S.
203 3774 420 3825 (πει...
460 3757 773 3814 transmisit
799 3760 860 3812 at
887 3758 1032 3828 Aug.
1069 3773 1126 3811 a.
1168 3772 1254 3826 pr.

177 3847 274 3902 846
303 3845 594 3904 Lotharius
615 3847 750 3917 imp.
781 3844 1200 3913 Burgundiones
1218 3844 1486 3899 rebellare
1513 3846 1746 3902 molien-

129 3937 190 3988 tes
217 3934 284 3990 ad
309 3935 638 3991 deditionem
665 3935 856 4001 coegit.
889 3936 1038 4005 Aug.
1067 3950 1120 3986 a.
1149 3950 1236 4004 pr.

183 4023 279 4078 847
323 4023 512 4080 Romae
549 4023 651 4078 Leo
696 4022 924 4092 quartus
963 4036 1106 4092 papa
1159 4020 1241 4076 CV
1278 4021 1414 4076 sedit
1461 4024 1625 4076 annis
1669 4039 1746 4090 Ix,

127 4113 375 4168 mensibus
404 4127 493 4180 ιιι,
526 4111 622 4182 qui
649 4109 835 4166 Roma
864 4111 1252 4173 munitionem,
1272 4127 1436 4181 quam
1451 4113 1750 4166 Leoninam

129 4196 312 4270 dicunt,
337 4202 488 4272 fecit,
521 4214 750 4272 eamque
777 4199 1073 4270 apostolica
1104 4197 1472 4254 benedictione
1484 4199 1750 4254 dedicavit

129 4291 173 4342 et
191 4289 278 4346 sub
303 4291 651 4346 asiathemate
678 4290 739 4343 in
763 4291 1083 4360 perpetuum
1121 4287 1484 4356 conﬁrmavit.
1525 4287 1748 4358 Megunc

132 4375 243 4432 liaci
267 4378 582 4435 Rhabanus.
608 4376 892 4432 Fuldensis
921 4377 1087 4431 abbas
1106 4377 1446 4432 doctissimus
1466 4377 1756 4432 ordinatur

135 4466 493 4539 archipraesul,
543 4468 642 4538 qui
684 4481 831 4534 mox,
891 4464 1154 4520 Ludovico
1193 4465 1434 4535 jubente,
1483 4466 1755 4538 synodum

1849 3680 2020 3738 papa:
2038 3671 2090 3718 et
2119 3663 3250 3741 RhabaniMoguntiacensisarchiepiscopi
3278 3670 3338 3724 in
3369 3685 3498 3728 con-

1854 3758 2018 3808 ventu
2048 3754 2417 3823 episcoporum
2445 3755 2802 3822 Mogunliaci,
2843 3758 3122 3826 confutata
3152 3761 3229 3812 est
3275 3759 3503 3816 haeresis

1854 3842 2504 3907 Praedesl.inalianoru1n,
2555 3857 2786 3910 quorum
2832 3846 3024 3915 capita
3059 3848 3120 3901 Β.
3155 3850 3498 3914 Augustinus

1857 3933 2127 4002 con/regit
2157 3934 2320 4000 atque
2339 3931 2592 3984 contrivit
2611 3931 2666 3984 in
2697 3932 2836 3986 libro
2857 3933 2932 3987 De
2950 3937 3292 4004 correptione
3309 3941 3362 3991 et
3377 3953 3517 4006 gra—

1857 4023 1936 4076 tia
1964 4025 2013 4076 et
2041 4019 2520 4090 prmdcstinatione
2566 4023 2897 4076 sanctorum.

1926 4108 2031 4164 848
2061 4104 2438 4164 Goteschalcus
2467 4107 2756 4177 quidam...
2787 4111 3062 4166 conuictus
3107 4128 3274 4182 regno
3311 4113 3503 4186 expel-

1868 4199 1886 4253 ι
1893 4199 2021 4257 itur.

1925 4287 2030 4340 840
2059 4286 2267 4354 Augua:
2301 4283 2706 4356 Walach/‘ridus
2760 4288 2925 4343 abbas
2965 4290 3161 4348 Strabo
3211 4293 3367 4364 obiit,
3394 4311 3498 4367 pro

1861 4391 1963 4446 quo
1992 4375 2307 4430 Folkwinus
2336 4374 2498 4428 abbas
2528 4391 2628 4428 xm
2655 4377 2886 4446 praefuit
2915 4381 3078 4433 annis
3108 4397 3180 4436 IX.

1932 4465 2038 4518 850
2065 4467 2275 4532 Magna
2302 4463 2476 4530 fames
2504 4464 2650 4518 circa
2677 4465 2923 4520 Rhenum
2969 4468 3026 4521 in
3059 4485 3167 4540 qua
3214 4469 3508 4527 Rhabanus

133 4565 362 4624 magnam
385 4555 723 4626 Moguntiaci
773 4552 928 4625 (341)
975 4553 1191 4622 collegit
1255 4557 1514 4626 Tempore
1557 4555 1751 4610 Leonis
1780 4539 1828 4604 D
1857 4553 2294 4624 archiepiscopus
2320 4553 2517 4607 multos
2545 4569 2814 4624 pauperes
2846 4553 3012 4610 aluit.

1693 4650 1924 4709 NOTAE.

201 4738 532 4814 (332)Juxta
559 4738 818 4814 Annales
859 4738 1238 4814 Bertinianosi
1264 4739 1428 4814 lingo
1479 4739 1660 4814 nbbas
1704 4741 1765 4796 S.

145 4806 378 4871 Quintini
413 4813 575 4870 ﬁlius
608 4812 718 4868 fuit
743 4811 1028 4868 naturalis
1059 4812 1241 4868 Caroli
1276 4806 1443 4867 Mfet
1479 4811 1765 4869 Richboto

149 4879 700 4973 εδὶξιλρειιιυὶεωβξε
723 4884 986 4973 eiusdem
1015 4883 1222 4973 (iusti
1243 4897 1324 4973 eis
1340 4881 1693 4973 Elimea:

207 4952 341 5022 (333)
372 4955 495 5037 Ιτξιο
519 4952 795 5037 θερεριδῖο
825 4971 1010 5037 eapse
1041 4955 1140 5037 se!
1165 4971 1238 5037 (ξφ.
1262 4952 1769 5037 ἀρῖρρεξιοὲεςεὲρ

151 5027 444 5082 succesori
490 5024 702 5083 redditi
739 5024 878 5082 sunt
905 5024 1034 5081 duo
1078 5025 1138 5080 hi
1179 5024 1335 5080 libri.
1368 5025 1500 5080 Vid.
1547 5024 1767 5082 Mabill.

151 5093 681 5179 Saggrv.l}ened._p.
717 5113 779 5179 ιλ,
813 5113 870 5170 p.
905 5097 994 5152 40.

231 5167 348 5226 334)
369 5167 499 5226 Hac
520 5167 996 5226 ordinatio—anno
1027 5171 1305 5226 sequente
1335 5167 1488 5221 facta
1519 5170 1626 5221 est.

211 5181 348 5310 26:54)
369 5181 499 5226 Haec
520 5181 811 5250 ordinatio
841 5184 996 5224 anno
1027 5181 1305 5293 sewente
1335 5181 1488 5221 iacta
1519 5181 1626 5221 est.

157 5237 449 5364 vagiit-In
480 5238 788 5297 Amalibus
820 5239 982 5295 Fuld.
1019 5242 1076 5293 et
1177 5243 1254 5294 et.
1303 5239 1775 5307 Ilammaburgum

185 5321 386 5366 οοιιῑιιιι.

162 5377 754 5501 Μὲῗίῗὲμαιαιιθηεθε
782 5380 961 5437 iidem
992 5383 1154 5447 sunt,
1177 5379 1277 5450 qui
1314 5395 1467 5434 nunc
1497 5379 1778 5434 dicuntur

211 5463 373 5506 οιιανι.

165 5584 176 5595 ο
218 5519 355 5594 (337)
381 5522 618 5595 Sergius
648 5521 856 5595 Leonis
898 5525 1232 5595 antecessor
1266 5520 1498 5577 nonnisi
1545 5521 1614 5574 27
1642 5520 1774 5576 Jan.

164 5590 516 5651 insequentis
529 5590 669 5650 anni
699 5593 834 5651 fatis
865 5594 1058 5650 cessit.
1090 5594 1277 5648 Anast.

221 5660 356 5739 (338)
385 5666 534 5739 Acin
545 5664 725 5739 hujus
745 5665 951 5739 synodi
973 5665 1260 5721 habentur
1281 5663 1341 5717 in
1365 5660 1626 5718 conciliis
1649 5660 1779 5718 Ger-

167 5732 458 5810 mgni.
480 5735 558 5810 _II,
571 5732 806 5810 _p'._151'.

226 5801 372 5885 (339)
388 5803 523 5871 Vid.
544 5801 630 5872 'd'e
654 5806 765 5872 hac
785 5807 1007 5890 synodo
1037 5802 1253 5868 Concil.
1284 5801 1503 5879 eam.
1531 5807 1575 5868 to
1606 5803 1678 5880 ΙΙ»
1708 5819 1770 5884 P-

1879 4740 2004 4814 163.
2039 4737 2528 4814 De_Gotescl_1alco
2561 4743 2751 4814 autem
2779 4739 3042 4814 pluribus
3072 4742 3192 4814 agit
3218 4742 3515 4802 Mabillon.

1875 4809 2084 4883 Annal.
2128 4809 2413 4883 B_ened._l.
2447 4827 2578 4883 xxx,
2612 4828 2661 4865 c.
2693 4809 2832 4883 3;—l.
2866 4830 3064 4880 xxxm,
3106 4809 3154 4869 ὅ.
3191 4817 3282 4883 70,
3306 4821 3440 4883 etc.,
3464 4821 3522 4874 et

1875 4881 2072 4955 Natali
2113 4880 2438 4955 Alexander
2487 4881 2633 4955 Hist.
2681 4882 2848 4955 eccl.,
2898 4885 3125 4940 dissert.
3169 4887 3238 4955 5;
3269 4880 3519 4946 Bern-in.

1878 4953 2024 5008 Hist.
2059 4951 2263 5006 haeres.
2304 4957 2344 5006 t.
2380 4952 2452 5018 ll,
2485 4968 2534 5006 c.
2563 4953 2626 5019 7;
2659 4954 2916 5010 Annales
2955 4951 3270 5015 Bertiniani
3308 4960 3380 5014 ad
3423 4977 3520 5017 an.

1878 5024 2014 5149 3/19;
2048 5022 2397 5147 Htinizinarus
2417 5023 2696 5080 adversus
2720 5026 3118 5084 Gotesealcum
3137 5029 3291 5102 apud
3322 5031 3526 5099 Labb.,

1923 5110 2055 5149 one.
2116 5135 2128 5147 .
2190 5133 2203 5146 .
2246 5135 2257 5146 .

1923 5110 2030 5150 ΟΠΟ
2043 5135 2055 5148 .
2087 5110 2128 5147 ῑ.
2164 5110 2233 5147 ιλ
2246 5135 2257 5146 .

1954 5165 2100 5237 (340)
2132 5161 2522 5237 Walafridum
2545 5181 2659 5219 non
2673 5165 2889 5236 Augice,
2909 5169 3081 5224 sedin
3107 5170 3293 5228 Gallia
3313 5172 3534 5230 obiisse

1882 5235 2131 5314 teetatur
2149 5235 2524 5314 Εξςιῐξεξῃιηὶομε
2546 5235 2870 5314 monachns
2890 5241 3226 5314 Augiensis,
3251 5245 3380 5314 ejus
3412 5245 3533 5300 dis-

1885 5307 2118 5386 cipulus
2149 5305 2406 5386 (Ιξςςιὶξὶῌ.Δ
2442 5306 2652 5386 Annal.
2689 5326 2745 5380 p.
2776 5310 2920 5377 420),
2957 5305 3262 5386 bZ’atissimo
3277 5305 3534 5386 "pracep-

1887 5377 2006 5454 tore
2035 5393 2148 5454 meo
2186 5377 2526 5454 ll'alahfrcflo
2555 5395 2654 5454 pro
2685 5377 2940 5454 responso
2967 5385 3199 5454 quodam
3229 5377 3429 5445 domui
3449 5377 3534 5440 ie.

1885 5453 1968 5526 gis
1990 5449 2302 5526 (Ludovici)
2325 5449 2394 5502 ad
2427 5451 2690 5505 Carolum
2723 5449 3050 5510 Germanum
3069 5472 3225 5512 suum
3249 5457 3528 5526 pergente,

1886 5524 2074 5591 ibique
2103 5520 2373 5589 defuncto,
2409 5525 2519 5574 etc.

1959 5589 2106 5662 (341)
2137 5591 2424 5646 Conl’undi
2455 5590 2613 5646 haud
2646 5593 2858 5648 debent
2887 5596 3015 5650 duae
3051 5595 3136 5650 hie
3165 5589 3530 5662 synodi_Mo-

1887 5659 2298 5734 gu'ntinenses,
2322 5678 2570 5734 quarum
2595 5664 2787 5734 prima
2808 5665 2879 5718 ad
2899 5665 3056 5720 hunc
3079 5659 3313 5727 annum,
3343 5659 3530 5719 altero

1889 5737 2093 5867 gnatm
2121 5732 2668 5793 Prndestinatianos
2699 5735 2770 5791 ad
2789 5751 3008 5793 annum
3030 5733 3363 5811 sequentem
3393 5745 3535 5811 spa-
