  <div class='ocr_page' id='page_1' title='image "/cluster/home/n/w/nwhite01/storage/ocr_20150623/142-143/uc1.31175018423130/831.png"; bbox 0 0 3894 6362; ppageno 0'>
   <div class='ocr_carea' id='block_1_1' title="bbox 337 446 450 509">
    <p class='ocr_par' dir='ltr' id='par_1_1' title="bbox 337 446 450 509">
     <span class='ocr_line' id='line_1_1' title="bbox 337 446 450 509; baseline 0.027 -3"><span class='ocrx_word' id='word_1_1' title='bbox 337 446 450 509; x_wconf 80' lang='grc'><strong>183</strong></span> 
     </span>
    </p>
   </div>
   <div class='ocr_carea' id='block_1_2' title="bbox 1135 445 1985 510">
    <p class='ocr_par' dir='ltr' id='par_1_2' title="bbox 1135 445 1985 509">
     <span class='ocr_line' id='line_1_2' title="bbox 1135 445 1985 509; baseline -0.001 -1"><span class='ocrx_word' id='word_1_2' title='bbox 1135 449 1543 509; x_wconf 76' lang='lat' dir='ltr'><strong>HERMANNI</strong></span> <span class='ocrx_word' id='word_1_3' title='bbox 1589 445 1985 508; x_wconf 73' lang='lat' dir='ltr'><strong>CONTRAC&#39;I</strong></span> 
     </span>
    </p>
   </div>
   <div class='ocr_carea' id='block_1_3' title="bbox 2166 445 2902 510">
    <p class='ocr_par' dir='ltr' id='par_1_3' title="bbox 2166 446 2902 510">
     <span class='ocr_line' id='line_1_3' title="bbox 2166 446 2902 510; baseline 0.003 -4"><span class='ocrx_word' id='word_1_4' title='bbox 2166 446 2486 508; x_wconf 77' lang='lat' dir='ltr'><strong>IGIENSIS</strong></span> <span class='ocrx_word' id='word_1_5' title='bbox 2533 447 2902 510; x_wconf 84' lang='lat' dir='ltr'><strong>MONACHI.</strong></span> 
     </span>
    </p>
   </div>
   <div class='ocr_carea' id='block_1_4' title="bbox 3626 437 3756 506">
    <p class='ocr_par' dir='ltr' id='par_1_4' title="bbox 3626 437 3756 506">
     <span class='ocr_line' id='line_1_4' title="bbox 3626 437 3756 506; baseline 0 0"><span class='ocrx_word' id='word_1_6' title='bbox 3626 437 3756 506; x_wconf 67' lang='grc'><strong>184</strong></span> 
     </span>
    </p>
   </div>
   <div class='ocr_carea' id='block_1_5' title="bbox 1696 603 2361 661">
    <p class='ocr_par' dir='ltr' id='par_1_5' title="bbox 1696 603 2361 661">
     <span class='ocr_line' id='line_1_5' title="bbox 1696 603 2361 661; baseline -0.003 0"><span class='ocrx_word' id='word_1_7' title='bbox 1696 603 1926 661; x_wconf 83' lang='lat' dir='ltr'><strong>CODEX</strong></span> <span class='ocrx_word' id='word_1_8' title='bbox 1964 604 2361 660; x_wconf 86' lang='lat' dir='ltr'><strong>AUGIENSIS.</strong></span> 
     </span>
    </p>
   </div>
   <div class='ocr_carea' id='block_1_6' title="bbox 336 717 3754 795">
    <p class='ocr_par' dir='ltr' id='par_1_6' title="bbox 336 717 3754 795">
     <span class='ocr_line' id='line_1_6' title="bbox 336 717 3754 795; baseline -0.001 -16"><span class='ocrx_word' id='word_1_9' title='bbox 336 737 400 779; x_wconf 88' lang='lat' dir='ltr'><strong>se</strong></span> <span class='ocrx_word' id='word_1_10' title='bbox 428 725 826 795; x_wconf 82' lang='lat' dir='ltr'><strong>pugnaturum</strong></span> <span class='ocrx_word' id='word_1_11' title='bbox 861 739 994 777; x_wconf 90' lang='lat' dir='ltr'><strong>eum</strong></span> <span class='ocrx_word' id='word_1_12' title='bbox 1029 723 1291 778; x_wconf 73' lang='lat' dir='ltr'><strong>hostibus</strong></span> <span class='ocrx_word' id='word_1_13' title='bbox 1322 723 1598 789; x_wconf 86' lang='lat' dir='ltr'><strong>crederet,</strong></span> <span class='ocrx_word' id='word_1_14' title='bbox 1631 721 1869 776; x_wconf 79' lang='lat' dir='ltr'><strong>Carolus</strong></span> <span class='ocrx_word' id='word_1_15' title='bbox 1898 721 1969 776; x_wconf 91' lang='lat' dir='ltr'><strong>ti-</strong></span> <span class='ocrx_word' id='word_1_16' title='bbox 1999 723 2054 789; x_wconf 78' lang='grc' dir='ltr'><strong>Α</strong></span> <span class='ocrx_word' id='word_1_17' title='bbox 2085 722 2282 776; x_wconf 86' lang='lat' dir='ltr'><strong>fertur.</strong></span> <span class='ocrx_word' id='word_1_18' title='bbox 2317 721 2534 777; x_wconf 91' lang='lat' dir='ltr'><strong>lnsoliti</strong></span> <span class='ocrx_word' id='word_1_19' title='bbox 2559 721 2710 778; x_wconf 87' lang='lat' dir='ltr'><strong>aeris</strong></span> <span class='ocrx_word' id='word_1_20' title='bbox 2731 721 2998 777; x_wconf 82' lang='lat' dir='ltr'><strong>turbines</strong></span> <span class='ocrx_word' id='word_1_21' title='bbox 3018 725 3074 776; x_wconf 91' lang='lat' dir='ltr'><strong>et</strong></span> <span class='ocrx_word' id='word_1_22' title='bbox 3101 719 3446 793; x_wconf 78' lang='lat' dir='ltr'><strong>grandines,</strong></span> <span class='ocrx_word' id='word_1_23' title='bbox 3472 717 3754 791; x_wconf 75' lang='lat' dir='ltr'><strong>fulgura,</strong></span> 
     </span>
    </p>
   </div>
   <div class='ocr_carea' id='block_1_7' title="bbox 342 810 1973 882">
    <p class='ocr_par' dir='ltr' id='par_1_7' title="bbox 342 810 1973 882">
     <span class='ocr_line' id='line_1_7' title="bbox 342 810 1973 882; baseline -0.001 -17"><span class='ocrx_word' id='word_1_24' title='bbox 342 827 500 866; x_wconf 90' lang='lat' dir='ltr'><strong>more</strong></span> <span class='ocrx_word' id='word_1_25' title='bbox 529 810 834 882; x_wconf 84' lang='lat' dir='ltr'><strong>perculsus</strong></span> <span class='ocrx_word' id='word_1_26' title='bbox 857 811 1213 866; x_wconf 88' lang='lat' dir='ltr'><strong>Gotefridum</strong></span> <span class='ocrx_word' id='word_1_27' title='bbox 1245 827 1378 865; x_wconf 90' lang='lat' dir='ltr'><strong>cum</strong></span> <span class='ocrx_word' id='word_1_28' title='bbox 1405 810 1603 865; x_wconf 89' lang='lat' dir='ltr'><strong>suisin</strong></span> <span class='ocrx_word' id='word_1_29' title='bbox 1637 810 1973 864; x_wconf 86' lang='lat' dir='ltr'><strong>societatem</strong></span> 
     </span>
    </p>
   </div>
   <div class='ocr_carea' id='block_1_8' title="bbox 340 898 1970 972">
    <p class='ocr_par' dir='ltr' id='par_1_8' title="bbox 340 898 1970 972">
     <span class='ocr_line' id='line_1_8' title="bbox 340 898 1970 972; baseline -0.002 -18"><span class='ocrx_word' id='word_1_30' title='bbox 340 899 767 972; x_wconf 88' lang='lat' dir='ltr'><strong>regniassumit</strong></span> <span class='ocrx_word' id='word_1_31' title='bbox 785 899 983 972; x_wconf 86' lang='lat' dir='ltr'><strong>eisque</strong></span> <span class='ocrx_word' id='word_1_32' title='bbox 999 906 1206 954; x_wconf 85' lang='lat' dir='ltr'><strong>terram</strong></span> <span class='ocrx_word' id='word_1_33' title='bbox 1227 900 1296 953; x_wconf 92' lang='lat' dir='ltr'><strong>ad</strong></span> <span class='ocrx_word' id='word_1_34' title='bbox 1322 899 1769 952; x_wconf 85' lang='lat' dir='ltr'><strong>inhabitandum</strong></span> <span class='ocrx_word' id='word_1_35' title='bbox 1792 898 1970 952; x_wconf 83' lang='lat' dir='ltr'><strong>dedit.</strong></span> 
     </span>
    </p>
   </div>
   <div class='ocr_carea' id='block_1_9' title="bbox 341 986 1975 1058">
    <p class='ocr_par' dir='ltr' id='par_1_9' title="bbox 341 986 1975 1058">
     <span class='ocr_line' id='line_1_9' title="bbox 341 986 1975 1058; baseline -0.002 -14"><span class='ocrx_word' id='word_1_36' title='bbox 341 987 548 1044; x_wconf 83' lang='lat' dir='ltr'><strong>Fames</strong></span> <span class='ocrx_word' id='word_1_37' title='bbox 572 1003 780 1058; x_wconf 88' lang='lat' dir='ltr'><strong>magna</strong></span> <span class='ocrx_word' id='word_1_38' title='bbox 803 987 1167 1043; x_wconf 79' lang='lat' dir='ltr'><strong>Germaniam</strong></span> <span class='ocrx_word' id='word_1_39' title='bbox 1186 992 1240 1042; x_wconf 92' lang='lat' dir='ltr'><strong>et</strong></span> <span class='ocrx_word' id='word_1_40' title='bbox 1261 987 1507 1042; x_wconf 85' lang='lat' dir='ltr'><strong>maxime</strong></span> <span class='ocrx_word' id='word_1_41' title='bbox 1529 988 1681 1042; x_wconf 92' lang='lat' dir='ltr'><strong>circa</strong></span> <span class='ocrx_word' id='word_1_42' title='bbox 1708 986 1975 1042; x_wconf 78' lang='lat' dir='ltr'><strong>Rhenum</strong></span> 
     </span>
    </p>
   </div>
   <div class='ocr_carea' id='block_1_10' title="bbox 343 1074 1978 1148">
    <p class='ocr_par' dir='ltr' id='par_1_10' title="bbox 343 1074 1978 1148">
     <span class='ocr_line' id='line_1_10' title="bbox 343 1074 1978 1148; baseline -0.002 -17"><span class='ocrx_word' id='word_1_43' title='bbox 343 1074 652 1148; x_wconf 86' lang='lat' dir='ltr'><strong>oppressit,</strong></span> <span class='ocrx_word' id='word_1_44' title='bbox 676 1079 731 1129; x_wconf 89' lang='lat' dir='ltr'><strong>et</strong></span> <span class='ocrx_word' id='word_1_45' title='bbox 757 1075 1072 1131; x_wconf 81' lang='lat' dir='ltr'><strong>Rhabanus</strong></span> <span class='ocrx_word' id='word_1_46' title='bbox 1101 1076 1569 1148; x_wconf 73' lang='lat' dir='ltr'><strong>archiepiscopus</strong></span> <span class='ocrx_word' id='word_1_47' title='bbox 1595 1075 1810 1130; x_wconf 87' lang='lat' dir='ltr'><strong>multos</strong></span> <span class='ocrx_word' id='word_1_48' title='bbox 1841 1090 1978 1145; x_wconf 89' lang='lat' dir='ltr'><strong>pau-</strong></span> 
     </span>
    </p>
   </div>
   <div class='ocr_carea' id='block_1_11' title="bbox 345 1162 1112 1236">
    <p class='ocr_par' dir='ltr' id='par_1_11' title="bbox 345 1162 1112 1236">
     <span class='ocr_line' id='line_1_11' title="bbox 345 1162 1112 1236; baseline -0.001 -17"><span class='ocrx_word' id='word_1_49' title='bbox 345 1179 506 1236; x_wconf 87' lang='lat' dir='ltr'><strong>peres</strong></span> <span class='ocrx_word' id='word_1_50' title='bbox 535 1162 695 1218; x_wconf 81' lang='lat' dir='ltr'><strong>aluit.</strong></span> <span class='ocrx_word' id='word_1_51' title='bbox 730 1163 928 1217; x_wconf 82' lang='lat' dir='ltr'><strong>Annal.</strong></span> <span class='ocrx_word' id='word_1_52' title='bbox 957 1164 1112 1218; x_wconf 76' lang='lat' dir='ltr'><strong>Fuld.</strong></span> 
     </span>
    </p>
   </div>
   <div class='ocr_carea' id='block_1_12' title="bbox 409 1251 1978 1308">
    <p class='ocr_par' dir='ltr' id='par_1_12' title="bbox 409 1251 1978 1308">
     <span class='ocr_line' id='line_1_12' title="bbox 409 1251 1978 1308; baseline -0.003 -1"><span class='ocrx_word' id='word_1_53' title='bbox 409 1254 512 1308; x_wconf 86' lang='grc'><strong>851</strong></span> <span class='ocrx_word' id='word_1_54' title='bbox 545 1251 868 1307; x_wconf 85' lang='lat' dir='ltr'><strong>Ludovicus</strong></span> <span class='ocrx_word' id='word_1_55' title='bbox 899 1269 996 1306; x_wconf 85' lang='lat' dir='ltr'><strong>rex</strong></span> <span class='ocrx_word' id='word_1_56' title='bbox 1025 1253 1274 1307; x_wconf 90' lang='lat' dir='ltr'><strong>Sorabos</strong></span> <span class='ocrx_word' id='word_1_57' title='bbox 1306 1252 1586 1306; x_wconf 86' lang='lat' dir='ltr'><strong>terminos</strong></span> <span class='ocrx_word' id='word_1_58' title='bbox 1625 1253 1978 1306; x_wconf 86' lang='lat' dir='ltr'><strong>Francorum</strong></span> 
     </span>
    </p>
   </div>
   <div class='ocr_carea' id='block_1_13' title="bbox 343 1338 1978 1411">
    <p class='ocr_par' dir='ltr' id='par_1_13' title="bbox 343 1338 1978 1411">
     <span class='ocr_line' id='line_1_13' title="bbox 343 1338 1978 1411; baseline -0.004 -15"><span class='ocrx_word' id='word_1_59' title='bbox 343 1341 703 1410; x_wconf 77' lang='lat' dir='ltr'><strong>infestantes,</strong></span> <span class='ocrx_word' id='word_1_60' title='bbox 734 1345 962 1395; x_wconf 87' lang='lat' dir='ltr'><strong>vastata</strong></span> <span class='ocrx_word' id='word_1_61' title='bbox 976 1340 1207 1411; x_wconf 86' lang='lat' dir='ltr'><strong>regione</strong></span> <span class='ocrx_word' id='word_1_62' title='bbox 1232 1357 1433 1394; x_wconf 88' lang='lat' dir='ltr'><strong>eorum</strong></span> <span class='ocrx_word' id='word_1_63' title='bbox 1458 1339 1816 1410; x_wconf 83' lang='lat' dir='ltr'><strong>perdomuit.</strong></span> <span class='ocrx_word' id='word_1_64' title='bbox 1850 1338 1978 1407; x_wconf 86' lang='lat' dir='ltr'><strong>Pip—</strong></span> 
     </span>
    </p>
   </div>
   <div class='ocr_carea' id='block_1_14' title="bbox 341 1423 1980 1502">
    <p class='ocr_par' dir='ltr' id='par_1_14' title="bbox 341 1423 1980 1502">
     <span class='ocr_line' id='line_1_14' title="bbox 341 1423 1980 1502; baseline -0.004 -18"><span class='ocrx_word' id='word_1_65' title='bbox 341 1429 516 1502; x_wconf 88' lang='lat' dir='ltr'><strong>pinus</strong></span> <span class='ocrx_word' id='word_1_66' title='bbox 561 1444 660 1484; x_wconf 85' lang='lat' dir='ltr'><strong>rex</strong></span> <span class='ocrx_word' id='word_1_67' title='bbox 711 1428 1168 1500; x_wconf 88' lang='lat' dir='ltr'><strong>comprehensus</strong></span> <span class='ocrx_word' id='word_1_68' title='bbox 1211 1445 1244 1482; x_wconf 91' lang='lat' dir='ltr'><strong>a</strong></span> <span class='ocrx_word' id='word_1_69' title='bbox 1291 1427 1413 1482; x_wconf 89' lang='lat' dir='ltr'><strong>suis</strong></span> <span class='ocrx_word' id='word_1_70' title='bbox 1445 1433 1499 1482; x_wconf 92' lang='lat' dir='ltr'><strong>et</strong></span> <span class='ocrx_word' id='word_1_71' title='bbox 1540 1433 1744 1498; x_wconf 77' lang='lat' dir='ltr'><strong>patruo</strong></span> <span class='ocrx_word' id='word_1_72' title='bbox 1781 1423 1980 1479; x_wconf 83' lang='lat' dir='ltr'><strong>Carolo</strong></span> 
     </span>
    </p>
   </div>
   <div class='ocr_carea' id='block_1_15' title="bbox 341 1515 1982 1582">
    <p class='ocr_par' dir='ltr' id='par_1_15' title="bbox 341 1515 1982 1582">
     <span class='ocr_line' id='line_1_15' title="bbox 341 1515 1982 1582; baseline -0.005 -8"><span class='ocrx_word' id='word_1_73' title='bbox 341 1516 595 1574; x_wconf 86' lang='lat' dir='ltr'><strong>traditus</strong></span> <span class='ocrx_word' id='word_1_74' title='bbox 643 1521 700 1570; x_wconf 91' lang='lat' dir='ltr'><strong>et</strong></span> <span class='ocrx_word' id='word_1_75' title='bbox 745 1520 818 1571; x_wconf 90' lang='lat' dir='ltr'><strong>ab</strong></span> <span class='ocrx_word' id='word_1_76' title='bbox 847 1533 914 1571; x_wconf 91' lang='lat' dir='ltr'><strong>eo</strong></span> <span class='ocrx_word' id='word_1_77' title='bbox 943 1521 1170 1582; x_wconf 87' lang='lat' dir='ltr'><strong>tonsus,</strong></span> <span class='ocrx_word' id='word_1_78' title='bbox 1215 1515 1546 1570; x_wconf 88' lang='lat' dir='ltr'><strong>Suessionis</strong></span> <span class='ocrx_word' id='word_1_79' title='bbox 1581 1515 1639 1568; x_wconf 91' lang='lat' dir='ltr'><strong>in</strong></span> <span class='ocrx_word' id='word_1_80' title='bbox 1690 1517 1982 1569; x_wconf 88' lang='lat' dir='ltr'><strong>monaste-</strong></span> 
     </span>
    </p>
   </div>
   <div class='ocr_carea' id='block_1_16' title="bbox 343 1601 1984 1672">
    <p class='ocr_par' dir='ltr' id='par_1_16' title="bbox 343 1601 1984 1672">
     <span class='ocr_line' id='line_1_16' title="bbox 343 1601 1984 1672; baseline -0.004 -12"><span class='ocrx_word' id='word_1_81' title='bbox 343 1605 499 1662; x_wconf 88' lang='lat' dir='ltr'><strong>rium</strong></span> <span class='ocrx_word' id='word_1_82' title='bbox 531 1605 718 1660; x_wconf 84' lang='lat' dir='ltr'><strong>sancti</strong></span> <span class='ocrx_word' id='word_1_83' title='bbox 749 1604 1006 1659; x_wconf 85' lang='lat' dir='ltr'><strong>Mcdardi</strong></span> <span class='ocrx_word' id='word_1_84' title='bbox 1038 1610 1301 1658; x_wconf 88' lang='lat' dir='ltr'><strong>retrusus</strong></span> <span class='ocrx_word' id='word_1_85' title='bbox 1322 1609 1408 1658; x_wconf 87' lang='lat' dir='ltr'><strong>est</strong></span> <span class='ocrx_word' id='word_1_86' title='bbox 1439 1604 1605 1672; x_wconf 66' lang='lat'><strong>(3&#39;12).</strong></span> <span class='ocrx_word' id='word_1_87' title='bbox 1629 1601 1904 1656; x_wconf 81' lang='lat' dir='ltr'><strong>Similiter</strong></span> <span class='ocrx_word' id='word_1_88' title='bbox 1925 1604 1984 1654; x_wconf 90' lang='lat' dir='ltr'><strong>et</strong></span> 
     </span>
    </p>
   </div>
   <div class='ocr_carea' id='block_1_17' title="bbox 344 1689 1982 1764">
    <p class='ocr_par' dir='ltr' id='par_1_17' title="bbox 344 1689 1982 1764">
     <span class='ocr_line' id='line_1_17' title="bbox 344 1689 1982 1764; baseline -0.005 -14"><span class='ocrx_word' id='word_1_89' title='bbox 344 1691 586 1750; x_wconf 81' lang='lat' dir='ltr'><strong>Carolus</strong></span> <span class='ocrx_word' id='word_1_90' title='bbox 634 1693 810 1747; x_wconf 82' lang='lat' dir='ltr'><strong>frater</strong></span> <span class='ocrx_word' id='word_1_91' title='bbox 855 1694 982 1762; x_wconf 84' lang='lat' dir='ltr'><strong>ejus</strong></span> <span class='ocrx_word' id='word_1_92' title='bbox 1021 1693 1243 1764; x_wconf 88' lang='lat' dir='ltr'><strong>junior,</strong></span> <span class='ocrx_word' id='word_1_93' title='bbox 1293 1710 1426 1748; x_wconf 89' lang='lat' dir='ltr'><strong>cum</strong></span> <span class='ocrx_word' id='word_1_94' title='bbox 1465 1692 1536 1746; x_wconf 89' lang='lat' dir='ltr'><strong>ad</strong></span> <span class='ocrx_word' id='word_1_95' title='bbox 1584 1691 1778 1762; x_wconf 88' lang='lat' dir='ltr'><strong>ipsum</strong></span> <span class='ocrx_word' id='word_1_96' title='bbox 1810 1689 1982 1761; x_wconf 77' lang='lat' dir='ltr'><strong>proli-</strong></span> 
     </span>
    </p>
   </div>
   <div class='ocr_carea' id='block_1_18' title="bbox 345 1780 1984 1850">
    <p class='ocr_par' dir='ltr' id='par_1_18' title="bbox 345 1780 1984 1850">
     <span class='ocr_line' id='line_1_18' title="bbox 345 1780 1984 1850; baseline -0.003 -14"><span class='ocrx_word' id='word_1_97' title='bbox 345 1781 484 1836; x_wconf 88' lang='lat' dir='ltr'><strong>cisci</strong></span> <span class='ocrx_word' id='word_1_98' title='bbox 515 1780 700 1847; x_wconf 86' lang='lat' dir='ltr'><strong>vellet,</strong></span> <span class='ocrx_word' id='word_1_99' title='bbox 736 1797 768 1836; x_wconf 89' lang='lat' dir='ltr'><strong>a</strong></span> <span class='ocrx_word' id='word_1_100' title='bbox 798 1781 1108 1836; x_wconf 88' lang='lat' dir='ltr'><strong>comitibus</strong></span> <span class='ocrx_word' id='word_1_101' title='bbox 1137 1781 1321 1836; x_wconf 78' lang='lat' dir='ltr'><strong>Caroli</strong></span> <span class='ocrx_word' id='word_1_102' title='bbox 1343 1781 1607 1850; x_wconf 84' lang='lat' dir='ltr'><strong>ejusdem</strong></span> <span class='ocrx_word' id='word_1_103' title='bbox 1631 1783 1858 1849; x_wconf 89' lang='lat' dir='ltr'><strong>captus,</strong></span> <span class='ocrx_word' id='word_1_104' title='bbox 1891 1793 1984 1831; x_wconf 94' lang='lat' dir='ltr'><strong>eo-</strong></span> 
     </span>
    </p>
   </div>
   <div class='ocr_carea' id='block_1_19' title="bbox 346 1867 1986 1942">
    <p class='ocr_par' dir='ltr' id='par_1_19' title="bbox 346 1867 1986 1942">
     <span class='ocr_line' id='line_1_19' title="bbox 346 1867 1986 1942; baseline -0.004 -16"><span class='ocrx_word' id='word_1_105' title='bbox 346 1886 460 1942; x_wconf 90' lang='lat' dir='ltr'><strong>que</strong></span> <span class='ocrx_word' id='word_1_106' title='bbox 483 1869 729 1940; x_wconf 88' lang='lat' dir='ltr'><strong>jubente</strong></span> <span class='ocrx_word' id='word_1_107' title='bbox 761 1874 987 1937; x_wconf 90' lang='lat' dir='ltr'><strong>tonsus,</strong></span> <span class='ocrx_word' id='word_1_108' title='bbox 1019 1869 1076 1924; x_wconf 89' lang='lat' dir='ltr'><strong>in</strong></span> <span class='ocrx_word' id='word_1_109' title='bbox 1109 1869 1452 1924; x_wconf 87' lang='lat' dir='ltr'><strong>Corbciense</strong></span> <span class='ocrx_word' id='word_1_110' title='bbox 1485 1867 1816 1922; x_wconf 87' lang='lat' dir='ltr'><strong>ccenobium</strong></span> <span class='ocrx_word' id='word_1_111' title='bbox 1849 1881 1986 1920; x_wconf 86' lang='lat' dir='ltr'><strong>cus-</strong></span> 
     </span>
    </p>
   </div>
   <div class='ocr_carea' id='block_1_20' title="bbox 348 1958 1513 2029">
    <p class='ocr_par' dir='ltr' id='par_1_20' title="bbox 348 1958 1513 2029">
     <span class='ocr_line' id='line_1_20' title="bbox 348 1958 1513 2029; baseline -0.004 -15"><span class='ocrx_word' id='word_1_112' title='bbox 348 1958 514 2014; x_wconf 75' lang='lat' dir='ltr'><strong>todia:</strong></span> <span class='ocrx_word' id='word_1_113' title='bbox 547 1958 796 2014; x_wconf 90' lang='lat' dir='ltr'><strong>traditus</strong></span> <span class='ocrx_word' id='word_1_114' title='bbox 827 1964 913 2013; x_wconf 90' lang='lat' dir='ltr'><strong>est</strong></span> <span class='ocrx_word' id='word_1_115' title='bbox 939 1959 1082 2029; x_wconf 76' lang='grc'>(343)</span> <span class='ocrx_word' id='word_1_116' title='bbox 1125 1959 1324 2012; x_wconf 82' lang='lat' dir='ltr'><strong>Annal.</strong></span> <span class='ocrx_word' id='word_1_117' title='bbox 1360 1958 1513 2012; x_wconf 63' lang='lat' dir='ltr'><strong>Iv‘nld.</strong></span> 
     </span>
    </p>
   </div>
   <div class='ocr_carea' id='block_1_21' title="bbox 413 2044 1984 2119">
    <p class='ocr_par' dir='ltr' id='par_1_21' title="bbox 413 2044 1984 2119">
     <span class='ocr_line' id='line_1_21' title="bbox 413 2044 1984 2119; baseline -0.002 -18"><span class='ocrx_word' id='word_1_118' title='bbox 413 2049 518 2102; x_wconf 76' lang='lat'><strong>852</strong></span> <span class='ocrx_word' id='word_1_119' title='bbox 545 2051 752 2119; x_wconf 82' lang='lat' dir='ltr'><strong>Magna</strong></span> <span class='ocrx_word' id='word_1_120' title='bbox 785 2048 1042 2119; x_wconf 81' lang='lat' dir='ltr'><strong>synodus</strong></span> <span class='ocrx_word' id='word_1_121' title='bbox 1089 2053 1144 2102; x_wconf 89' lang='lat' dir='ltr'><strong>et</strong></span> <span class='ocrx_word' id='word_1_122' title='bbox 1174 2046 1460 2118; x_wconf 79' lang='lat' dir='ltr'><strong>generalis</strong></span> <span class='ocrx_word' id='word_1_123' title='bbox 1501 2050 1819 2099; x_wconf 83' lang='lat' dir='ltr'><strong>conventus</strong></span> <span class='ocrx_word' id='word_1_124' title='bbox 1866 2044 1984 2098; x_wconf 87' lang='lat' dir='ltr'><strong>Mo-</strong></span> 
     </span>
    </p>
   </div>
   <div class='ocr_carea' id='block_1_22' title="bbox 2082 807 3754 878">
    <p class='ocr_par' dir='ltr' id='par_1_22' title="bbox 2082 807 3754 878">
     <span class='ocr_line' id='line_1_22' title="bbox 2082 807 3754 878; baseline 0 -14"><span class='ocrx_word' id='word_1_125' title='bbox 2082 814 2138 864; x_wconf 88' lang='lat' dir='ltr'><strong>et</strong></span> <span class='ocrx_word' id='word_1_126' title='bbox 2171 809 2424 865; x_wconf 85' lang='lat' dir='ltr'><strong>tonitrua</strong></span> <span class='ocrx_word' id='word_1_127' title='bbox 2445 812 2607 866; x_wconf 76' lang='lat' dir='ltr'><strong>facta.</strong></span> <span class='ocrx_word' id='word_1_128' title='bbox 2638 809 2890 865; x_wconf 83' lang='lat' dir='ltr'><strong>Ecclesia</strong></span> <span class='ocrx_word' id='word_1_129' title='bbox 2916 809 3100 865; x_wconf 83' lang='lat' dir='ltr'><strong>sancti</strong></span> <span class='ocrx_word' id='word_1_130' title='bbox 3123 807 3373 864; x_wconf 88' lang='lat' dir='ltr'><strong>Chiliani</strong></span> <span class='ocrx_word' id='word_1_131' title='bbox 3407 807 3754 878; x_wconf 64' lang='lat'><strong>(354)148</strong></span> 
     </span>
    </p>
   </div>
   <div class='ocr_carea' id='block_1_23' title="bbox 2083 894 3758 970">
    <p class='ocr_par' dir='ltr' id='par_1_23' title="bbox 2083 894 3758 970">
     <span class='ocr_line' id='line_1_23' title="bbox 2083 894 3758 970; baseline 0.001 -19"><span class='ocrx_word' id='word_1_132' title='bbox 2083 897 2324 954; x_wconf 84' lang='lat' dir='ltr'><strong>fulmine</strong></span> <span class='ocrx_word' id='word_1_133' title='bbox 2355 904 2612 954; x_wconf 90' lang='lat' dir='ltr'><strong>cremata</strong></span> <span class='ocrx_word' id='word_1_134' title='bbox 2637 899 2784 954; x_wconf 86' lang='lat' dir='ltr'><strong>Non.</strong></span> <span class='ocrx_word' id='word_1_135' title='bbox 2817 897 3000 964; x_wconf 89' lang='lat' dir='ltr'><strong>Junii,</strong></span> <span class='ocrx_word' id='word_1_136' title='bbox 3023 902 3080 953; x_wconf 90' lang='lat' dir='ltr'><strong>et</strong></span> <span class='ocrx_word' id='word_1_137' title='bbox 3100 903 3303 970; x_wconf 88' lang='lat' dir='ltr'><strong>postea</strong></span> <span class='ocrx_word' id='word_1_138' title='bbox 3323 895 3481 952; x_wconf 89' lang='lat' dir='ltr'><strong>muri</strong></span> <span class='ocrx_word' id='word_1_139' title='bbox 3501 894 3758 952; x_wconf 86' lang='lat' dir='ltr'><strong>turbine</strong></span> 
     </span>
    </p>
   </div>
   <div class='ocr_carea' id='block_1_24' title="bbox 2084 984 3754 1058">
    <p class='ocr_par' dir='ltr' id='par_1_24' title="bbox 2084 984 3754 1058">
     <span class='ocr_line' id='line_1_24' title="bbox 2084 984 3754 1058; baseline -0.001 -17"><span class='ocrx_word' id='word_1_140' title='bbox 2084 987 2259 1041; x_wconf 90' lang='lat' dir='ltr'><strong>diruti</strong></span> <span class='ocrx_word' id='word_1_141' title='bbox 2291 992 2449 1042; x_wconf 89' lang='lat' dir='ltr'><strong>sunt.</strong></span> <span class='ocrx_word' id='word_1_142' title='bbox 2483 986 2811 1058; x_wconf 88' lang='lat' dir='ltr'><strong>Gozpaldus</strong></span> <span class='ocrx_word' id='word_1_143' title='bbox 2834 986 3019 1058; x_wconf 85' lang='lat' dir='ltr'><strong>ipsius</strong></span> <span class='ocrx_word' id='word_1_144' title='bbox 3050 985 3214 1041; x_wconf 92' lang='lat' dir='ltr'><strong>urbis</strong></span> <span class='ocrx_word' id='word_1_145' title='bbox 3230 985 3551 1058; x_wconf 88' lang='lat' dir='ltr'><strong>episcopus</strong></span> <span class='ocrx_word' id='word_1_146' title='bbox 3575 984 3754 1052; x_wconf 88' lang='lat' dir='ltr'><strong>obiit,</strong></span> 
     </span>
    </p>
   </div>
   <div class='ocr_carea' id='block_1_25' title="bbox 2085 1073 3760 1133">
    <p class='ocr_par' dir='ltr' id='par_1_25' title="bbox 2085 1073 3760 1133">
     <span class='ocr_line' id='line_1_25' title="bbox 2085 1073 3760 1133; baseline 0 -3"><span class='ocrx_word' id='word_1_147' title='bbox 2085 1077 2177 1130; x_wconf 91' lang='lat' dir='ltr'><strong>cui</strong></span> <span class='ocrx_word' id='word_1_148' title='bbox 2208 1079 2400 1133; x_wconf 85' lang='lat' dir='ltr'><strong>Arnus</strong></span> <span class='ocrx_word' id='word_1_149' title='bbox 2427 1076 2730 1132; x_wconf 85' lang='lat' dir='ltr'><strong>successit.</strong></span> <span class='ocrx_word' id='word_1_150' title='bbox 2756 1073 2961 1131; x_wconf 82' lang='lat' dir='ltr'><strong>Annal.</strong></span> <span class='ocrx_word' id='word_1_151' title='bbox 2999 1074 3164 1130; x_wconf 84' lang='lat' dir='ltr'><strong>Fuld.</strong></span> <span class='ocrx_word' id='word_1_152' title='bbox 3188 1105 3255 1116; x_wconf 90' lang='lat'>-</span> <span class='ocrx_word' id='word_1_153' title='bbox 3279 1074 3619 1131; x_wconf 79' lang='lat' dir='ltr'><strong>Ludovicus</strong></span> <span class='ocrx_word' id='word_1_154' title='bbox 3651 1090 3760 1130; x_wconf 78' lang='lat' dir='ltr'><strong>rex</strong></span> 
     </span>
    </p>
   </div>
   <div class='ocr_carea' id='block_1_26' title="bbox 2090 1163 3756 1237">
    <p class='ocr_par' dir='ltr' id='par_1_26' title="bbox 2090 1163 3756 1237">
     <span class='ocr_line' id='line_1_26' title="bbox 2090 1163 3756 1237; baseline -0.001 -17"><span class='ocrx_word' id='word_1_155' title='bbox 2090 1167 2354 1221; x_wconf 81' lang='lat' dir='ltr'><strong>Raslizen</strong></span> <span class='ocrx_word' id='word_1_156' title='bbox 2387 1167 2594 1221; x_wconf 90' lang='lat' dir='ltr'><strong>ducem</strong></span> <span class='ocrx_word' id='word_1_157' title='bbox 2640 1163 3075 1220; x_wconf 88' lang='lat' dir='ltr'><strong>Marahensium</strong></span> <span class='ocrx_word' id='word_1_158' title='bbox 3118 1163 3456 1220; x_wconf 86' lang='lat' dir='ltr'><strong>Sclavorum</strong></span> <span class='ocrx_word' id='word_1_159' title='bbox 3509 1167 3756 1237; x_wconf 83' lang='lat' dir='ltr'><strong>petens,</strong></span> 
     </span>
    </p>
   </div>
   <div class='ocr_carea' id='block_1_27' title="bbox 2087 1251 3759 1326">
    <p class='ocr_par' dir='ltr' id='par_1_27' title="bbox 2087 1251 3759 1326">
     <span class='ocr_line' id='line_1_27' title="bbox 2087 1251 3759 1326; baseline -0.001 -17"><span class='ocrx_word' id='word_1_160' title='bbox 2087 1259 2310 1311; x_wconf 84' lang='lat' dir='ltr'><strong>vastata</strong></span> <span class='ocrx_word' id='word_1_161' title='bbox 2338 1273 2405 1310; x_wconf 83' lang='lat' dir='ltr'><strong>ex</strong></span> <span class='ocrx_word' id='word_1_162' title='bbox 2436 1260 2597 1326; x_wconf 88' lang='lat' dir='ltr'><strong>parte</strong></span> <span class='ocrx_word' id='word_1_163' title='bbox 2626 1253 2879 1325; x_wconf 87' lang='lat' dir='ltr'><strong>regione,</strong></span> <span class='ocrx_word' id='word_1_164' title='bbox 2918 1252 3239 1324; x_wconf 85' lang='lat' dir='ltr'><strong>subjugare</strong></span> <span class='ocrx_word' id='word_1_165' title='bbox 3281 1251 3596 1325; x_wconf 86' lang='lat' dir='ltr'><strong>nequivit:</strong></span> <span class='ocrx_word' id='word_1_166' title='bbox 3633 1269 3759 1325; x_wconf 88' lang='lat' dir='ltr'><strong>quo</strong></span> 
     </span>
    </p>
   </div>
   <div class='ocr_carea' id='block_1_28' title="bbox 2089 1340 3759 1414">
    <p class='ocr_par' dir='ltr' id='par_1_28' title="bbox 2089 1340 3759 1414">
     <span class='ocr_line' id='line_1_28' title="bbox 2089 1340 3759 1414; baseline -0.001 -17"><span class='ocrx_word' id='word_1_167' title='bbox 2089 1361 2336 1411; x_wconf 87' lang='lat' dir='ltr'><strong>reverso,</strong></span> <span class='ocrx_word' id='word_1_168' title='bbox 2372 1343 2746 1398; x_wconf 88' lang='lat' dir='ltr'><strong>Marahenses</strong></span> <span class='ocrx_word' id='word_1_169' title='bbox 2777 1340 2983 1409; x_wconf 87' lang='lat' dir='ltr'><strong>secuti,</strong></span> <span class='ocrx_word' id='word_1_170' title='bbox 3031 1341 3307 1414; x_wconf 89' lang='lat' dir='ltr'><strong>contigua</strong></span> <span class='ocrx_word' id='word_1_171' title='bbox 3343 1345 3512 1398; x_wconf 86' lang='lat' dir='ltr'><strong>trans</strong></span> <span class='ocrx_word' id='word_1_172' title='bbox 3543 1341 3759 1398; x_wconf 85' lang='lat' dir='ltr'><strong>Danu-</strong></span> 
     </span>
    </p>
   </div>
   <div class='ocr_carea' id='block_1_29' title="bbox 2089 1429 3761 1502">
    <p class='ocr_par' dir='ltr' id='par_1_29' title="bbox 2089 1429 3761 1502">
     <span class='ocr_line' id='line_1_29' title="bbox 2089 1429 3761 1502; baseline 0.001 -16"><span class='ocrx_word' id='word_1_173' title='bbox 2089 1433 2252 1487; x_wconf 89' lang='lat' dir='ltr'><strong>bium</strong></span> <span class='ocrx_word' id='word_1_174' title='bbox 2302 1431 2426 1486; x_wconf 91' lang='lat' dir='ltr'><strong>loca</strong></span> <span class='ocrx_word' id='word_1_175' title='bbox 2475 1434 2722 1486; x_wconf 80' lang='lat' dir='ltr'><strong>vastant.</strong></span> <span class='ocrx_word' id='word_1_176' title='bbox 2785 1429 3092 1501; x_wconf 80' lang='lat' dir='ltr'><strong>Lotharius</strong></span> <span class='ocrx_word' id='word_1_177' title='bbox 3156 1429 3480 1502; x_wconf 83' lang='lat' dir='ltr'><strong>imperator</strong></span> <span class='ocrx_word' id='word_1_178' title='bbox 3539 1430 3761 1488; x_wconf 86' lang='lat' dir='ltr'><strong>relicto</strong></span> 
     </span>
    </p>
   </div>
   <div class='ocr_carea' id='block_1_30' title="bbox 2092 1517 3760 1592">
    <p class='ocr_par' dir='ltr' id='par_1_30' title="bbox 2092 1517 3760 1592">
     <span class='ocr_line' id='line_1_30' title="bbox 2092 1517 3760 1592; baseline 0 -16"><span class='ocrx_word' id='word_1_179' title='bbox 2092 1522 2310 1576; x_wconf 89' lang='lat' dir='ltr'><strong>mundo</strong></span> <span class='ocrx_word' id='word_1_180' title='bbox 2343 1520 2642 1592; x_wconf 86' lang='lat' dir='ltr'><strong>divisoque</strong></span> <span class='ocrx_word' id='word_1_181' title='bbox 2675 1519 2824 1574; x_wconf 91' lang='lat' dir='ltr'><strong>inter</strong></span> <span class='ocrx_word' id='word_1_182' title='bbox 2853 1517 3004 1574; x_wconf 85' lang='lat' dir='ltr'><strong>ﬁlios</strong></span> <span class='ocrx_word' id='word_1_183' title='bbox 3035 1534 3236 1590; x_wconf 89' lang='lat' dir='ltr'><strong>regno,</strong></span> <span class='ocrx_word' id='word_1_184' title='bbox 3279 1519 3656 1576; x_wconf 85' lang='lat' dir='ltr'><strong>monachum</strong></span> <span class='ocrx_word' id='word_1_185' title='bbox 3691 1535 3760 1576; x_wconf 84' lang='lat' dir='ltr'><strong>se</strong></span> 
     </span>
    </p>
   </div>
   <div class='ocr_carea' id='block_1_31' title="bbox 2093 1605 3759 1678">
    <p class='ocr_par' dir='ltr' id='par_1_31' title="bbox 2093 1605 3759 1678">
     <span class='ocr_line' id='line_1_31' title="bbox 2093 1605 3759 1678; baseline 0 -14"><span class='ocrx_word' id='word_1_186' title='bbox 2093 1609 2336 1664; x_wconf 78' lang='lat' dir='ltr'><strong>Prumiae</strong></span> <span class='ocrx_word' id='word_1_187' title='bbox 2372 1608 2522 1676; x_wconf 85' lang='lat' dir='ltr'><strong>fecit,</strong></span> <span class='ocrx_word' id='word_1_188' title='bbox 2551 1613 2608 1662; x_wconf 91' lang='lat' dir='ltr'><strong>et</strong></span> <span class='ocrx_word' id='word_1_189' title='bbox 2636 1624 2752 1662; x_wconf 92' lang='lat' dir='ltr'><strong>non</strong></span> <span class='ocrx_word' id='word_1_190' title='bbox 2786 1605 2970 1661; x_wconf 90' lang='lat' dir='ltr'><strong>multo</strong></span> <span class='ocrx_word' id='word_1_191' title='bbox 3012 1611 3144 1678; x_wconf 89' lang='lat' dir='ltr'><strong>post</strong></span> <span class='ocrx_word' id='word_1_192' title='bbox 3173 1621 3238 1663; x_wconf 84' lang='grc' dir='ltr'><strong>ιιι</strong></span> <span class='ocrx_word' id='word_1_193' title='bbox 3268 1605 3394 1664; x_wconf 85' lang='lat' dir='ltr'><strong>Kal.</strong></span> <span class='ocrx_word' id='word_1_194' title='bbox 3425 1607 3648 1664; x_wconf 87' lang='lat' dir='ltr'><strong>Octob.</strong></span> <span class='ocrx_word' id='word_1_195' title='bbox 3683 1608 3759 1664; x_wconf 84' lang='lat' dir='ltr'><strong>ad</strong></span> 
     </span>
    </p>
   </div>
   <div class='ocr_carea' id='block_1_32' title="bbox 2093 1695 3763 1769">
    <p class='ocr_par' dir='ltr' id='par_1_32' title="bbox 2093 1695 3763 1769">
     <span class='ocr_line' id='line_1_32' title="bbox 2093 1695 3763 1769; baseline 0.001 -17"><span class='ocrx_word' id='word_1_196' title='bbox 2093 1714 2338 1769; x_wconf 84' lang='lat' dir='ltr'><strong>regnum</strong></span> <span class='ocrx_word' id='word_1_197' title='bbox 2369 1697 2601 1752; x_wconf 64' lang='lat' dir='ltr'><strong>caeleste</strong></span> <span class='ocrx_word' id='word_1_198' title='bbox 2631 1695 2917 1768; x_wconf 83' lang='lat' dir='ltr'><strong>migravit.</strong></span> <span class='ocrx_word' id='word_1_199' title='bbox 2951 1695 3088 1751; x_wconf 89' lang='lat' dir='ltr'><strong>Post</strong></span> <span class='ocrx_word' id='word_1_200' title='bbox 3131 1712 3306 1768; x_wconf 88' lang='lat' dir='ltr'><strong>quem</strong></span> <span class='ocrx_word' id='word_1_201' title='bbox 3336 1695 3444 1752; x_wconf 83' lang='lat' dir='ltr'><strong>ﬁlii</strong></span> <span class='ocrx_word' id='word_1_202' title='bbox 3471 1698 3613 1768; x_wconf 85' lang='lat' dir='ltr'><strong>ejus</strong></span> <span class='ocrx_word' id='word_1_203' title='bbox 3645 1697 3763 1753; x_wconf 88' lang='lat' dir='ltr'><strong>Lu-</strong></span> 
     </span>
    </p>
   </div>
   <div class='ocr_carea' id='block_1_33' title="bbox 2095 1783 3762 1860">
    <p class='ocr_par' dir='ltr' id='par_1_33' title="bbox 2095 1783 3762 1860">
     <span class='ocr_line' id='line_1_33' title="bbox 2095 1783 3762 1860; baseline 0.001 -19"><span class='ocrx_word' id='word_1_204' title='bbox 2095 1787 2331 1842; x_wconf 84' lang='lat' dir='ltr'><strong>dovicus</strong></span> <span class='ocrx_word' id='word_1_205' title='bbox 2361 1785 2678 1857; x_wconf 89' lang='lat' dir='ltr'><strong>imperator</strong></span> <span class='ocrx_word' id='word_1_206' title='bbox 2710 1783 2959 1852; x_wconf 86' lang='lat' dir='ltr'><strong>Italiam,</strong></span> <span class='ocrx_word' id='word_1_207' title='bbox 2989 1790 3047 1840; x_wconf 89' lang='lat' dir='ltr'><strong>et</strong></span> <span class='ocrx_word' id='word_1_208' title='bbox 3073 1783 3382 1842; x_wconf 87' lang='lat' dir='ltr'><strong>Lotharius</strong></span> <span class='ocrx_word' id='word_1_209' title='bbox 3410 1785 3762 1860; x_wconf 76' lang='lat' dir='ltr'><strong>Cisalpinae</strong></span> 
     </span>
    </p>
   </div>
   <div class='ocr_carea' id='block_1_34' title="bbox 2097 1872 3761 1948">
    <p class='ocr_par' dir='ltr' id='par_1_34' title="bbox 2097 1872 3761 1948">
     <span class='ocr_line' id='line_1_34' title="bbox 2097 1872 3761 1948; baseline 0.001 -18"><span class='ocrx_word' id='word_1_210' title='bbox 2097 1880 2289 1947; x_wconf 90' lang='lat' dir='ltr'><strong>partes</strong></span> <span class='ocrx_word' id='word_1_211' title='bbox 2319 1873 2479 1946; x_wconf 87' lang='lat' dir='ltr'><strong>regni</strong></span> <span class='ocrx_word' id='word_1_212' title='bbox 2504 1877 2760 1928; x_wconf 88' lang='lat' dir='ltr'><strong>tenuere.</strong></span> <span class='ocrx_word' id='word_1_213' title='bbox 2806 1872 3050 1946; x_wconf 87' lang='lat' dir='ltr'><strong>lgniculi</strong></span> <span class='ocrx_word' id='word_1_214' title='bbox 3083 1872 3270 1930; x_wconf 88' lang='lat' dir='ltr'><strong>crebri</strong></span> <span class='ocrx_word' id='word_1_215' title='bbox 3309 1873 3503 1930; x_wconf 86' lang='lat' dir='ltr'><strong>instar</strong></span> <span class='ocrx_word' id='word_1_216' title='bbox 3541 1875 3761 1948; x_wconf 86' lang='lat' dir='ltr'><strong>spicu—</strong></span> 
     </span>
    </p>
   </div>
   <div class='ocr_carea' id='block_1_35' title="bbox 2097 1962 3761 2034">
    <p class='ocr_par' dir='ltr' id='par_1_35' title="bbox 2097 1962 3761 2034">
     <span class='ocr_line' id='line_1_35' title="bbox 2097 1962 3761 2034; baseline 0.001 -16"><span class='ocrx_word' id='word_1_217' title='bbox 2097 1965 2283 2018; x_wconf 88' lang='lat' dir='ltr'><strong>lorum</strong></span> <span class='ocrx_word' id='word_1_218' title='bbox 2317 1964 2386 2017; x_wconf 88' lang='lat' dir='ltr'><strong>ab</strong></span> <span class='ocrx_word' id='word_1_219' title='bbox 2419 1962 2649 2018; x_wconf 90' lang='lat' dir='ltr'><strong>Oriente</strong></span> <span class='ocrx_word' id='word_1_220' title='bbox 2676 1962 2731 2016; x_wconf 83' lang='lat' dir='ltr'><strong>in</strong></span> <span class='ocrx_word' id='word_1_221' title='bbox 2764 1962 3132 2018; x_wconf 88' lang='lat' dir='ltr'><strong>Occidentem</strong></span> <span class='ocrx_word' id='word_1_222' title='bbox 3164 1978 3268 2034; x_wconf 90' lang='lat' dir='ltr'><strong>per</strong></span> <span class='ocrx_word' id='word_1_223' title='bbox 3296 1979 3433 2019; x_wconf 89' lang='lat' dir='ltr'><strong>aera</strong></span> <span class='ocrx_word' id='word_1_224' title='bbox 3469 1963 3618 2020; x_wconf 82' lang='lat' dir='ltr'><strong>ferri</strong></span> <span class='ocrx_word' id='word_1_225' title='bbox 3660 1981 3761 2022; x_wconf 77' lang='lat' dir='ltr'><strong>xvr</strong></span> 
     </span>
    </p>
   </div>
   <div class='ocr_carea' id='block_1_36' title="bbox 2100 2050 3752 2122">
    <p class='ocr_par' dir='ltr' id='par_1_36' title="bbox 2100 2050 3752 2122">
     <span class='ocr_line' id='line_1_36' title="bbox 2100 2050 3752 2122; baseline 0.002 -16"><span class='ocrx_word' id='word_1_226' title='bbox 2100 2051 2219 2106; x_wconf 83' lang='lat' dir='ltr'><strong>Kal.</strong></span> <span class='ocrx_word' id='word_1_227' title='bbox 2255 2052 2526 2106; x_wconf 75' lang='lat' dir='ltr'><strong>Novemb.</strong></span> <span class='ocrx_word' id='word_1_228' title='bbox 2565 2067 2664 2122; x_wconf 90' lang='lat' dir='ltr'><strong>per</strong></span> <span class='ocrx_word' id='word_1_229' title='bbox 2705 2055 2882 2105; x_wconf 90' lang='lat' dir='ltr'><strong>totam</strong></span> <span class='ocrx_word' id='word_1_230' title='bbox 2913 2055 3141 2106; x_wconf 88' lang='lat' dir='ltr'><strong>noctem</strong></span> <span class='ocrx_word' id='word_1_231' title='bbox 3163 2050 3292 2106; x_wconf 91' lang='lat' dir='ltr'><strong>visi.</strong></span> <span class='ocrx_word' id='word_1_232' title='bbox 3339 2053 3543 2109; x_wconf 80' lang='lat' dir='ltr'><strong>Annal.</strong></span> <span class='ocrx_word' id='word_1_233' title='bbox 3583 2053 3752 2108; x_wconf 81' lang='lat' dir='ltr'><strong>Fuld.</strong></span> 
     </span>
    </p>
   </div>
   <div class='ocr_carea' id='block_1_37' title="bbox 347 2132 2306 2210">
    <p class='ocr_par' dir='ltr' id='par_1_37' title="bbox 347 2132 2306 2210">
     <span class='ocr_line' id='line_1_37' title="bbox 347 2132 2306 2210; baseline -0.003 -18"><span class='ocrx_word' id='word_1_234' title='bbox 347 2136 602 2210; x_wconf 84' lang='lat' dir='ltr'><strong>guntiaci</strong></span> <span class='ocrx_word' id='word_1_235' title='bbox 626 2153 660 2190; x_wconf 89' lang='lat' dir='ltr'><strong>a</strong></span> <span class='ocrx_word' id='word_1_236' title='bbox 690 2135 970 2192; x_wconf 85' lang='lat' dir='ltr'><strong>Rhabano</strong></span> <span class='ocrx_word' id='word_1_237' title='bbox 1001 2135 1436 2207; x_wconf 85' lang='lat' dir='ltr'><strong>archiepiscopo</strong></span> <span class='ocrx_word' id='word_1_238' title='bbox 1466 2140 1521 2188; x_wconf 88' lang='lat' dir='ltr'><strong>et</strong></span> <span class='ocrx_word' id='word_1_239' title='bbox 1544 2132 1824 2188; x_wconf 85' lang='lat' dir='ltr'><strong>Ludovico</strong></span> <span class='ocrx_word' id='word_1_240' title='bbox 1858 2147 1992 2202; x_wconf 86' lang='lat' dir='ltr'><strong>rege</strong></span> <span class='ocrx_word' id='word_1_241' title='bbox 2025 2132 2066 2155; x_wconf 74' lang='grc' dir='ltr'><strong>ι’</strong></span> <span class='ocrx_word' id='word_1_242' title='bbox 2100 2143 2306 2196; x_wconf 71' lang='lat' dir='ltr'><strong>Berlin.</strong></span> 
     </span>
    </p>
   </div>
   <div class='ocr_carea' id='block_1_38' title="bbox 347 2221 1987 2294">
    <p class='ocr_par' dir='ltr' id='par_1_38' title="bbox 347 2221 1987 2294">
     <span class='ocr_line' id='line_1_38' title="bbox 347 2221 1987 2294; baseline -0.004 -14"><span class='ocrx_word' id='word_1_243' title='bbox 347 2225 605 2292; x_wconf 85' lang='lat' dir='ltr'><strong>habitus,</strong></span> <span class='ocrx_word' id='word_1_244' title='bbox 638 2223 940 2294; x_wconf 90' lang='lat' dir='ltr'><strong>multaque</strong></span> <span class='ocrx_word' id='word_1_245' title='bbox 971 2228 1225 2278; x_wconf 84' lang='lat' dir='ltr'><strong>correcta</strong></span> <span class='ocrx_word' id='word_1_246' title='bbox 1256 2228 1412 2277; x_wconf 87' lang='lat' dir='ltr'><strong>sunt.</strong></span> <span class='ocrx_word' id='word_1_247' title='bbox 1451 2225 1606 2278; x_wconf 83' lang='lat' dir='ltr'><strong>Cone.</strong></span> <span class='ocrx_word' id='word_1_248' title='bbox 1643 2221 1816 2275; x_wconf 82' lang='lat' dir='ltr'><strong>Germ.</strong></span> <span class='ocrx_word' id='word_1_249' title='bbox 1850 2228 1886 2276; x_wconf 88' lang='lat' dir='ltr'><strong>t.</strong></span> <span class='ocrx_word' id='word_1_250' title='bbox 1924 2221 1987 2286; x_wconf 87' lang='lat' dir='ltr'><strong>II,</strong></span> 
     </span>
    </p>
   </div>
   <div class='ocr_carea' id='block_1_39' title="bbox 347 2309 1988 2384">
    <p class='ocr_par' dir='ltr' id='par_1_39' title="bbox 347 2309 1988 2384">
     <span class='ocr_line' id='line_1_39' title="bbox 347 2309 1988 2384; baseline -0.004 -17"><span class='ocrx_word' id='word_1_251' title='bbox 347 2331 402 2384; x_wconf 86' lang='lat' dir='ltr'><strong>p.</strong></span> <span class='ocrx_word' id='word_1_252' title='bbox 437 2315 558 2367; x_wconf 77' lang='grc'>165.</span> <span class='ocrx_word' id='word_1_253' title='bbox 590 2343 655 2352; x_wconf 90' lang='grc'><strong><em>-</em></strong></span> <span class='ocrx_word' id='word_1_254' title='bbox 687 2312 992 2366; x_wconf 86' lang='lat' dir='ltr'><strong>Herioldus</strong></span> <span class='ocrx_word' id='word_1_255' title='bbox 1013 2312 1412 2366; x_wconf 87' lang='lat' dir='ltr'><strong>Nortmannus</strong></span> <span class='ocrx_word' id='word_1_256' title='bbox 1444 2311 1540 2364; x_wconf 92' lang='lat' dir='ltr'><strong>diu</strong></span> <span class='ocrx_word' id='word_1_257' title='bbox 1566 2312 1712 2364; x_wconf 87' lang='lat' dir='ltr'><strong>bene</strong></span> <span class='ocrx_word' id='word_1_258' title='bbox 1743 2327 1775 2363; x_wconf 87' lang='lat' dir='ltr'><strong>a</strong></span> <span class='ocrx_word' id='word_1_259' title='bbox 1805 2309 1988 2362; x_wconf 86' lang='lat' dir='ltr'><strong>Ludo-</strong></span> 
     </span>
    </p>
   </div>
   <div class='ocr_carea' id='block_1_40' title="bbox 347 2398 1987 2472">
    <p class='ocr_par' dir='ltr' id='par_1_40' title="bbox 347 2398 1987 2472">
     <span class='ocr_line' id='line_1_40' title="bbox 347 2398 1987 2472; baseline -0.004 -16"><span class='ocrx_word' id='word_1_260' title='bbox 347 2401 472 2456; x_wconf 89' lang='lat' dir='ltr'><strong>vico</strong></span> <span class='ocrx_word' id='word_1_261' title='bbox 502 2405 804 2466; x_wconf 85' lang='lat' dir='ltr'><strong>tractatus,</strong></span> <span class='ocrx_word' id='word_1_262' title='bbox 837 2401 1166 2472; x_wconf 88' lang='lat' dir='ltr'><strong>suspicione</strong></span> <span class='ocrx_word' id='word_1_263' title='bbox 1192 2399 1537 2470; x_wconf 77' lang='lat' dir='ltr'><strong>proditionis</strong></span> <span class='ocrx_word' id='word_1_264' title='bbox 1569 2417 1599 2452; x_wconf 88' lang='lat' dir='ltr'><strong>a</strong></span> <span class='ocrx_word' id='word_1_265' title='bbox 1633 2398 1987 2469; x_wconf 82' lang='lat' dir='ltr'><strong>quibusdam</strong></span> 
     </span>
    </p>
   </div>
   <div class='ocr_carea' id='block_1_41' title="bbox 349 2484 1990 2558">
    <p class='ocr_par' dir='ltr' id='par_1_41' title="bbox 349 2484 1990 2558">
     <span class='ocr_line' id='line_1_41' title="bbox 349 2484 1990 2558; baseline -0.004 -13"><span class='ocrx_word' id='word_1_266' title='bbox 349 2489 588 2545; x_wconf 82' lang='lat' dir='ltr'><strong>Francis</strong></span> <span class='ocrx_word' id='word_1_267' title='bbox 619 2489 946 2558; x_wconf 72' lang='lat' dir='ltr'><strong>perimitur.</strong></span> <span class='ocrx_word' id='word_1_268' title='bbox 983 2490 1160 2542; x_wconf 85' lang='lat' dir='ltr'><strong>Annal</strong></span> <span class='ocrx_word' id='word_1_269' title='bbox 1192 2488 1349 2542; x_wconf 66' lang='lat' dir='ltr'><strong>Falli.</strong></span> <span class='ocrx_word' id='word_1_270' title='bbox 1377 2517 1443 2528; x_wconf 95' lang='lat'><strong>—</strong></span> <span class='ocrx_word' id='word_1_271' title='bbox 1479 2486 1783 2541; x_wconf 84' lang='lat' dir='ltr'><strong>’l‘ranslato</strong></span> <span class='ocrx_word' id='word_1_272' title='bbox 1805 2484 1990 2540; x_wconf 84' lang='lat' dir='ltr'><strong>sancti</strong></span> 
     </span>
    </p>
   </div>
   <div class='ocr_carea' id='block_1_42' title="bbox 350 2575 1989 2649">
    <p class='ocr_par' dir='ltr' id='par_1_42' title="bbox 350 2575 1989 2649">
     <span class='ocr_line' id='line_1_42' title="bbox 350 2575 1989 2649; baseline -0.003 -15"><span class='ocrx_word' id='word_1_273' title='bbox 350 2576 597 2649; x_wconf 85' lang='lat' dir='ltr'><strong>Remigii</strong></span> <span class='ocrx_word' id='word_1_274' title='bbox 631 2577 941 2632; x_wconf 82' lang='lat' dir='ltr'><strong>Remorum</strong></span> <span class='ocrx_word' id='word_1_275' title='bbox 975 2577 1483 2649; x_wconf 87' lang='lat' dir='ltr'><strong>archiepiscopiab</strong></span> <span class='ocrx_word' id='word_1_276' title='bbox 1508 2576 1816 2630; x_wconf 88' lang='lat' dir='ltr'><strong>llincmaro</strong></span> <span class='ocrx_word' id='word_1_277' title='bbox 1835 2575 1989 2643; x_wconf 87' lang='lat' dir='ltr'><strong>ejus-</strong></span> 
     </span>
    </p>
   </div>
   <div class='ocr_carea' id='block_1_43' title="bbox 353 2663 1987 2738">
    <p class='ocr_par' dir='ltr' id='par_1_43' title="bbox 353 2663 1987 2738">
     <span class='ocr_line' id='line_1_43' title="bbox 353 2663 1987 2738; baseline -0.005 -15"><span class='ocrx_word' id='word_1_278' title='bbox 353 2667 487 2723; x_wconf 87' lang='lat' dir='ltr'><strong>dem</strong></span> <span class='ocrx_word' id='word_1_279' title='bbox 546 2665 709 2721; x_wconf 88' lang='lat' dir='ltr'><strong>urbis</strong></span> <span class='ocrx_word' id='word_1_280' title='bbox 739 2665 1176 2738; x_wconf 84' lang='lat' dir='ltr'><strong>archiepiscopo</strong></span> <span class='ocrx_word' id='word_1_281' title='bbox 1224 2667 1497 2721; x_wconf 83' lang='lat' dir='ltr'><strong>Kalendis</strong></span> <span class='ocrx_word' id='word_1_282' title='bbox 1553 2664 1754 2719; x_wconf 89' lang='lat' dir='ltr'><strong>Octob.</strong></span> <span class='ocrx_word' id='word_1_283' title='bbox 1816 2663 1987 2717; x_wconf 81' lang='lat' dir='ltr'><strong>facta.</strong></span> 
     </span>
    </p>
   </div>
   <div class='ocr_carea' id='block_1_44' title="bbox 355 2755 984 2818">
    <p class='ocr_par' dir='ltr' id='par_1_44' title="bbox 355 2755 984 2818">
     <span class='ocr_line' id='line_1_44' title="bbox 355 2755 984 2818; baseline -0.002 -8"><span class='ocrx_word' id='word_1_284' title='bbox 355 2756 489 2812; x_wconf 86' lang='lat' dir='ltr'><strong>Boll.</strong></span> <span class='ocrx_word' id='word_1_285' title='bbox 520 2763 557 2810; x_wconf 88' lang='lat' dir='ltr'><strong>t.</strong></span> <span class='ocrx_word' id='word_1_286' title='bbox 589 2759 638 2818; x_wconf 85' lang='grc' dir='ltr'><strong>Ι,</strong></span> <span class='ocrx_word' id='word_1_287' title='bbox 675 2755 783 2810; x_wconf 80' lang='lat' dir='ltr'><strong>Oct.</strong></span> <span class='ocrx_word' id='word_1_288' title='bbox 816 2755 904 2810; x_wconf 87' lang='lat' dir='ltr'><strong>die</strong></span> <span class='ocrx_word' id='word_1_289' title='bbox 937 2756 984 2809; x_wconf 94' lang='grc'><strong>1.</strong></span> 
     </span>
    </p>
   </div>
   <div class='ocr_carea' id='block_1_45' title="bbox 417 2838 1992 2916">
    <p class='ocr_par' dir='ltr' id='par_1_45' title="bbox 417 2838 1992 2916">
     <span class='ocr_line' id='line_1_45' title="bbox 417 2838 1992 2916; baseline -0.003 -16"><span class='ocrx_word' id='word_1_290' title='bbox 417 2846 523 2899; x_wconf 87' lang='grc'>853</span> <span class='ocrx_word' id='word_1_291' title='bbox 567 2843 910 2900; x_wconf 86' lang='lat' dir='ltr'><strong>Nortmanni</strong></span> <span class='ocrx_word' id='word_1_292' title='bbox 943 2860 1044 2916; x_wconf 89' lang='lat' dir='ltr'><strong>per</strong></span> <span class='ocrx_word' id='word_1_293' title='bbox 1081 2842 1326 2913; x_wconf 82' lang='lat' dir='ltr'><strong>Ligerim</strong></span> <span class='ocrx_word' id='word_1_294' title='bbox 1373 2842 1750 2896; x_wconf 87' lang='lat' dir='ltr'><strong>ascendentes</strong></span> <span class='ocrx_word' id='word_1_295' title='bbox 1783 2844 1838 2895; x_wconf 91' lang='lat' dir='ltr'><strong>et</strong></span> <span class='ocrx_word' id='word_1_296' title='bbox 1865 2838 1992 2895; x_wconf 87' lang='lat' dir='ltr'><strong>Gal-</strong></span> 
     </span>
    </p>
   </div>
   <div class='ocr_carea' id='block_1_46' title="bbox 349 2927 1990 3002">
    <p class='ocr_par' dir='ltr' id='par_1_46' title="bbox 349 2927 1990 3002">
     <span class='ocr_line' id='line_1_46' title="bbox 349 2927 1990 3002; baseline -0.005 -13"><span class='ocrx_word' id='word_1_297' title='bbox 349 2933 460 2989; x_wconf 89' lang='lat' dir='ltr'><strong>lias</strong></span> <span class='ocrx_word' id='word_1_298' title='bbox 487 2936 804 2998; x_wconf 86' lang='lat' dir='ltr'><strong>vastantes,</strong></span> <span class='ocrx_word' id='word_1_299' title='bbox 828 2933 1130 2987; x_wconf 89' lang='lat' dir='ltr'><strong>basilicam</strong></span> <span class='ocrx_word' id='word_1_300' title='bbox 1154 2947 1386 3002; x_wconf 88' lang='lat' dir='ltr'><strong>quoque</strong></span> <span class='ocrx_word' id='word_1_301' title='bbox 1407 2930 1590 2985; x_wconf 84' lang='lat' dir='ltr'><strong>sancti</strong></span> <span class='ocrx_word' id='word_1_302' title='bbox 1623 2927 1851 2983; x_wconf 85' lang='lat' dir='ltr'><strong>Martini</strong></span> <span class='ocrx_word' id='word_1_303' title='bbox 1874 2929 1990 2982; x_wconf 90' lang='lat' dir='ltr'><strong>Tu-</strong></span> 
     </span>
    </p>
   </div>
   <div class='ocr_carea' id='block_1_47' title="bbox 355 3017 1989 3090">
    <p class='ocr_par' dir='ltr' id='par_1_47' title="bbox 355 3017 1989 3090">
     <span class='ocr_line' id='line_1_47' title="bbox 355 3017 1989 3090; baseline -0.004 -14"><span class='ocrx_word' id='word_1_304' title='bbox 355 3021 516 3076; x_wconf 89' lang='lat' dir='ltr'><strong>ronis</strong></span> <span class='ocrx_word' id='word_1_305' title='bbox 553 3020 894 3074; x_wconf 89' lang='lat' dir='ltr'><strong>incendunt.</strong></span> <span class='ocrx_word' id='word_1_306' title='bbox 939 3020 1215 3090; x_wconf 82' lang='lat' dir='ltr'><strong>Aquitani</strong></span> <span class='ocrx_word' id='word_1_307' title='bbox 1259 3019 1444 3074; x_wconf 87' lang='lat' dir='ltr'><strong>Caroli</strong></span> <span class='ocrx_word' id='word_1_308' title='bbox 1497 3017 1740 3088; x_wconf 87' lang='lat' dir='ltr'><strong>injurias</strong></span> <span class='ocrx_word' id='word_1_309' title='bbox 1775 3017 1989 3088; x_wconf 85' lang='lat' dir='ltr'><strong>questi,</strong></span> 
     </span>
    </p>
   </div>
   <div class='ocr_carea' id='block_1_48' title="bbox 357 3106 1992 3180">
    <p class='ocr_par' dir='ltr' id='par_1_48' title="bbox 357 3106 1992 3180">
     <span class='ocr_line' id='line_1_48' title="bbox 357 3106 1992 3180; baseline -0.003 -15"><span class='ocrx_word' id='word_1_310' title='bbox 357 3107 734 3176; x_wconf 85' lang='lat' dir='ltr'><strong>Ludovicum,</strong></span> <span class='ocrx_word' id='word_1_311' title='bbox 767 3113 834 3163; x_wconf 93' lang='lat' dir='ltr'><strong>ut</strong></span> <span class='ocrx_word' id='word_1_312' title='bbox 863 3125 1038 3180; x_wconf 91' lang='lat' dir='ltr'><strong>super</strong></span> <span class='ocrx_word' id='word_1_313' title='bbox 1068 3125 1128 3163; x_wconf 92' lang='lat' dir='ltr'><strong>se</strong></span> <span class='ocrx_word' id='word_1_314' title='bbox 1160 3113 1378 3180; x_wconf 85' lang='lat' dir='ltr'><strong>regnet,</strong></span> <span class='ocrx_word' id='word_1_315' title='bbox 1421 3107 1509 3162; x_wconf 90' lang='lat' dir='ltr'><strong>vel</strong></span> <span class='ocrx_word' id='word_1_316' title='bbox 1562 3106 1747 3160; x_wconf 81' lang='lat' dir='ltr'><strong>lilium</strong></span> <span class='ocrx_word' id='word_1_317' title='bbox 1798 3121 1992 3176; x_wconf 85' lang='lat' dir='ltr'><strong>regem</strong></span> 
     </span>
    </p>
   </div>
   <div class='ocr_carea' id='block_1_49' title="bbox 359 3195 1331 3262">
    <p class='ocr_par' dir='ltr' id='par_1_49' title="bbox 359 3195 1331 3262">
     <span class='ocr_line' id='line_1_49' title="bbox 359 3195 1331 3262; baseline -0.006 -7"><span class='ocrx_word' id='word_1_318' title='bbox 359 3199 555 3262; x_wconf 89' lang='lat' dir='ltr'><strong>donet,</strong></span> <span class='ocrx_word' id='word_1_319' title='bbox 588 3195 922 3252; x_wconf 86' lang='lat' dir='ltr'><strong>sollicitant.</strong></span> <span class='ocrx_word' id='word_1_320' title='bbox 951 3197 1148 3252; x_wconf 81' lang='lat' dir='ltr'><strong>Annal.</strong></span> <span class='ocrx_word' id='word_1_321' title='bbox 1173 3195 1331 3252; x_wconf 58' lang='lat' dir='ltr'><strong>Iv‘uld.</strong></span> 
     </span>
    </p>
   </div>
   <div class='ocr_carea' id='block_1_50' title="bbox 427 3283 1992 3357">
    <p class='ocr_par' dir='ltr' id='par_1_50' title="bbox 427 3283 1992 3357">
     <span class='ocr_line' id='line_1_50' title="bbox 427 3283 1992 3357; baseline -0.003 -15"><span class='ocrx_word' id='word_1_322' title='bbox 427 3288 534 3342; x_wconf 80' lang='grc'><strong>854</strong></span> <span class='ocrx_word' id='word_1_323' title='bbox 573 3286 897 3342; x_wconf 84' lang='lat' dir='ltr'><strong>Ludovicus</strong></span> <span class='ocrx_word' id='word_1_324' title='bbox 955 3285 1314 3357; x_wconf 74' lang='lat' dir='ltr'><strong>znquivacum</strong></span> <span class='ocrx_word' id='word_1_325' title='bbox 1377 3285 1559 3340; x_wconf 82' lang='lat' dir='ltr'><strong>lilium</strong></span> <span class='ocrx_word' id='word_1_326' title='bbox 1617 3283 1992 3354; x_wconf 84' lang='lat' dir='ltr'><strong>Aquitaniam</strong></span> 
     </span>
    </p>
   </div>
   <div class='ocr_carea' id='block_1_51' title="bbox 357 3372 1992 3444">
    <p class='ocr_par' dir='ltr' id='par_1_51' title="bbox 357 3372 1992 3444">
     <span class='ocr_line' id='line_1_51' title="bbox 357 3372 1992 3444; baseline -0.004 -11"><span class='ocrx_word' id='word_1_327' title='bbox 357 3376 618 3439; x_wconf 84' lang='lat' dir='ltr'><strong>mittens,</strong></span> <span class='ocrx_word' id='word_1_328' title='bbox 664 3373 1216 3430; x_wconf 88' lang='lat' dir='ltr'><strong>instabiles&#39;eorum</strong></span> <span class='ocrx_word' id='word_1_329' title='bbox 1265 3373 1490 3429; x_wconf 82' lang='lat' dir='ltr'><strong>animos</strong></span> <span class='ocrx_word' id='word_1_330' title='bbox 1533 3372 1992 3444; x_wconf 79' lang='lat' dir='ltr'><strong>deprehendens,</strong></span> 
     </span>
    </p>
   </div>
   <div class='ocr_carea' id='block_1_52' title="bbox 2168 2227 3758 2302">
    <p class='ocr_par' dir='ltr' id='par_1_52' title="bbox 2168 2227 3758 2302">
     <span class='ocr_line' id='line_1_52' title="bbox 2168 2227 3758 2302; baseline 0.003 -22"><span class='ocrx_word' id='word_1_331' title='bbox 2168 2231 2272 2283; x_wconf 77' lang='lat'><strong>856</strong></span> <span class='ocrx_word' id='word_1_332' title='bbox 2305 2228 2582 2282; x_wconf 80' lang='lat' dir='ltr'><strong>Rhabano</strong></span> <span class='ocrx_word' id='word_1_333' title='bbox 2615 2228 3016 2298; x_wconf 89' lang='lat' dir='ltr'><strong>Moguntiense</strong></span> <span class='ocrx_word' id='word_1_334' title='bbox 3056 2227 3496 2302; x_wconf 90' lang='lat' dir='ltr'><strong>archiepiscopo</strong></span> <span class='ocrx_word' id='word_1_335' title='bbox 3525 2246 3567 2286; x_wconf 82' lang='grc' dir='ltr'><strong>ιι</strong></span> <span class='ocrx_word' id='word_1_336' title='bbox 3603 2230 3758 2286; x_wconf 89' lang='lat' dir='ltr'><strong>Non.</strong></span> 
     </span>
    </p>
   </div>
   <div class='ocr_carea' id='block_1_53' title="bbox 2101 2314 3762 2390">
    <p class='ocr_par' dir='ltr' id='par_1_53' title="bbox 2101 2314 3762 2390">
     <span class='ocr_line' id='line_1_53' title="bbox 2101 2314 3762 2390; baseline 0.002 -20"><span class='ocrx_word' id='word_1_337' title='bbox 2101 2318 2264 2372; x_wconf 82' lang='lat' dir='ltr'><strong>Febr.</strong></span> <span class='ocrx_word' id='word_1_338' title='bbox 2301 2317 2594 2384; x_wconf 87' lang='lat' dir='ltr'><strong>defuncto,</strong></span> <span class='ocrx_word' id='word_1_339' title='bbox 2633 2314 2873 2370; x_wconf 87' lang='lat' dir='ltr'><strong>Carolus</strong></span> <span class='ocrx_word' id='word_1_340' title='bbox 2922 2315 3153 2387; x_wconf 91' lang='lat' dir='ltr'><strong>Pippini</strong></span> <span class='ocrx_word' id='word_1_341' title='bbox 3204 2316 3360 2388; x_wconf 86' lang='lat' dir='ltr'><strong>regis</strong></span> <span class='ocrx_word' id='word_1_342' title='bbox 3419 2317 3762 2390; x_wconf 67' lang='lat' dir='ltr'><strong>Aquitania</strong></span> 
     </span>
    </p>
   </div>
   <div class='ocr_carea' id='block_1_54' title="bbox 2101 2403 3763 2480">
    <p class='ocr_par' dir='ltr' id='par_1_54' title="bbox 2101 2403 3763 2480">
     <span class='ocr_line' id='line_1_54' title="bbox 2101 2403 3763 2480; baseline 0.002 -21"><span class='ocrx_word' id='word_1_343' title='bbox 2101 2406 2278 2471; x_wconf 82' lang='lat' dir='ltr'><strong>illius,</strong></span> <span class='ocrx_word' id='word_1_344' title='bbox 2333 2406 2430 2476; x_wconf 90' lang='lat' dir='ltr'><strong>qui</strong></span> <span class='ocrx_word' id='word_1_345' title='bbox 2464 2422 2494 2458; x_wconf 91' lang='lat' dir='ltr'><strong>e</strong></span> <span class='ocrx_word' id='word_1_346' title='bbox 2525 2404 2790 2459; x_wconf 86' lang='lat' dir='ltr'><strong>custodia</strong></span> <span class='ocrx_word' id='word_1_347' title='bbox 2833 2403 3200 2460; x_wconf 84' lang='lat' dir='ltr'><strong>Corbeiensis</strong></span> <span class='ocrx_word' id='word_1_348' title='bbox 3241 2405 3491 2460; x_wconf 77' lang='lat' dir='ltr'><strong>cmnobii</strong></span> <span class='ocrx_word' id='word_1_349' title='bbox 3542 2407 3622 2462; x_wconf 85' lang='lat' dir='ltr'><strong>ad</strong></span> <span class='ocrx_word' id='word_1_350' title='bbox 3659 2423 3763 2480; x_wconf 80' lang='lat' dir='ltr'><strong>pa-</strong></span> 
     </span>
    </p>
   </div>
   <div class='ocr_carea' id='block_1_55' title="bbox 2100 2491 3762 2567">
    <p class='ocr_par' dir='ltr' id='par_1_55' title="bbox 2100 2491 3762 2567">
     <span class='ocr_line' id='line_1_55' title="bbox 2100 2491 3762 2567; baseline 0.002 -19"><span class='ocrx_word' id='word_1_351' title='bbox 2100 2499 2251 2548; x_wconf 89' lang='lat' dir='ltr'><strong>trum</strong></span> <span class='ocrx_word' id='word_1_352' title='bbox 2295 2493 2647 2547; x_wconf 87' lang='lat' dir='ltr'><strong>Ludovicum</strong></span> <span class='ocrx_word' id='word_1_353' title='bbox 2691 2491 3102 2563; x_wconf 81' lang='lat' dir='ltr'><strong>transfugerat,</strong></span> <span class='ocrx_word' id='word_1_354' title='bbox 3153 2492 3646 2567; x_wconf 86' lang='lat' dir='ltr'><strong>archiepiscopus</strong></span> <span class='ocrx_word' id='word_1_355' title='bbox 3689 2496 3762 2551; x_wconf 89' lang='lat' dir='ltr'><strong>ab</strong></span> 
     </span>
    </p>
   </div>
   <div class='ocr_carea' id='block_1_56' title="bbox 2097 2580 3760 2657">
    <p class='ocr_par' dir='ltr' id='par_1_56' title="bbox 2097 2580 3760 2657">
     <span class='ocr_line' id='line_1_56' title="bbox 2097 2580 3760 2657; baseline 0.003 -22"><span class='ocrx_word' id='word_1_356' title='bbox 2097 2581 2224 2654; x_wconf 89' lang='lat' dir='ltr'><strong>ipso</strong></span> <span class='ocrx_word' id='word_1_357' title='bbox 2260 2585 2581 2654; x_wconf 86' lang='lat' dir='ltr'><strong>promotus,</strong></span> <span class='ocrx_word' id='word_1_358' title='bbox 2620 2580 2850 2652; x_wconf 69' lang='lat' dir='ltr'><strong>praefuit</strong></span> <span class='ocrx_word' id='word_1_359' title='bbox 2895 2581 3068 2637; x_wconf 91' lang='lat' dir='ltr'><strong>annis</strong></span> <span class='ocrx_word' id='word_1_360' title='bbox 3111 2597 3236 2636; x_wconf 78' lang='lat' dir='ltr'><strong>vui.</strong></span> <span class='ocrx_word' id='word_1_361' title='bbox 3290 2581 3572 2655; x_wconf 87' lang='lat' dir='ltr'><strong>Hiltigart</strong></span> <span class='ocrx_word' id='word_1_362' title='bbox 3605 2583 3760 2657; x_wconf 66' lang='lat'>(356)</span> 
     </span>
    </p>
   </div>
   <div class='ocr_carea' id='block_1_57' title="bbox 2099 2667 3758 2745">
    <p class='ocr_par' dir='ltr' id='par_1_57' title="bbox 2099 2667 3758 2745">
     <span class='ocr_line' id='line_1_57' title="bbox 2099 2667 3758 2745; baseline 0.004 -22"><span class='ocrx_word' id='word_1_363' title='bbox 2099 2669 2298 2740; x_wconf 86' lang='lat' dir='ltr'><strong>regina</strong></span> <span class='ocrx_word' id='word_1_364' title='bbox 2329 2669 2490 2723; x_wconf 90' lang='lat' dir='ltr'><strong>obiit.</strong></span> <span class='ocrx_word' id='word_1_365' title='bbox 2526 2667 2727 2723; x_wconf 89' lang='lat' dir='ltr'><strong>Fuldis</strong></span> <span class='ocrx_word' id='word_1_366' title='bbox 2775 2668 2944 2723; x_wconf 85' lang='lat' dir='ltr'><strong>Hatto</strong></span> <span class='ocrx_word' id='word_1_367' title='bbox 2997 2668 3180 2724; x_wconf 87' lang='lat' dir='ltr'><strong>abbas</strong></span> <span class='ocrx_word' id='word_1_368' title='bbox 3219 2669 3368 2725; x_wconf 88' lang='lat' dir='ltr'><strong>obiit</strong></span> <span class='ocrx_word' id='word_1_369' title='bbox 3416 2670 3758 2745; x_wconf 77' lang='lat' dir='ltr'><strong>Thiotoquo</strong></span> 
     </span>
    </p>
   </div>
   <div class='ocr_carea' id='block_1_58' title="bbox 2101 2755 3760 2828">
    <p class='ocr_par' dir='ltr' id='par_1_58' title="bbox 2101 2755 3760 2828">
     <span class='ocr_line' id='line_1_58' title="bbox 2101 2755 3760 2828; baseline 0.004 -16"><span class='ocrx_word' id='word_1_370' title='bbox 2101 2757 2400 2812; x_wconf 83' lang='lat' dir='ltr'><strong>successit.</strong></span> <span class='ocrx_word' id='word_1_371' title='bbox 2439 2755 2760 2811; x_wconf 84' lang='lat' dir='ltr'><strong>Ludovicus</strong></span> <span class='ocrx_word' id='word_1_372' title='bbox 2791 2773 2886 2810; x_wconf 83' lang='lat' dir='ltr'><strong>rex</strong></span> <span class='ocrx_word' id='word_1_373' title='bbox 2909 2772 3013 2828; x_wconf 91' lang='lat' dir='ltr'><strong>per</strong></span> <span class='ocrx_word' id='word_1_374' title='bbox 3041 2756 3298 2814; x_wconf 89' lang='lat' dir='ltr'><strong>Sorabos</strong></span> <span class='ocrx_word' id='word_1_375' title='bbox 3318 2759 3628 2817; x_wconf 87' lang='lat' dir='ltr'><strong>transiens</strong></span> <span class='ocrx_word' id='word_1_376' title='bbox 3652 2777 3760 2818; x_wconf 85' lang='lat' dir='ltr'><strong>au-</strong></span> 
     </span>
    </p>
   </div>
   <div class='ocr_carea' id='block_1_59' title="bbox 2099 2843 3760 2920">
    <p class='ocr_par' dir='ltr' id='par_1_59' title="bbox 2099 2843 3760 2920">
     <span class='ocr_line' id='line_1_59' title="bbox 2099 2843 3760 2920; baseline 0.004 -19"><span class='ocrx_word' id='word_1_377' title='bbox 2099 2846 2350 2916; x_wconf 79' lang='lat' dir='ltr'><strong>xiliaque</strong></span> <span class='ocrx_word' id='word_1_378' title='bbox 2383 2845 2516 2899; x_wconf 89' lang='lat' dir='ltr'><strong>inde</strong></span> <span class='ocrx_word' id='word_1_379' title='bbox 2547 2861 2877 2911; x_wconf 89' lang='lat' dir='ltr'><strong>assumens,</strong></span> <span class='ocrx_word' id='word_1_380' title='bbox 2918 2843 3214 2902; x_wconf 88' lang='lat' dir='ltr'><strong>Dalmatas</strong></span> <span class='ocrx_word' id='word_1_381' title='bbox 3245 2846 3394 2920; x_wconf 73' lang='grc'>(346)</span> <span class='ocrx_word' id='word_1_382' title='bbox 3445 2847 3602 2905; x_wconf 90' lang='lat' dir='ltr'><strong>bello</strong></span> <span class='ocrx_word' id='word_1_383' title='bbox 3644 2851 3760 2907; x_wconf 85' lang='lat' dir='ltr'><strong>vic-</strong></span> 
     </span>
    </p>
   </div>
   <div class='ocr_carea' id='block_1_60' title="bbox 2100 2931 3760 3004">
    <p class='ocr_par' dir='ltr' id='par_1_60' title="bbox 2100 2931 3760 3004">
     <span class='ocr_line' id='line_1_60' title="bbox 2100 2931 3760 3004; baseline 0.005 -17"><span class='ocrx_word' id='word_1_384' title='bbox 2100 2938 2188 2989; x_wconf 90' lang='lat' dir='ltr'><strong>tos</strong></span> <span class='ocrx_word' id='word_1_385' title='bbox 2237 2933 2574 2988; x_wconf 79' lang='lat' dir='ltr'><strong>tributariOs</strong></span> <span class='ocrx_word' id='word_1_386' title='bbox 2625 2931 2778 3001; x_wconf 80' lang='lat' dir='ltr'><strong>facit,</strong></span> <span class='ocrx_word' id='word_1_387' title='bbox 2823 2937 2878 2987; x_wconf 90' lang='lat' dir='ltr'><strong>et</strong></span> <span class='ocrx_word' id='word_1_388' title='bbox 2923 2948 3026 3004; x_wconf 89' lang='lat' dir='ltr'><strong>per</strong></span> <span class='ocrx_word' id='word_1_389' title='bbox 3054 2933 3380 2992; x_wconf 88' lang='lat' dir='ltr'><strong>Boemanos</strong></span> <span class='ocrx_word' id='word_1_390' title='bbox 3427 2937 3760 2997; x_wconf 87' lang='lat' dir='ltr'><strong>nonnullos</strong></span> 
     </span>
    </p>
   </div>
   <div class='ocr_carea' id='block_1_61' title="bbox 2099 3021 3757 3092">
    <p class='ocr_par' dir='ltr' id='par_1_61' title="bbox 2099 3021 3757 3092">
     <span class='ocr_line' id='line_1_61' title="bbox 2099 3021 3757 3092; baseline 0.005 -15"><span class='ocrx_word' id='word_1_391' title='bbox 2099 3039 2298 3078; x_wconf 91' lang='lat' dir='ltr'><strong>eorum</strong></span> <span class='ocrx_word' id='word_1_392' title='bbox 2320 3021 2379 3075; x_wconf 90' lang='lat' dir='ltr'><strong>in</strong></span> <span class='ocrx_word' id='word_1_393' title='bbox 2401 3021 2754 3077; x_wconf 89' lang='lat' dir='ltr'><strong>deditionem</strong></span> <span class='ocrx_word' id='word_1_394' title='bbox 2771 3021 3082 3092; x_wconf 87' lang='lat' dir='ltr'><strong>accipiens,</strong></span> <span class='ocrx_word' id='word_1_395' title='bbox 3103 3023 3295 3079; x_wconf 89' lang='lat' dir='ltr'><strong>rediit.</strong></span> <span class='ocrx_word' id='word_1_396' title='bbox 3319 3026 3550 3092; x_wconf 83' lang='lat' dir='ltr'><strong>Annal.,</strong></span> <span class='ocrx_word' id='word_1_397' title='bbox 3585 3028 3757 3085; x_wconf 84' lang='lat' dir='ltr'><strong>Fuld.</strong></span> 
     </span>
    </p>
   </div>
   <div class='ocr_carea' id='block_1_62' title="bbox 2101 3110 3761 3190">
    <p class='ocr_par' dir='ltr' id='par_1_62' title="bbox 2101 3110 3761 3190">
     <span class='ocr_line' id='line_1_62' title="bbox 2101 3110 3761 3190; baseline 0.006 -25"><span class='ocrx_word' id='word_1_398' title='bbox 2101 3113 2244 3166; x_wconf 81' lang='lat' dir='ltr'><strong>Berl.</strong></span> <span class='ocrx_word' id='word_1_399' title='bbox 2286 3141 2352 3148; x_wconf 87' lang='lat'><strong>—</strong></span> <span class='ocrx_word' id='word_1_400' title='bbox 2395 3110 2588 3165; x_wconf 83' lang='lat' dir='ltr'><strong>Romae</strong></span> <span class='ocrx_word' id='word_1_401' title='bbox 2642 3115 2824 3164; x_wconf 86' lang='lat' dir='ltr'><strong>Leone</strong></span> <span class='ocrx_word' id='word_1_402' title='bbox 2863 3110 3155 3180; x_wconf 82' lang='lat' dir='ltr'><strong>defuncto,</strong></span> <span class='ocrx_word' id='word_1_403' title='bbox 3205 3111 3552 3172; x_wconf 86' lang='lat' dir='ltr'><strong>benedictus</strong></span> <span class='ocrx_word' id='word_1_404' title='bbox 3598 3132 3761 3190; x_wconf 85' lang='lat' dir='ltr'><strong>papa</strong></span> 
     </span>
    </p>
   </div>
   <div class='ocr_carea' id='block_1_63' title="bbox 2100 3197 3484 3270">
    <p class='ocr_par' dir='ltr' id='par_1_63' title="bbox 2100 3197 3484 3270">
     <span class='ocr_line' id='line_1_63' title="bbox 2100 3197 3484 3270; baseline 0.003 -15"><span class='ocrx_word' id='word_1_405' title='bbox 2100 3199 2251 3255; x_wconf 87' lang='lat' dir='ltr'><strong>sedit</strong></span> <span class='ocrx_word' id='word_1_406' title='bbox 2271 3199 2440 3253; x_wconf 91' lang='lat' dir='ltr'><strong>annis</strong></span> <span class='ocrx_word' id='word_1_407' title='bbox 2475 3217 2513 3252; x_wconf 83' lang='grc' dir='ltr'><strong>ιι</strong></span> <span class='ocrx_word' id='word_1_408' title='bbox 2547 3197 2846 3254; x_wconf 90' lang='lat' dir='ltr'><strong>mensibus</strong></span> <span class='ocrx_word' id='word_1_409' title='bbox 2867 3215 2921 3252; x_wconf 74' lang='lat' dir='ltr'><strong>vr</strong></span> <span class='ocrx_word' id='word_1_410' title='bbox 2943 3198 3110 3270; x_wconf 74' lang='grc'>(347).</span> <span class='ocrx_word' id='word_1_411' title='bbox 3141 3205 3484 3259; x_wconf 74' lang='lat' dir='ltr'><strong>Anastasius.</strong></span> 
     </span>
    </p>
   </div>
   <div class='ocr_carea' id='block_1_64' title="bbox 2170 3286 3761 3362">
    <p class='ocr_par' dir='ltr' id='par_1_64' title="bbox 2170 3286 3761 3362">
     <span class='ocr_line' id='line_1_64' title="bbox 2170 3286 3761 3362; baseline 0.007 -20"><span class='ocrx_word' id='word_1_412' title='bbox 2170 3289 2272 3343; x_wconf 84' lang='lat'><strong>857</strong></span> <span class='ocrx_word' id='word_1_413' title='bbox 2329 3286 2622 3342; x_wconf 85' lang='lat' dir='ltr'><strong>Exercitus</strong></span> <span class='ocrx_word' id='word_1_414' title='bbox 2655 3287 2792 3342; x_wconf 88' lang='lat' dir='ltr'><strong>item</strong></span> <span class='ocrx_word' id='word_1_415' title='bbox 2824 3304 2858 3341; x_wconf 89' lang='lat' dir='ltr'><strong>a</strong></span> <span class='ocrx_word' id='word_1_416' title='bbox 2889 3288 3137 3345; x_wconf 90' lang='lat' dir='ltr'><strong>Ludovic</strong></span> <span class='ocrx_word' id='word_1_417' title='bbox 3167 3305 3302 3362; x_wconf 87' lang='lat' dir='ltr'><strong>rege</strong></span> <span class='ocrx_word' id='word_1_418' title='bbox 3347 3290 3406 3346; x_wconf 88' lang='lat' dir='ltr'><strong>in</strong></span> <span class='ocrx_word' id='word_1_419' title='bbox 3438 3291 3761 3353; x_wconf 83' lang='lat' dir='ltr'><strong>Boemiam</strong></span> 
     </span>
    </p>
   </div>
   <div class='ocr_carea' id='block_1_65' title="bbox 2104 3375 3763 3449">
    <p class='ocr_par' dir='ltr' id='par_1_65' title="bbox 2104 3375 3763 3449">
     <span class='ocr_line' id='line_1_65' title="bbox 2104 3375 3763 3449; baseline 0.007 -18"><span class='ocrx_word' id='word_1_420' title='bbox 2104 3375 2320 3432; x_wconf 89' lang='lat' dir='ltr'><strong>missus</strong></span> <span class='ocrx_word' id='word_1_421' title='bbox 2348 3375 2635 3446; x_wconf 87' lang='lat' dir='ltr'><strong>Sclavitag</strong></span> <span class='ocrx_word' id='word_1_422' title='bbox 2665 3375 2814 3447; x_wconf 83' lang='grc'>(348)</span> <span class='ocrx_word' id='word_1_423' title='bbox 2845 3377 2997 3432; x_wconf 66' lang='grc' dir='ltr'><strong>ιω</strong></span> <span class='ocrx_word' id='word_1_424' title='bbox 3015 3379 3408 3449; x_wconf 85' lang='lat' dir='ltr'><strong>tyrannumin</strong></span> <span class='ocrx_word' id='word_1_425' title='bbox 3436 3380 3763 3442; x_wconf 88' lang='lat' dir='ltr'><strong>Marahen-</strong></span> 
     </span>
    </p>
   </div>
   <div class='ocr_carea' id='block_1_66' title="bbox 355 3455 3760 3546">
    <p class='ocr_par' dir='ltr' id='par_1_66' title="bbox 355 3455 3760 3546">
     <span class='ocr_line' id='line_1_66' title="bbox 355 3455 3760 3546; baseline 0.002 -24"><span class='ocrx_word' id='word_1_426' title='bbox 355 3463 723 3537; x_wconf 86' lang='lat' dir='ltr'><strong>contempsit.</strong></span> <span class='ocrx_word' id='word_1_427' title='bbox 759 3464 1100 3518; x_wconf 85' lang='lat' dir='ltr'><strong>Nortmanni</strong></span> <span class='ocrx_word' id='word_1_428' title='bbox 1137 3481 1205 3518; x_wconf 78' lang='lat' dir='ltr'><strong>ex</strong></span> <span class='ocrx_word' id='word_1_429' title='bbox 1238 3463 1502 3529; x_wconf 84' lang='lat' dir='ltr'><strong>diversis,</strong></span> <span class='ocrx_word' id='word_1_430' title='bbox 1556 3479 1702 3533; x_wconf 86' lang='lat' dir='ltr'><strong>quas</strong></span> <span class='ocrx_word' id='word_1_431' title='bbox 1730 3462 1855 3530; x_wconf 87' lang='lat' dir='ltr'><strong>jam</strong></span> <span class='ocrx_word' id='word_1_432' title='bbox 1889 3479 1990 3533; x_wconf 91' lang='lat' dir='ltr'><strong>per</strong></span> <span class='ocrx_word' id='word_1_433' title='bbox 2020 3455 2062 3520; x_wconf 90' lang='lat' dir='ltr'><strong>C</strong></span> <span class='ocrx_word' id='word_1_434' title='bbox 2101 3481 2193 3520; x_wconf 90' lang='lat' dir='ltr'><strong>ses</strong></span> <span class='ocrx_word' id='word_1_435' title='bbox 2217 3463 2455 3536; x_wconf 90' lang='lat' dir='ltr'><strong>pepulit.</strong></span> <span class='ocrx_word' id='word_1_436' title='bbox 2473 3464 2743 3536; x_wconf 87' lang='lat' dir='ltr'><strong>Synodus</strong></span> <span class='ocrx_word' id='word_1_437' title='bbox 2765 3464 3012 3520; x_wconf 88' lang='lat' dir='ltr'><strong>aCarolo</strong></span> <span class='ocrx_word' id='word_1_438' title='bbox 3033 3465 3472 3541; x_wconf 87' lang='lat' dir='ltr'><strong>archiepiscopo</strong></span> <span class='ocrx_word' id='word_1_439' title='bbox 3497 3471 3760 3546; x_wconf 84' lang='lat' dir='ltr'><strong>Mogun-</strong></span> 
     </span>
    </p>
   </div>
   <div class='ocr_carea' id='block_1_67' title="bbox 353 3550 1990 3622">
    <p class='ocr_par' dir='ltr' id='par_1_67' title="bbox 353 3550 1990 3622">
     <span class='ocr_line' id='line_1_67' title="bbox 353 3550 1990 3622; baseline -0.003 -12"><span class='ocrx_word' id='word_1_440' title='bbox 353 3571 426 3610; x_wconf 82' lang='lat' dir='ltr'><strong>xx</strong></span> <span class='ocrx_word' id='word_1_441' title='bbox 455 3569 640 3610; x_wconf 86' lang='lat' dir='ltr'><strong>annos</strong></span> <span class='ocrx_word' id='word_1_442' title='bbox 671 3553 1000 3620; x_wconf 84' lang='lat' dir='ltr'><strong>vastabant,</strong></span> <span class='ocrx_word' id='word_1_443' title='bbox 1034 3553 1369 3622; x_wconf 75' lang='lat' dir='ltr'><strong>regionibus</strong></span> <span class='ocrx_word' id='word_1_444' title='bbox 1403 3551 1646 3616; x_wconf 90' lang='lat' dir='ltr'><strong>collecti,</strong></span> <span class='ocrx_word' id='word_1_445' title='bbox 1669 3550 1878 3620; x_wconf 83' lang='lat' dir='ltr'><strong>vulgus</strong></span> <span class='ocrx_word' id='word_1_446' title='bbox 1910 3551 1990 3605; x_wconf 91' lang='lat' dir='ltr'><strong>in-</strong></span> 
     </span>
    </p>
   </div>
   <div class='ocr_carea' id='block_1_68' title="bbox 356 3640 1990 3711">
    <p class='ocr_par' dir='ltr' id='par_1_68' title="bbox 356 3640 1990 3711">
     <span class='ocr_line' id='line_1_68' title="bbox 356 3640 1990 3711; baseline -0.002 -14"><span class='ocrx_word' id='word_1_447' title='bbox 356 3657 668 3698; x_wconf 89' lang='lat' dir='ltr'><strong>numerum</strong></span> <span class='ocrx_word' id='word_1_448' title='bbox 699 3645 1002 3710; x_wconf 87' lang='lat' dir='ltr'><strong>totumque</strong></span> <span class='ocrx_word' id='word_1_449' title='bbox 1031 3656 1214 3711; x_wconf 87' lang='lat' dir='ltr'><strong>genus</strong></span> <span class='ocrx_word' id='word_1_450' title='bbox 1235 3641 1457 3711; x_wconf 86' lang='lat' dir='ltr'><strong>regium</strong></span> <span class='ocrx_word' id='word_1_451' title='bbox 1488 3656 1672 3710; x_wconf 91' lang='lat' dir='ltr'><strong>usque</strong></span> <span class='ocrx_word' id='word_1_452' title='bbox 1703 3640 1770 3693; x_wconf 88' lang='lat' dir='ltr'><strong>ad</strong></span> <span class='ocrx_word' id='word_1_453' title='bbox 1807 3656 1990 3694; x_wconf 89' lang='lat' dir='ltr'><strong>unum</strong></span> 
     </span>
    </p>
   </div>
   <div class='ocr_carea' id='block_1_69' title="bbox 355 3728 1987 3803">
    <p class='ocr_par' dir='ltr' id='par_1_69' title="bbox 355 3728 1987 3803">
     <span class='ocr_line' id='line_1_69' title="bbox 355 3728 1987 3803; baseline -0.001 -17"><span class='ocrx_word' id='word_1_454' title='bbox 355 3745 605 3803; x_wconf 89' lang='lat' dir='ltr'><strong>puerum</strong></span> <span class='ocrx_word' id='word_1_455' title='bbox 654 3732 862 3784; x_wconf 87' lang='lat' dir='ltr'><strong>mutua</strong></span> <span class='ocrx_word' id='word_1_456' title='bbox 905 3728 1058 3784; x_wconf 66' lang='lat' dir='ltr'><strong>caede</strong></span> <span class='ocrx_word' id='word_1_457' title='bbox 1121 3733 1537 3784; x_wconf 87' lang='lat' dir='ltr'><strong>mactaverunt.</strong></span> <span class='ocrx_word' id='word_1_458' title='bbox 1591 3728 1788 3783; x_wconf 81' lang='lat' dir='ltr'><strong>Annal.</strong></span> <span class='ocrx_word' id='word_1_459' title='bbox 1833 3728 1987 3784; x_wconf 84' lang='lat' dir='ltr'><strong>Fuld.</strong></span> 
     </span>
    </p>
   </div>
   <div class='ocr_carea' id='block_1_70' title="bbox 356 3819 569 3874">
    <p class='ocr_par' dir='ltr' id='par_1_70' title="bbox 356 3819 569 3874">
     <span class='ocr_line' id='line_1_70' title="bbox 356 3819 569 3874; baseline 0 0"><span class='ocrx_word' id='word_1_460' title='bbox 356 3819 569 3874; x_wconf 78' lang='lat' dir='ltr'><strong>Berlin.</strong></span> 
     </span>
    </p>
   </div>
   <div class='ocr_carea' id='block_1_71' title="bbox 421 3904 1992 3979">
    <p class='ocr_par' dir='ltr' id='par_1_71' title="bbox 421 3904 1992 3979">
     <span class='ocr_line' id='line_1_71' title="bbox 421 3904 1992 3979; baseline -0.003 -15"><span class='ocrx_word' id='word_1_461' title='bbox 421 3907 526 3964; x_wconf 89' lang='lat'><strong>855</strong></span> <span class='ocrx_word' id='word_1_462' title='bbox 566 3907 738 3979; x_wconf 87' lang='lat' dir='ltr'><strong>Apud</strong></span> <span class='ocrx_word' id='word_1_463' title='bbox 789 3905 1224 3979; x_wconf 89' lang='lat' dir='ltr'><strong>Moguntiacum</strong></span> <span class='ocrx_word' id='word_1_464' title='bbox 1268 3909 1422 3960; x_wconf 90' lang='lat' dir='ltr'><strong>terra</strong></span> <span class='ocrx_word' id='word_1_465' title='bbox 1461 3904 1634 3960; x_wconf 89' lang='lat' dir='ltr'><strong>vicies</strong></span> <span class='ocrx_word' id='word_1_466' title='bbox 1681 3905 1992 3960; x_wconf 88' lang='lat' dir='ltr'><strong>tremuisse</strong></span> 
     </span>
    </p>
   </div>
   <div class='ocr_carea' id='block_1_72' title="bbox 2100 3553 3766 3624">
    <p class='ocr_par' dir='ltr' id='par_1_72' title="bbox 2100 3553 3766 3624">
     <span class='ocr_line' id='line_1_72' title="bbox 2100 3553 3766 3624; baseline 0.004 -15"><span class='ocrx_word' id='word_1_467' title='bbox 2100 3554 2191 3609; x_wconf 67' lang='lat' dir='ltr'><strong>tia:</strong></span> <span class='ocrx_word' id='word_1_468' title='bbox 2221 3553 2460 3609; x_wconf 90' lang='lat' dir='ltr'><strong>collecta</strong></span> <span class='ocrx_word' id='word_1_469' title='bbox 2489 3553 2660 3623; x_wconf 64' lang='lat'><strong>(3-59).</strong></span> <span class='ocrx_word' id='word_1_470' title='bbox 2695 3553 3034 3624; x_wconf 88' lang='lat' dir='ltr'><strong>Tempestas</strong></span> <span class='ocrx_word' id='word_1_471' title='bbox 3077 3553 3244 3610; x_wconf 88' lang='lat' dir='ltr'><strong>valde</strong></span> <span class='ocrx_word' id='word_1_472' title='bbox 3274 3557 3556 3616; x_wconf 87' lang='lat' dir='ltr'><strong>terribilis</strong></span> <span class='ocrx_word' id='word_1_473' title='bbox 3593 3561 3766 3619; x_wconf 88' lang='lat' dir='ltr'><strong>Colo-</strong></span> 
     </span>
    </p>
   </div>
   <div class='ocr_carea' id='block_1_73' title="bbox 2099 3641 3764 3722">
    <p class='ocr_par' dir='ltr' id='par_1_73' title="bbox 2099 3641 3764 3722">
     <span class='ocr_line' id='line_1_73' title="bbox 2099 3641 3764 3722; baseline 0.007 -25"><span class='ocrx_word' id='word_1_474' title='bbox 2099 3642 2207 3697; x_wconf 73' lang='lat' dir='ltr'><strong>nia:</strong></span> <span class='ocrx_word' id='word_1_475' title='bbox 2239 3659 2354 3696; x_wconf 83' lang='lat' dir='ltr'><strong>xvn</strong></span> <span class='ocrx_word' id='word_1_476' title='bbox 2388 3641 2508 3696; x_wconf 78' lang='lat' dir='ltr'><strong>Kal.</strong></span> <span class='ocrx_word' id='word_1_477' title='bbox 2543 3641 2741 3696; x_wconf 90' lang='lat' dir='ltr'><strong>Octob.</strong></span> <span class='ocrx_word' id='word_1_478' title='bbox 2777 3642 2945 3710; x_wconf 86' lang='lat' dir='ltr'><strong>facta,</strong></span> <span class='ocrx_word' id='word_1_479' title='bbox 2992 3647 3051 3698; x_wconf 90' lang='lat' dir='ltr'><strong>et</strong></span> <span class='ocrx_word' id='word_1_480' title='bbox 3087 3642 3308 3700; x_wconf 82' lang='lat' dir='ltr'><strong>fulmen</strong></span> <span class='ocrx_word' id='word_1_481' title='bbox 3357 3645 3550 3704; x_wconf 88' lang='lat' dir='ltr'><strong>instar</strong></span> <span class='ocrx_word' id='word_1_482' title='bbox 3595 3649 3764 3722; x_wconf 78' lang='lat' dir='ltr'><strong>ignei</strong></span> 
     </span>
    </p>
   </div>
   <div class='ocr_carea' id='block_1_74' title="bbox 2098 3729 3762 3804">
    <p class='ocr_par' dir='ltr' id='par_1_74' title="bbox 2098 3729 3762 3804">
     <span class='ocr_line' id='line_1_74' title="bbox 2098 3729 3762 3804; baseline 0.006 -18"><span class='ocrx_word' id='word_1_483' title='bbox 2098 3729 2368 3786; x_wconf 86' lang='lat' dir='ltr'><strong>draconis</strong></span> <span class='ocrx_word' id='word_1_484' title='bbox 2399 3729 2706 3786; x_wconf 87' lang='lat' dir='ltr'><strong>ecclesiam</strong></span> <span class='ocrx_word' id='word_1_485' title='bbox 2738 3730 2796 3786; x_wconf 91' lang='lat' dir='ltr'><strong>S.</strong></span> <span class='ocrx_word' id='word_1_486' title='bbox 2833 3729 2984 3785; x_wconf 89' lang='lat' dir='ltr'><strong>Petri</strong></span> <span class='ocrx_word' id='word_1_487' title='bbox 3017 3735 3352 3804; x_wconf 88' lang='lat' dir='ltr'><strong>penetrans,</strong></span> <span class='ocrx_word' id='word_1_488' title='bbox 3394 3739 3516 3792; x_wconf 90' lang='lat' dir='ltr'><strong>tres</strong></span> <span class='ocrx_word' id='word_1_489' title='bbox 3556 3735 3762 3796; x_wconf 87' lang='lat' dir='ltr'><strong>homi-</strong></span> 
     </span>
    </p>
   </div>
   <div class='ocr_carea' id='block_1_75' title="bbox 2097 3817 3758 3896">
    <p class='ocr_par' dir='ltr' id='par_1_75' title="bbox 2097 3817 3758 3896">
     <span class='ocr_line' id='line_1_75' title="bbox 2097 3817 3758 3896; baseline 0.007 -22"><span class='ocrx_word' id='word_1_490' title='bbox 2097 3835 2200 3874; x_wconf 90' lang='lat' dir='ltr'><strong>nes</strong></span> <span class='ocrx_word' id='word_1_491' title='bbox 2247 3817 2490 3875; x_wconf 90' lang='lat' dir='ltr'><strong>diversis</strong></span> <span class='ocrx_word' id='word_1_492' title='bbox 2534 3818 2592 3874; x_wconf 93' lang='lat' dir='ltr'><strong>in</strong></span> <span class='ocrx_word' id='word_1_493' title='bbox 2632 3817 2776 3874; x_wconf 90' lang='lat' dir='ltr'><strong>locis</strong></span> <span class='ocrx_word' id='word_1_494' title='bbox 2820 3818 3115 3887; x_wconf 80' lang='lat' dir='ltr'><strong>exstinxit,</strong></span> <span class='ocrx_word' id='word_1_495' title='bbox 3165 3819 3366 3893; x_wconf 88' lang='lat' dir='ltr'><strong>plures</strong></span> <span class='ocrx_word' id='word_1_496' title='bbox 3421 3829 3758 3896; x_wconf 80' lang='lat' dir='ltr'><strong>prostravit</strong></span> 
     </span>
    </p>
   </div>
   <div class='ocr_carea' id='block_1_76' title="bbox 2097 3906 2482 3962">
    <p class='ocr_par' dir='ltr' id='par_1_76' title="bbox 2097 3906 2482 3962">
     <span class='ocr_line' id='line_1_76' title="bbox 2097 3906 2482 3962; baseline -0.005 0"><span class='ocrx_word' id='word_1_497' title='bbox 2097 3906 2296 3962; x_wconf 82' lang='lat' dir='ltr'><strong>Annal.</strong></span> <span class='ocrx_word' id='word_1_498' title='bbox 2327 3906 2482 3960; x_wconf 85' lang='lat' dir='ltr'><strong>Fuld.</strong></span> 
     </span>
    </p>
   </div>
   <div class='ocr_carea' id='block_1_77' title="bbox 1393 4033 2694 4105">
    <p class='ocr_par' dir='ltr' id='par_1_77' title="bbox 1393 4033 2694 4105">
     <span class='ocr_line' id='line_1_77' title="bbox 1393 4033 2694 4105; baseline 0.001 -2"><span class='ocrx_word' id='word_1_499' title='bbox 1393 4045 1865 4103; x_wconf 82' lang='lat' dir='ltr'><strong>COMPENDIUM</strong></span> <span class='ocrx_word' id='word_1_500' title='bbox 1906 4047 1994 4102; x_wconf 83' lang='lat' dir='ltr'><strong>EX</strong></span> <span class='ocrx_word' id='word_1_501' title='bbox 2030 4048 2280 4105; x_wconf 88' lang='lat' dir='ltr'><strong>CODlCE</strong></span> <span class='ocrx_word' id='word_1_502' title='bbox 2311 4033 2694 4104; x_wconf 50' lang='lat' dir='ltr'><strong>&#39;BERNOLDI.</strong></span> 
     </span>
    </p>
   </div>
   <div class='ocr_carea' id='block_1_78' title="bbox 421 4163 1344 4238">
    <p class='ocr_par' dir='ltr' id='par_1_78' title="bbox 421 4163 1344 4238">
     <span class='ocr_line' id='line_1_78' title="bbox 421 4163 1344 4238; baseline -0.002 -16"><span class='ocrx_word' id='word_1_503' title='bbox 421 4170 526 4223; x_wconf 73' lang='lat'><strong>852</strong></span> <span class='ocrx_word' id='word_1_504' title='bbox 556 4165 746 4238; x_wconf 84' lang='lat' dir='ltr'><strong>Magna</strong></span> <span class='ocrx_word' id='word_1_505' title='bbox 777 4165 1075 4237; x_wconf 84' lang='lat' dir='ltr'><strong>synodus...</strong></span> <span class='ocrx_word' id='word_1_506' title='bbox 1109 4163 1344 4222; x_wconf 77' lang='lat' dir='ltr'><strong>habitus.</strong></span> 
     </span>
    </p>
   </div>
   <div class='ocr_carea' id='block_1_79' title="bbox 419 4253 1988 4312">
    <p class='ocr_par' dir='ltr' id='par_1_79' title="bbox 419 4253 1988 4312">
     <span class='ocr_line' id='line_1_79' title="bbox 419 4253 1988 4312; baseline -0.003 -1"><span class='ocrx_word' id='word_1_507' title='bbox 419 4257 524 4312; x_wconf 87' lang='lat'><strong>853</strong></span> <span class='ocrx_word' id='word_1_508' title='bbox 570 4256 897 4311; x_wconf 82' lang='lat' dir='ltr'><strong>Norlmanni</strong></span> <span class='ocrx_word' id='word_1_509' title='bbox 939 4255 1221 4310; x_wconf 78' lang='lat' dir='ltr'><strong>basilicam</strong></span> <span class='ocrx_word' id='word_1_510' title='bbox 1267 4255 1446 4308; x_wconf 79' lang='lat' dir='ltr'><strong>sancti</strong></span> <span class='ocrx_word' id='word_1_511' title='bbox 1485 4254 1711 4308; x_wconf 78' lang='lat' dir='ltr'><strong>Martini</strong></span> <span class='ocrx_word' id='word_1_512' title='bbox 1761 4253 1988 4308; x_wconf 85' lang='lat' dir='ltr'><strong>Turonis</strong></span> 
     </span>
    </p>
   </div>
   <div class='ocr_carea' id='block_1_80' title="bbox 349 4343 664 4401">
    <p class='ocr_par' dir='ltr' id='par_1_80' title="bbox 349 4343 664 4401">
     <span class='ocr_line' id='line_1_80' title="bbox 349 4343 664 4401; baseline -0.01 0"><span class='ocrx_word' id='word_1_513' title='bbox 349 4343 664 4401; x_wconf 83' lang='lat' dir='ltr'><strong>incendunt.</strong></span> 
     </span>
    </p>
   </div>
   <div class='ocr_carea' id='block_1_81' title="bbox 419 4433 1989 4508">
    <p class='ocr_par' dir='ltr' id='par_1_81' title="bbox 419 4433 1989 4508">
     <span class='ocr_line' id='line_1_81' title="bbox 419 4433 1989 4508; baseline -0.001 -20"><span class='ocrx_word' id='word_1_514' title='bbox 419 4435 526 4489; x_wconf 86' lang='lat'><strong>855</strong></span> <span class='ocrx_word' id='word_1_515' title='bbox 578 4435 865 4490; x_wconf 84' lang='lat' dir='ltr'><strong>Lolharius</strong></span> <span class='ocrx_word' id='word_1_516' title='bbox 916 4435 1280 4508; x_wconf 85' lang='lat' dir='ltr'><strong>imperator...</strong></span> <span class='ocrx_word' id='word_1_517' title='bbox 1345 4437 1530 4504; x_wconf 83' lang='lat' dir='ltr'><strong>partes</strong></span> <span class='ocrx_word' id='word_1_518' title='bbox 1591 4433 1749 4501; x_wconf 74' lang='lat' dir='ltr'><strong>regni</strong></span> <span class='ocrx_word' id='word_1_519' title='bbox 1804 4440 1989 4487; x_wconf 82' lang='lat' dir='ltr'><strong>tenue-</strong></span> 
     </span>
    </p>
   </div>
   <div class='ocr_carea' id='block_1_82' title="bbox 349 4527 498 4580">
    <p class='ocr_par' dir='ltr' id='par_1_82' title="bbox 349 4527 498 4580">
     <span class='ocr_line' id='line_1_82' title="bbox 349 4527 498 4580; baseline -0.013 0"><span class='ocrx_word' id='word_1_520' title='bbox 349 4527 498 4580; x_wconf 87' lang='lat' dir='ltr'><strong>runt.</strong></span> 
     </span>
    </p>
   </div>
   <div class='ocr_carea' id='block_1_83' title="bbox 419 4607 1867 4683">
    <p class='ocr_par' dir='ltr' id='par_1_83' title="bbox 419 4607 1867 4683">
     <span class='ocr_line' id='line_1_83' title="bbox 419 4607 1867 4683; baseline -0.003 -16"><span class='ocrx_word' id='word_1_521' title='bbox 419 4613 526 4667; x_wconf 85' lang='lat'><strong>856</strong></span> <span class='ocrx_word' id='word_1_522' title='bbox 545 4611 870 4683; x_wconf 82' lang='lat' dir='ltr'><strong>Moguntiaci</strong></span> <span class='ocrx_word' id='word_1_523' title='bbox 899 4612 1152 4668; x_wconf 81' lang='lat' dir='ltr'><strong>Rhabano</strong></span> <span class='ocrx_word' id='word_1_524' title='bbox 1184 4607 1867 4682; x_wconf 82' lang='lat' dir='ltr'><strong>archiepiscopodefuncto.</strong></span> 
     </span>
    </p>
   </div>
   <div class='ocr_carea' id='block_1_84' title="bbox 2017 4595 2064 4660">
    <p class='ocr_par' dir='ltr' id='par_1_84' title="bbox 2017 4595 2064 4660">
     <span class='ocr_line' id='line_1_84' title="bbox 2017 4595 2064 4660; baseline 0 0"><span class='ocrx_word' id='word_1_525' title='bbox 2017 4595 2064 4660; x_wconf 90' lang='lat' dir='ltr'><strong>D</strong></span> 
     </span>
    </p>
   </div>
   <div class='ocr_carea' id='block_1_85' title="bbox 2095 4165 3764 4243">
    <p class='ocr_par' dir='ltr' id='par_1_85' title="bbox 2095 4165 3764 4243">
     <span class='ocr_line' id='line_1_85' title="bbox 2095 4165 3764 4243; baseline 0.01 -24"><span class='ocrx_word' id='word_1_526' title='bbox 2095 4167 2345 4221; x_wconf 81' lang='lat' dir='ltr'><strong>successit</strong></span> <span class='ocrx_word' id='word_1_527' title='bbox 2375 4165 2599 4222; x_wconf 83' lang='lat' dir='ltr'><strong>Carolus</strong></span> <span class='ocrx_word' id='word_1_528' title='bbox 2627 4165 2777 4236; x_wconf 76' lang='lat' dir='ltr'><strong>ﬁlius</strong></span> <span class='ocrx_word' id='word_1_529' title='bbox 2806 4166 3038 4239; x_wconf 85' lang='lat' dir='ltr'><strong>Pippini</strong></span> <span class='ocrx_word' id='word_1_530' title='bbox 3076 4171 3225 4238; x_wconf 85' lang='lat' dir='ltr'><strong>regis</strong></span> <span class='ocrx_word' id='word_1_531' title='bbox 3266 4171 3604 4243; x_wconf 78' lang='lat' dir='ltr'><strong>Aquitaniae.</strong></span> <span class='ocrx_word' id='word_1_532' title='bbox 3660 4178 3764 4234; x_wconf 81' lang='lat' dir='ltr'><strong>Ro-</strong></span> 
     </span>
    </p>
   </div>
   <div class='ocr_carea' id='block_1_86' title="bbox 2096 4253 3764 4331">
    <p class='ocr_par' dir='ltr' id='par_1_86' title="bbox 2096 4253 3764 4331">
     <span class='ocr_line' id='line_1_86' title="bbox 2096 4253 3764 4331; baseline 0.008 -22"><span class='ocrx_word' id='word_1_533' title='bbox 2096 4271 2198 4309; x_wconf 68' lang='lat' dir='ltr'><strong>mae</strong></span> <span class='ocrx_word' id='word_1_534' title='bbox 2230 4258 2402 4310; x_wconf 84' lang='lat' dir='ltr'><strong>Leone</strong></span> <span class='ocrx_word' id='word_1_535' title='bbox 2425 4271 2572 4326; x_wconf 86' lang='lat' dir='ltr'><strong>papa</strong></span> <span class='ocrx_word' id='word_1_536' title='bbox 2599 4253 2828 4326; x_wconf 79' lang='lat' dir='ltr'><strong>defunco</strong></span> <span class='ocrx_word' id='word_1_537' title='bbox 2848 4255 3174 4314; x_wconf 70' lang='lat' dir='ltr'><strong>Benedictus</strong></span> <span class='ocrx_word' id='word_1_538' title='bbox 3195 4274 3345 4331; x_wconf 86' lang='lat' dir='ltr'><strong>papa</strong></span> <span class='ocrx_word' id='word_1_539' title='bbox 3381 4263 3580 4320; x_wconf 74' lang='lat' dir='ltr'><strong>tertius</strong></span> <span class='ocrx_word' id='word_1_540' title='bbox 3609 4265 3764 4322; x_wconf 82' lang='lat' dir='ltr'><strong>sedit</strong></span> 
     </span>
    </p>
   </div>
   <div class='ocr_carea' id='block_1_87' title="bbox 2098 4344 2792 4411">
    <p class='ocr_par' dir='ltr' id='par_1_87' title="bbox 2098 4344 2792 4411">
     <span class='ocr_line' id='line_1_87' title="bbox 2098 4344 2792 4411; baseline 0.001 -12"><span class='ocrx_word' id='word_1_541' title='bbox 2098 4346 2261 4399; x_wconf 85' lang='lat' dir='ltr'><strong>annis</strong></span> <span class='ocrx_word' id='word_1_542' title='bbox 2285 4362 2325 4398; x_wconf 85' lang='grc' dir='ltr'><strong>ιι</strong></span> <span class='ocrx_word' id='word_1_543' title='bbox 2361 4386 2374 4411; x_wconf 88' lang='grc'>,</span> <span class='ocrx_word' id='word_1_544' title='bbox 2409 4344 2679 4400; x_wconf 78' lang='lat' dir='ltr'><strong>mensibus</strong></span> <span class='ocrx_word' id='word_1_545' title='bbox 2715 4361 2792 4400; x_wconf 81' lang='lat' dir='ltr'><strong>v1.</strong></span> 
     </span>
    </p>
   </div>
   <div class='ocr_carea' id='block_1_88' title="bbox 2165 4431 3760 4576">
    <p class='ocr_par' dir='ltr' id='par_1_88' title="bbox 2165 4431 3760 4576">
     <span class='ocr_line' id='line_1_88' title="bbox 2165 4431 3760 4576; baseline 0.01 -91"><span class='ocrx_word' id='word_1_546' title='bbox 2165 4434 2271 4576; x_wconf 50' lang='lat' dir='ltr'><strong>S3157</strong></span> <span class='ocrx_word' id='word_1_547' title='bbox 2325 4431 2577 4504; x_wconf 84' lang='lat' dir='ltr'><strong>Synodus</strong></span> <span class='ocrx_word' id='word_1_548' title='bbox 2621 4448 2657 4489; x_wconf 89' lang='lat' dir='ltr'><strong>a</strong></span> <span class='ocrx_word' id='word_1_549' title='bbox 2700 4433 2900 4491; x_wconf 84' lang='lat' dir='ltr'><strong>Carolo</strong></span> <span class='ocrx_word' id='word_1_550' title='bbox 2954 4435 3358 4508; x_wconf 83' lang='lat' dir='ltr'><strong>archiepiscopo</strong></span> <span class='ocrx_word' id='word_1_551' title='bbox 3414 4437 3760 4513; x_wconf 59' lang='grc' dir='ltr'><strong>Πομπεαεί</strong></span> 
     </span>
     <span class='ocr_line' id='line_1_89' title="bbox 2219 4523 2410 4576; baseline 0 0"><span class='ocrx_word' id='word_1_552' title='bbox 2219 4523 2410 4576; x_wconf 84' lang='lat' dir='ltr'><strong>iaitur.</strong></span> 
     </span>
    </p>
   </div>
   <div class='ocr_carea' id='block_1_89' title="bbox 2102 4523 2410 4592">
    <p class='ocr_par' dir='ltr' id='par_1_89' title="bbox 2102 4523 2410 4592">
     <span class='ocr_line' id='line_1_90' title="bbox 2102 4523 2410 4592; baseline 0 -16"><span class='ocrx_word' id='word_1_553' title='bbox 2102 4523 2410 4592; x_wconf 83' lang='lat' dir='ltr'><strong>colligitur.</strong></span> 
     </span>
    </p>
   </div>
   <div class='ocr_carea' id='block_1_90' title="bbox 1926 4751 2152 4809">
    <p class='ocr_par' dir='ltr' id='par_1_90' title="bbox 1926 4751 2152 4809">
     <span class='ocr_line' id='line_1_91' title="bbox 1926 4751 2152 4809; baseline 0.004 -2"><span class='ocrx_word' id='word_1_554' title='bbox 1926 4751 2152 4809; x_wconf 55' lang='lat' dir='ltr'><strong>NOTAE.</strong></span> 
     </span>
    </p>
   </div>
   <div class='ocr_carea' id='block_1_91' title="bbox 416 4868 1980 4940">
    <p class='ocr_par' dir='ltr' id='par_1_91' title="bbox 416 4868 1980 4940">
     <span class='ocr_line' id='line_1_92' title="bbox 416 4868 1980 4940; baseline 0.001 -18"><span class='ocrx_word' id='word_1_555' title='bbox 416 4871 561 4940; x_wconf 66' lang='lat'>(312)</span> <span class='ocrx_word' id='word_1_556' title='bbox 589 4870 762 4925; x_wconf 77' lang='lat' dir='ltr'><strong>Juxta</strong></span> <span class='ocrx_word' id='word_1_557' title='bbox 793 4870 1147 4926; x_wconf 84' lang='lat' dir='ltr'><strong>annalislam</strong></span> <span class='ocrx_word' id='word_1_558' title='bbox 1186 4869 1585 4923; x_wconf 84' lang='lat' dir='ltr'><strong>Bertiniannm</strong></span> <span class='ocrx_word' id='word_1_559' title='bbox 1619 4868 1671 4921; x_wconf 87' lang='lat' dir='ltr'><strong>id</strong></span> <span class='ocrx_word' id='word_1_560' title='bbox 1709 4885 1859 4922; x_wconf 85' lang='lat' dir='ltr'><strong>anno</strong></span> <span class='ocrx_word' id='word_1_561' title='bbox 1892 4885 1980 4923; x_wconf 90' lang='lat' dir='ltr'><strong>se-</strong></span> 
     </span>
    </p>
   </div>
   <div class='ocr_carea' id='block_1_92' title="bbox 346 4942 852 5013">
    <p class='ocr_par' dir='ltr' id='par_1_92' title="bbox 346 4942 852 5013">
     <span class='ocr_line' id='line_1_93' title="bbox 346 4942 852 5013; baseline 0.002 -20"><span class='ocrx_word' id='word_1_562' title='bbox 346 4948 558 5013; x_wconf 76' lang='lat' dir='ltr'><strong>quente</strong></span> <span class='ocrx_word' id='word_1_563' title='bbox 589 4942 852 5012; x_wconf 77' lang='lat' dir='ltr'><strong>conligit.</strong></span> 
     </span>
    </p>
   </div>
   <div class='ocr_carea' id='block_1_93' title="bbox 416 5010 1982 5084">
    <p class='ocr_par' dir='ltr' id='par_1_93' title="bbox 416 5010 1982 5084">
     <span class='ocr_line' id='line_1_94' title="bbox 416 5010 1982 5084; baseline -0.002 -17"><span class='ocrx_word' id='word_1_564' title='bbox 416 5014 562 5084; x_wconf 74' lang='grc'>(343)</span> <span class='ocrx_word' id='word_1_565' title='bbox 591 5010 909 5068; x_wconf 77' lang='lat' dir='ltr'><strong>Chronicon</strong></span> <span class='ocrx_word' id='word_1_566' title='bbox 957 5010 1391 5066; x_wconf 77' lang='lat' dir='ltr'><strong>Foutancllcnse</strong></span> <span class='ocrx_word' id='word_1_567' title='bbox 1431 5011 1538 5065; x_wconf 83' lang='lat' dir='ltr'><strong>hoc</strong></span> <span class='ocrx_word' id='word_1_568' title='bbox 1594 5011 1718 5080; x_wconf 85' lang='lat' dir='ltr'><strong>jam</strong></span> <span class='ocrx_word' id='word_1_569' title='bbox 1761 5012 1832 5064; x_wconf 82' lang='lat' dir='ltr'><strong>ad</strong></span> <span class='ocrx_word' id='word_1_570' title='bbox 1878 5027 1982 5064; x_wconf 86' lang='lat' dir='ltr'><strong>an-</strong></span> 
     </span>
    </p>
   </div>
   <div class='ocr_carea' id='block_1_94' title="bbox 349 5085 866 5140">
    <p class='ocr_par' dir='ltr' id='par_1_94' title="bbox 349 5085 866 5140">
     <span class='ocr_line' id='line_1_95' title="bbox 349 5085 866 5140; baseline 0 -2"><span class='ocrx_word' id='word_1_571' title='bbox 349 5099 494 5139; x_wconf 86' lang='lat' dir='ltr'><strong>num</strong></span> <span class='ocrx_word' id='word_1_572' title='bbox 539 5087 644 5140; x_wconf 68' lang='lat'><strong>849</strong></span> <span class='ocrx_word' id='word_1_573' title='bbox 673 5085 866 5139; x_wconf 80' lang='lat' dir='ltr'><strong>refert.</strong></span> 
     </span>
    </p>
   </div>
   <div class='ocr_carea' id='block_1_95' title="bbox 415 5153 1977 5224">
    <p class='ocr_par' dir='ltr' id='par_1_95' title="bbox 415 5153 1977 5224">
     <span class='ocr_line' id='line_1_96' title="bbox 415 5153 1977 5224; baseline -0.001 -16"><span class='ocrx_word' id='word_1_574' title='bbox 415 5156 560 5224; x_wconf 68' lang='grc'>(344)</span> <span class='ocrx_word' id='word_1_575' title='bbox 592 5157 693 5211; x_wconf 82' lang='lat' dir='ltr'><strong>Est</strong></span> <span class='ocrx_word' id='word_1_576' title='bbox 729 5156 846 5209; x_wconf 71' lang='lat' dir='ltr'><strong>tunc</strong></span> <span class='ocrx_word' id='word_1_577' title='bbox 883 5153 1232 5208; x_wconf 77' lang='lat' dir='ltr'><strong>cathodralis</strong></span> <span class='ocrx_word' id='word_1_578' title='bbox 1271 5153 1812 5224; x_wconf 57' lang='lat' dir='ltr'><strong>&#39;vl’urcoburgensis.</strong></span> <span class='ocrx_word' id='word_1_579' title='bbox 1846 5153 1977 5208; x_wconf 61' lang='grc' dir='ltr'><strong>νάει.</strong></span> 
     </span>
    </p>
   </div>
   <div class='ocr_carea' id='block_1_96' title="bbox 343 5225 1483 5295">
    <p class='ocr_par' dir='ltr' id='par_1_96' title="bbox 343 5225 1483 5295">
     <span class='ocr_line' id='line_1_97' title="bbox 343 5225 1483 5295; baseline -0.001 -15"><span class='ocrx_word' id='word_1_580' title='bbox 343 5225 580 5281; x_wconf 85' lang='lat' dir='ltr'><strong>Eccard.</strong></span> <span class='ocrx_word' id='word_1_581' title='bbox 617 5229 819 5282; x_wconf 84' lang='lat' dir='ltr'><strong>Franc.</strong></span> <span class='ocrx_word' id='word_1_582' title='bbox 853 5225 1070 5280; x_wconf 87' lang='lat' dir='ltr'><strong>Orient.</strong></span> <span class='ocrx_word' id='word_1_583' title='bbox 1105 5231 1144 5279; x_wconf 91' lang='lat' dir='ltr'><strong>t.</strong></span> <span class='ocrx_word' id='word_1_584' title='bbox 1187 5227 1245 5288; x_wconf 90' lang='lat' dir='ltr'><strong>ll,</strong></span> <span class='ocrx_word' id='word_1_585' title='bbox 1271 5243 1325 5295; x_wconf 87' lang='lat' dir='ltr'><strong>p.</strong></span> <span class='ocrx_word' id='word_1_586' title='bbox 1361 5227 1483 5279; x_wconf 69' lang='lat' dir='ltr'><strong>M2.</strong></span> 
     </span>
    </p>
   </div>
   <div class='ocr_carea' id='block_1_97' title="bbox 415 5293 1982 5368">
    <p class='ocr_par' dir='ltr' id='par_1_97' title="bbox 415 5293 1982 5368">
     <span class='ocr_line' id='line_1_98' title="bbox 415 5293 1982 5368; baseline -0.001 -17"><span class='ocrx_word' id='word_1_587' title='bbox 415 5299 561 5368; x_wconf 61' lang='lat'><strong>(3453)</strong></span> <span class='ocrx_word' id='word_1_588' title='bbox 593 5297 1154 5366; x_wconf 67' lang='lat' dir='ltr'><strong>Hildcgardarcginn</strong></span> <span class='ocrx_word' id='word_1_589' title='bbox 1180 5293 1352 5363; x_wconf 69' lang='lat' dir='ltr'><strong>«.licta,</strong></span> <span class='ocrx_word' id='word_1_590' title='bbox 1385 5297 1521 5364; x_wconf 83' lang='lat' dir='ltr'><strong>quia</strong></span> <span class='ocrx_word' id='word_1_591' title='bbox 1543 5293 1826 5368; x_wconf 74' lang='lat' dir='ltr'><strong>Ludovici</strong></span> <span class='ocrx_word' id='word_1_592' title='bbox 1847 5296 1982 5368; x_wconf 78' lang='lat' dir='ltr'><strong>Ger-</strong></span> 
     </span>
    </p>
   </div>
   <div class='ocr_carea' id='block_1_98' title="bbox 343 5367 1981 5438">
    <p class='ocr_par' dir='ltr' id='par_1_98' title="bbox 343 5367 1981 5438">
     <span class='ocr_line' id='line_1_99' title="bbox 343 5367 1981 5438; baseline -0.002 -14"><span class='ocrx_word' id='word_1_593' title='bbox 343 5370 555 5424; x_wconf 73' lang='lat' dir='ltr'><strong>mania:</strong></span> <span class='ocrx_word' id='word_1_594' title='bbox 589 5370 741 5438; x_wconf 81' lang='lat' dir='ltr'><strong>regis</strong></span> <span class='ocrx_word' id='word_1_595' title='bbox 773 5368 892 5421; x_wconf 81' lang='lat' dir='ltr'><strong>lilia</strong></span> <span class='ocrx_word' id='word_1_596' title='bbox 918 5374 1060 5428; x_wconf 84' lang='lat' dir='ltr'><strong>erat,</strong></span> <span class='ocrx_word' id='word_1_597' title='bbox 1094 5368 1248 5420; x_wconf 80' lang='lat' dir='ltr'><strong>circa</strong></span> <span class='ocrx_word' id='word_1_598' title='bbox 1278 5370 1527 5438; x_wconf 10' lang='lat' dir='ltr'><strong>an.ib&#39;.‘}3,</strong></span> <span class='ocrx_word' id='word_1_599' title='bbox 1561 5367 1828 5438; x_wconf 82' lang='lat' dir='ltr'><strong>&#39;l‘uricnsi</strong></span> <span class='ocrx_word' id='word_1_600' title='bbox 1874 5367 1981 5421; x_wconf 88' lang='lat' dir='ltr'><strong>vir-</strong></span> 
     </span>
    </p>
   </div>
   <div class='ocr_carea' id='block_1_99' title="bbox 341 5437 1980 5510">
    <p class='ocr_par' dir='ltr' id='par_1_99' title="bbox 341 5437 1980 5510">
     <span class='ocr_line' id='line_1_100' title="bbox 341 5437 1980 5510; baseline -0.002 -15"><span class='ocrx_word' id='word_1_601' title='bbox 341 5440 548 5510; x_wconf 79' lang='lat' dir='ltr'><strong>ginum</strong></span> <span class='ocrx_word' id='word_1_602' title='bbox 587 5437 934 5510; x_wconf 80' lang='lat' dir='ltr'><strong>Parthcnoni</strong></span> <span class='ocrx_word' id='word_1_603' title='bbox 978 5440 1259 5508; x_wconf 54' lang='lat' dir='ltr'><strong>[trariis-ta,</strong></span> <span class='ocrx_word' id='word_1_604' title='bbox 1312 5437 1392 5510; x_wconf 82' lang='lat' dir='ltr'><strong>uti</strong></span> <span class='ocrx_word' id='word_1_605' title='bbox 1436 5455 1501 5491; x_wconf 74' lang='lat' dir='ltr'><strong>ex</strong></span> <span class='ocrx_word' id='word_1_606' title='bbox 1533 5437 1796 5505; x_wconf 76' lang='lat' dir='ltr'><strong>ejusdem</strong></span> <span class='ocrx_word' id='word_1_607' title='bbox 1831 5439 1980 5509; x_wconf 83' lang='lat' dir='ltr'><strong>regis</strong></span> 
     </span>
    </p>
   </div>
   <div class='ocr_carea' id='block_1_100' title="bbox 341 5508 2024 5582">
    <p class='ocr_par' dir='ltr' id='par_1_100' title="bbox 341 5508 2024 5582">
     <span class='ocr_line' id='line_1_101' title="bbox 341 5508 2024 5582; baseline -0.001 -16"><span class='ocrx_word' id='word_1_608' title='bbox 341 5508 659 5582; x_wconf 80' lang='lat' dir='ltr'><strong>diplomate</strong></span> <span class='ocrx_word' id='word_1_609' title='bbox 691 5509 1052 5582; x_wconf 76' lang='lat' dir='ltr'><strong>(Guilliuian.</strong></span> <span class='ocrx_word' id='word_1_610' title='bbox 1086 5508 1372 5582; x_wconf 77' lang='lat' dir='ltr'><strong>llclvct._l.</strong></span> <span class='ocrx_word' id='word_1_611' title='bbox 1409 5523 1569 5582; x_wconf 68' lang='lat' dir='ltr'><strong>111.e.</strong></span> <span class='ocrx_word' id='word_1_612' title='bbox 1611 5509 1686 5582; x_wconf 81' lang='lat'><strong>5).</strong></span> <span class='ocrx_word' id='word_1_613' title='bbox 1732 5508 1976 5582; x_wconf 79' lang='lat' dir='ltr'><strong>constat.</strong></span> <span class='ocrx_word' id='word_1_614' title='bbox 2017 5525 2024 5532; x_wconf 84' lang='lat'>&#39;</span> 
     </span>
    </p>
   </div>
   <div class='ocr_carea' id='block_1_101' title="bbox 342 5577 1976 5649">
    <p class='ocr_par' dir='ltr' id='par_1_101' title="bbox 342 5577 1976 5649">
     <span class='ocr_line' id='line_1_102' title="bbox 342 5577 1976 5649; baseline -0.001 -13"><span class='ocrx_word' id='word_1_615' title='bbox 342 5577 576 5636; x_wconf 79' lang='lat' dir='ltr'><strong>Obitum</strong></span> <span class='ocrx_word' id='word_1_616' title='bbox 601 5585 728 5649; x_wconf 83' lang='lat' dir='ltr'><strong>ejus</strong></span> <span class='ocrx_word' id='word_1_617' title='bbox 758 5579 1047 5636; x_wconf 82' lang='lat' dir='ltr'><strong>annalista</strong></span> <span class='ocrx_word' id='word_1_618' title='bbox 1077 5581 1222 5634; x_wconf 84' lang='lat' dir='ltr'><strong>Saxo</strong></span> <span class='ocrx_word' id='word_1_619' title='bbox 1253 5579 1324 5632; x_wconf 88' lang='lat' dir='ltr'><strong>ad</strong></span> <span class='ocrx_word' id='word_1_620' title='bbox 1351 5595 1444 5632; x_wconf 90' lang='lat' dir='ltr'><strong>an.</strong></span> <span class='ocrx_word' id='word_1_621' title='bbox 1469 5579 1595 5638; x_wconf 78' lang='grc'>857,</span> <span class='ocrx_word' id='word_1_622' title='bbox 1617 5577 1898 5632; x_wconf 85' lang='lat' dir='ltr'><strong>Chronica</strong></span> <span class='ocrx_word' id='word_1_623' title='bbox 1919 5581 1976 5634; x_wconf 90' lang='lat' dir='ltr'><strong>S.</strong></span> 
     </span>
    </p>
   </div>
   <div class='ocr_carea' id='block_1_102' title="bbox 341 5649 1976 5720">
    <p class='ocr_par' dir='ltr' id='par_1_102' title="bbox 341 5649 1976 5720">
     <span class='ocr_line' id='line_1_103' title="bbox 341 5649 1976 5720; baseline -0.002 -13"><span class='ocrx_word' id='word_1_624' title='bbox 341 5651 711 5708; x_wconf 88' lang='lat' dir='ltr'><strong>Pantaleonis</strong></span> <span class='ocrx_word' id='word_1_625' title='bbox 741 5653 813 5707; x_wconf 88' lang='lat' dir='ltr'><strong>ad</strong></span> <span class='ocrx_word' id='word_1_626' title='bbox 861 5669 952 5706; x_wconf 85' lang='lat' dir='ltr'><strong>an.</strong></span> <span class='ocrx_word' id='word_1_627' title='bbox 987 5654 1090 5705; x_wconf 70' lang='grc'>853</span> <span class='ocrx_word' id='word_1_628' title='bbox 1123 5651 1500 5720; x_wconf 79' lang='lat' dir='ltr'><strong>consignant.</strong></span> <span class='ocrx_word' id='word_1_629' title='bbox 1527 5649 1634 5720; x_wconf 70' lang='lat' dir='ltr'><strong>Sed</strong></span> <span class='ocrx_word' id='word_1_630' title='bbox 1671 5666 1822 5702; x_wconf 88' lang='lat' dir='ltr'><strong>anno</strong></span> <span class='ocrx_word' id='word_1_631' title='bbox 1853 5652 1976 5716; x_wconf 67' lang='grc'>853,</span> 
     </span>
    </p>
   </div>
   <div class='ocr_carea' id='block_1_103' title="bbox 343 5719 1980 5794">
    <p class='ocr_par' dir='ltr' id='par_1_103' title="bbox 343 5719 1980 5794">
     <span class='ocr_line' id='line_1_104' title="bbox 343 5719 1980 5794; baseline -0.001 -15"><span class='ocrx_word' id='word_1_632' title='bbox 343 5723 533 5780; x_wconf 84' lang='lat' dir='ltr'><strong>adhuc</strong></span> <span class='ocrx_word' id='word_1_633' title='bbox 563 5723 620 5778; x_wconf 92' lang='lat' dir='ltr'><strong>in</strong></span> <span class='ocrx_word' id='word_1_634' title='bbox 653 5723 794 5779; x_wconf 83' lang='lat' dir='ltr'><strong>vivis</strong></span> <span class='ocrx_word' id='word_1_635' title='bbox 817 5727 959 5785; x_wconf 87' lang='lat' dir='ltr'><strong>erat,</strong></span> <span class='ocrx_word' id='word_1_636' title='bbox 982 5740 1096 5794; x_wconf 92' lang='lat' dir='ltr'><strong>quo</strong></span> <span class='ocrx_word' id='word_1_637' title='bbox 1118 5741 1204 5778; x_wconf 66' lang='lat' dir='ltr'><strong>xv;</strong></span> <span class='ocrx_word' id='word_1_638' title='bbox 1225 5719 1344 5794; x_wconf 78' lang='lat' dir='ltr'><strong>Kal.</strong></span> <span class='ocrx_word' id='word_1_639' title='bbox 1373 5719 1506 5776; x_wconf 81' lang='lat' dir='ltr'><strong>Maii</strong></span> <span class='ocrx_word' id='word_1_640' title='bbox 1534 5719 1693 5794; x_wconf 76' lang='lat' dir='ltr'><strong>aliud</strong></span> <span class='ocrx_word' id='word_1_641' title='bbox 1724 5720 1980 5794; x_wconf 75' lang='lat' dir='ltr'><strong>diploma</strong></span> 
     </span>
    </p>
   </div>
   <div class='ocr_carea' id='block_1_104' title="bbox 342 5790 1978 5862">
    <p class='ocr_par' dir='ltr' id='par_1_104' title="bbox 342 5790 1978 5862">
     <span class='ocr_line' id='line_1_105' title="bbox 342 5790 1978 5862; baseline -0.007 0"><span class='ocrx_word' id='word_1_642' title='bbox 342 5795 628 5862; x_wconf 79' lang='lat' dir='ltr'><strong>concessit</strong></span> <span class='ocrx_word' id='word_1_643' title='bbox 652 5794 808 5858; x_wconf 87' lang='lat' dir='ltr'><strong>idem</strong></span> <span class='ocrx_word' id='word_1_644' title='bbox 838 5790 1178 5856; x_wconf 73' lang='lat' dir='ltr'><strong>Ludovicus.</strong></span> <span class='ocrx_word' id='word_1_645' title='bbox 1201 5793 1356 5856; x_wconf 88' lang='lat' dir='ltr'><strong>Obiit</strong></span> <span class='ocrx_word' id='word_1_646' title='bbox 1381 5808 1510 5854; x_wconf 86' lang='lat' dir='ltr'><strong>vero</strong></span> <span class='ocrx_word' id='word_1_647' title='bbox 1531 5809 1566 5850; x_wconf 74' lang='grc' dir='ltr'><strong>χ</strong></span> <span class='ocrx_word' id='word_1_648' title='bbox 1595 5790 1715 5857; x_wconf 86' lang='lat' dir='ltr'><strong>Kal.</strong></span> <span class='ocrx_word' id='word_1_649' title='bbox 1737 5790 1869 5856; x_wconf 72' lang='lat' dir='ltr'><strong>Jan.</strong></span> <span class='ocrx_word' id='word_1_650' title='bbox 1891 5791 1978 5852; x_wconf 87' lang='lat' dir='ltr'><strong>uti</strong></span> 
     </span>
    </p>
   </div>
   <div class='ocr_carea' id='block_1_105' title="bbox 2091 4867 3749 4934">
    <p class='ocr_par' dir='ltr' id='par_1_105' title="bbox 2091 4867 3749 4934">
     <span class='ocr_line' id='line_1_106' title="bbox 2091 4867 3749 4934; baseline 0.007 -12"><span class='ocrx_word' id='word_1_651' title='bbox 2091 4886 2158 4922; x_wconf 84' lang='lat' dir='ltr'><strong>ex</strong></span> <span class='ocrx_word' id='word_1_652' title='bbox 2211 4868 2384 4924; x_wconf 89' lang='lat' dir='ltr'><strong>veteri</strong></span> <span class='ocrx_word' id='word_1_653' title='bbox 2434 4867 2628 4924; x_wconf 90' lang='lat' dir='ltr'><strong>codice</strong></span> <span class='ocrx_word' id='word_1_654' title='bbox 2675 4869 2730 4924; x_wconf 88' lang='lat' dir='ltr'><strong>S.</strong></span> <span class='ocrx_word' id='word_1_655' title='bbox 2791 4869 2935 4925; x_wconf 88' lang='lat' dir='ltr'><strong>Galli</strong></span> <span class='ocrx_word' id='word_1_656' title='bbox 2993 4871 3145 4926; x_wconf 90' lang='lat' dir='ltr'><strong>eruit</strong></span> <span class='ocrx_word' id='word_1_657' title='bbox 3189 4871 3490 4932; x_wconf 87' lang='lat' dir='ltr'><strong>Mabillon.</strong></span> <span class='ocrx_word' id='word_1_658' title='bbox 3531 4876 3749 4934; x_wconf 86' lang='lat' dir='ltr'><strong>Annal.</strong></span> 
     </span>
    </p>
   </div>
   <div class='ocr_carea' id='block_1_106' title="bbox 2100 4939 2721 5020">
    <p class='ocr_par' dir='ltr' id='par_1_106' title="bbox 2100 4939 2721 5020">
     <span class='ocr_line' id='line_1_107' title="bbox 2100 4939 2721 5020; baseline 0 0"><span class='ocrx_word' id='word_1_659' title='bbox 2100 4941 2311 5020; x_wconf 55' lang='lat' dir='ltr'><strong>Bened-</strong></span> <span class='ocrx_word' id='word_1_660' title='bbox 2343 4944 2386 5020; x_wconf 57' lang='grc' dir='ltr'><strong>Ρ·</strong></span> <span class='ocrx_word' id='word_1_661' title='bbox 2415 4939 2508 5020; x_wconf 68' lang='grc' dir='ltr'><strong>Πι-</strong></span> <span class='ocrx_word' id='word_1_662' title='bbox 2543 4956 2598 5020; x_wconf 83' lang='lat' dir='ltr'><strong><em>P-</em></strong></span> <span class='ocrx_word' id='word_1_663' title='bbox 2631 4941 2721 5020; x_wconf 63' lang='lat'><strong>€33-</strong></span> 
     </span>
    </p>
   </div>
   <div class='ocr_carea' id='block_1_107' title="bbox 2163 5009 3571 5088">
    <p class='ocr_par' dir='ltr' id='par_1_107' title="bbox 2163 5009 3571 5088">
     <span class='ocr_line' id='line_1_108' title="bbox 2163 5009 3571 5088; baseline 0.009 -27"><span class='ocrx_word' id='word_1_664' title='bbox 2163 5013 2306 5088; x_wconf 60' lang='lat' dir='ltr'><strong>(3lti)</strong></span> <span class='ocrx_word' id='word_1_665' title='bbox 2343 5009 2724 5088; x_wconf 48' lang='lat' dir='ltr'><strong>[talemincios</strong></span> <span class='ocrx_word' id='word_1_666' title='bbox 2755 5009 2812 5088; x_wconf 77' lang='lat' dir='ltr'><strong>in</strong></span> <span class='ocrx_word' id='word_1_667' title='bbox 2846 5011 3055 5068; x_wconf 85' lang='lat' dir='ltr'><strong>Misnia</strong></span> <span class='ocrx_word' id='word_1_668' title='bbox 3077 5013 3416 5088; x_wconf 82' lang='lat' dir='ltr'><strong>intelligunt</strong></span> <span class='ocrx_word' id='word_1_669' title='bbox 3446 5017 3571 5074; x_wconf 91' lang='lat' dir='ltr'><strong>alii.</strong></span> 
     </span>
    </p>
   </div>
   <div class='ocr_carea' id='block_1_108' title="bbox 2161 5081 3749 5163">
    <p class='ocr_par' dir='ltr' id='par_1_108' title="bbox 2161 5081 3749 5163">
     <span class='ocr_line' id='line_1_109' title="bbox 2161 5081 3749 5163; baseline 0.013 -34"><span class='ocrx_word' id='word_1_670' title='bbox 2161 5081 2306 5163; x_wconf 63' lang='lat' dir='ltr'><strong>(‘3.l7)</strong></span> <span class='ocrx_word' id='word_1_671' title='bbox 2359 5082 2563 5163; x_wconf 61' lang='lat' dir='ltr'><strong>Obitus</strong></span> <span class='ocrx_word' id='word_1_672' title='bbox 2615 5081 2818 5163; x_wconf 76' lang='lat' dir='ltr'><strong>Leonis</strong></span> <span class='ocrx_word' id='word_1_673' title='bbox 2870 5085 3160 5163; x_wconf 61' lang='lat' dir='ltr'><strong>pap:e_ad</strong></span> <span class='ocrx_word' id='word_1_674' title='bbox 3211 5081 3438 5163; x_wconf 57' lang='lat' dir='ltr'><strong>animm</strong></span> <span class='ocrx_word' id='word_1_675' title='bbox 3484 5090 3749 5162; x_wconf 89' lang='lat' dir='ltr'><strong>priorem</strong></span> 
     </span>
    </p>
   </div>
   <div class='ocr_carea' id='block_1_109' title="bbox 2091 5153 3746 5234">
    <p class='ocr_par' dir='ltr' id='par_1_109' title="bbox 2091 5153 3746 5234">
     <span class='ocr_line' id='line_1_110' title="bbox 2091 5153 3746 5234; baseline 0.008 -26"><span class='ocrx_word' id='word_1_676' title='bbox 2091 5153 2472 5234; x_wconf 36' lang='lat' dir='ltr'><strong>spectat.oll‘ic</strong></span> <span class='ocrx_word' id='word_1_677' title='bbox 2505 5153 3283 5234; x_wconf 34' lang='lat' dir='ltr'><strong>scquiorisﬂae‘viscriptores</strong></span> <span class='ocrx_word' id='word_1_678' title='bbox 3315 5153 3616 5234; x_wconf 77' lang='lat' dir='ltr'><strong>Joannem</strong></span> <span class='ocrx_word' id='word_1_679' title='bbox 3643 5180 3746 5234; x_wconf 86' lang='lat' dir='ltr'><strong>pa-</strong></span> 
     </span>
    </p>
   </div>
   <div class='ocr_carea' id='block_1_110' title="bbox 2092 5224 3746 5300">
    <p class='ocr_par' dir='ltr' id='par_1_110' title="bbox 2092 5224 3746 5300">
     <span class='ocr_line' id='line_1_111' title="bbox 2092 5224 3746 5300; baseline 0.008 -23"><span class='ocrx_word' id='word_1_680' title='bbox 2092 5224 2312 5300; x_wconf 74' lang='lat' dir='ltr'><strong>pissam</strong></span> <span class='ocrx_word' id='word_1_681' title='bbox 2351 5224 2680 5300; x_wconf 67' lang='lat' dir='ltr'><strong>intrudunt,</strong></span> <span class='ocrx_word' id='word_1_682' title='bbox 2725 5224 2959 5300; x_wconf 74' lang='lat' dir='ltr'><strong>refutati</strong></span> <span class='ocrx_word' id='word_1_683' title='bbox 2984 5244 3044 5300; x_wconf 86' lang='lat' dir='ltr'><strong>_a</strong></span> <span class='ocrx_word' id='word_1_684' title='bbox 3073 5224 3339 5300; x_wconf 68' lang='lat' dir='ltr'><strong>Labbeo,</strong></span> <span class='ocrx_word' id='word_1_685' title='bbox 3368 5233 3546 5287; x_wconf 88' lang='lat' dir='ltr'><strong>Cone.</strong></span> <span class='ocrx_word' id='word_1_686' title='bbox 3581 5224 3746 5300; x_wconf 73' lang='lat' dir='ltr'><strong>t.lX,</strong></span> 
     </span>
    </p>
   </div>
   <div class='ocr_carea' id='block_1_111' title="bbox 2090 5295 3750 5392">
    <p class='ocr_par' dir='ltr' id='par_1_111' title="bbox 2090 5295 3750 5392">
     <span class='ocr_line' id='line_1_112' title="bbox 2090 5295 3750 5392; baseline 0.005 -40"><span class='ocrx_word' id='word_1_687' title='bbox 2090 5295 2338 5392; x_wconf 31' lang='lat' dir='ltr'><strong>plum.</strong></span> <span class='ocrx_word' id='word_1_688' title='bbox 2373 5296 2602 5363; x_wconf 87' lang='lat' dir='ltr'><strong>Eckart,</strong></span> <span class='ocrx_word' id='word_1_689' title='bbox 2639 5295 2768 5350; x_wconf 84' lang='lat' dir='ltr'><strong>Rer.</strong></span> <span class='ocrx_word' id='word_1_690' title='bbox 2801 5295 3177 5370; x_wconf 79' lang='lat' dir='ltr'><strong>Wurzburg.,</strong></span> <span class='ocrx_word' id='word_1_691' title='bbox 3208 5299 3248 5354; x_wconf 91' lang='lat' dir='ltr'><strong>l.</strong></span> <span class='ocrx_word' id='word_1_692' title='bbox 3282 5317 3414 5368; x_wconf 79' lang='lat' dir='ltr'><strong>xxx,</strong></span> <span class='ocrx_word' id='word_1_693' title='bbox 3448 5319 3504 5358; x_wconf 91' lang='lat' dir='ltr'><strong>c.</strong></span> <span class='ocrx_word' id='word_1_694' title='bbox 3553 5304 3664 5360; x_wconf 86' lang='grc'><strong>117</strong></span> <span class='ocrx_word' id='word_1_695' title='bbox 3692 5295 3750 5361; x_wconf 78' lang='lat' dir='ltr'><strong>et</strong></span> 
     </span>
    </p>
   </div>
   <div class='ocr_carea' id='block_1_112' title="bbox 2089 5368 3711 5560">
    <p class='ocr_par' dir='ltr' id='par_1_112' title="bbox 2089 5368 3711 5560">
     <span class='ocr_line' id='line_1_113' title="bbox 2089 5368 3673 5560; baseline 0.007 -69"><span class='ocrx_word' id='word_1_696' title='bbox 2089 5368 2304 5560; x_wconf 35' lang='lat' dir='ltr'><strong>algis/i8)</strong></span> <span class='ocrx_word' id='word_1_697' title='bbox 2341 5439 2400 5519; x_wconf 78' lang='lat' dir='ltr'><strong>In</strong></span> <span class='ocrx_word' id='word_1_698' title='bbox 2435 5436 2760 5517; x_wconf 75' lang='lat' dir='ltr'><strong>Annalibus</strong></span> <span class='ocrx_word' id='word_1_699' title='bbox 2796 5436 2955 5492; x_wconf 82' lang='lat' dir='ltr'><strong>Fuld.</strong></span> <span class='ocrx_word' id='word_1_700' title='bbox 2990 5438 3370 5513; x_wconf 83' lang='lat' dir='ltr'><strong>Scalajugatus</strong></span> <span class='ocrx_word' id='word_1_701' title='bbox 3398 5447 3673 5503; x_wconf 85' lang='lat' dir='ltr'><strong>vocatur.</strong></span> 
     </span>
     <span class='ocr_line' id='line_1_114' title="bbox 2181 5507 3711 5560; baseline 0 0"><span class='ocrx_word' id='word_1_702' title='bbox 2181 5509 2306 5560; x_wconf 67' lang='lat' dir='ltr'><strong>Mill</strong></span> <span class='ocrx_word' id='word_1_703' title='bbox 2337 5507 2464 5560; x_wconf 80' lang='lat' dir='ltr'><strong>Vld.</strong></span> <span class='ocrx_word' id='word_1_704' title='bbox 2499 5508 2707 5560; x_wconf 85' lang='lat' dir='ltr'><strong>conci].</strong></span> <span class='ocrx_word' id='word_1_705' title='bbox 2739 5510 2932 5560; x_wconf 79' lang='lat' dir='ltr'><strong>Germ.</strong></span> <span class='ocrx_word' id='word_1_706' title='bbox 2981 5515 3021 5560; x_wconf 88' lang='lat' dir='ltr'><strong>t.</strong></span> <span class='ocrx_word' id='word_1_707' title='bbox 3071 5510 3142 5560; x_wconf 91' lang='grc' dir='ltr'><strong>Ῑῐ-</strong></span> <span class='ocrx_word' id='word_1_708' title='bbox 3186 5529 3244 5560; x_wconf 83' lang='lat' dir='ltr'><strong>n-</strong></span> <span class='ocrx_word' id='word_1_709' title='bbox 3285 5514 3412 5560; x_wconf 65' lang='lat'><strong>2.53-</strong></span> <span class='ocrx_word' id='word_1_710' title='bbox 3462 5517 3711 5560; x_wconf 73' lang='lat' dir='ltr'><strong>nnani</strong></span> 
     </span>
    </p>
   </div>
   <div class='ocr_carea' id='block_1_113' title="bbox 2089 5508 3746 5660">
    <p class='ocr_par' dir='ltr' id='par_1_113' title="bbox 2089 5508 3746 5660">
     <span class='ocr_line' id='line_1_115' title="bbox 2159 5508 3746 5596; baseline 0.007 -32"><span class='ocrx_word' id='word_1_711' title='bbox 2159 5508 2306 5593; x_wconf 40' lang='lat'><strong>(3/39.)</strong></span> <span class='ocrx_word' id='word_1_712' title='bbox 2337 5508 2464 5562; x_wconf 90' lang='lat' dir='ltr'><strong>Vid.</strong></span> <span class='ocrx_word' id='word_1_713' title='bbox 2499 5508 2707 5589; x_wconf 78' lang='lat' dir='ltr'><strong>conci].</strong></span> <span class='ocrx_word' id='word_1_714' title='bbox 2739 5510 2932 5564; x_wconf 79' lang='lat' dir='ltr'><strong>Germ.</strong></span> <span class='ocrx_word' id='word_1_715' title='bbox 2981 5515 3021 5564; x_wconf 90' lang='lat' dir='ltr'><strong>t.</strong></span> <span class='ocrx_word' id='word_1_716' title='bbox 3071 5508 3156 5594; x_wconf 43' lang='lat' dir='ltr'><strong>Il,’</strong></span> <span class='ocrx_word' id='word_1_717' title='bbox 3185 5508 3244 5596; x_wconf 46' lang='lat' dir='ltr'><strong>p&#39;.</strong></span> <span class='ocrx_word' id='word_1_718' title='bbox 3285 5514 3414 5582; x_wconf 62' lang='lat'><strong>243,</strong></span> <span class='ocrx_word' id='word_1_719' title='bbox 3462 5517 3746 5588; x_wconf 84' lang='lat' dir='ltr'><strong>quamvis</strong></span> 
     </span>
     <span class='ocr_line' id='line_1_116' title="bbox 2089 5578 3744 5660; baseline 0.011 -31"><span class='ocrx_word' id='word_1_720' title='bbox 2089 5581 2400 5660; x_wconf 58' lang='grc' dir='ltr'><strong>ραηοιξιιιπι</strong></span> <span class='ocrx_word' id='word_1_721' title='bbox 2443 5578 2744 5660; x_wconf 27' lang='lat' dir='ltr'><strong>hoe‘cirea</strong></span> <span class='ocrx_word' id='word_1_722' title='bbox 2789 5583 3028 5660; x_wconf 23' lang='grc' dir='ltr'><strong>τηρῇ-857</strong></span> <span class='ocrx_word' id='word_1_723' title='bbox 3064 5583 3374 5658; x_wconf 63' lang='lat' dir='ltr'><strong>distinguit</strong></span> <span class='ocrx_word' id='word_1_724' title='bbox 3417 5585 3644 5660; x_wconf 86' lang='lat' dir='ltr'><strong>Mansi,</strong></span> <span class='ocrx_word' id='word_1_725' title='bbox 3685 5589 3744 5648; x_wconf 85' lang='lat' dir='ltr'><strong>in</strong></span> 
     </span>
    </p>
   </div>
   <div class='ocr_carea' id='block_1_114' title="bbox 2089 5651 2930 5726">
    <p class='ocr_par' dir='ltr' id='par_1_114' title="bbox 2089 5651 2930 5726">
     <span class='ocr_line' id='line_1_117' title="bbox 2089 5651 2930 5726; baseline 0 -18"><span class='ocrx_word' id='word_1_726' title='bbox 2089 5652 2292 5726; x_wconf 83' lang='lat' dir='ltr'><strong>Suppl.</strong></span> <span class='ocrx_word' id='word_1_727' title='bbox 2325 5651 2530 5708; x_wconf 87' lang='lat' dir='ltr'><strong>concil.</strong></span> <span class='ocrx_word' id='word_1_728' title='bbox 2563 5655 2606 5707; x_wconf 86' lang='lat' dir='ltr'><strong>t.</strong></span> <span class='ocrx_word' id='word_1_729' title='bbox 2643 5651 2684 5720; x_wconf 91' lang='lat' dir='ltr'><strong>l,</strong></span> <span class='ocrx_word' id='word_1_730' title='bbox 2719 5667 2773 5724; x_wconf 86' lang='lat' dir='ltr'><strong>p.</strong></span> <span class='ocrx_word' id='word_1_731' title='bbox 2807 5652 2930 5708; x_wconf 75' lang='lat' dir='ltr'><strong>U79.</strong></span> 
     </span>
    </p>
   </div>
  </div>
