3894 6400
139 491 258 553 185

1385 493 1856 564 CHRONICON.
1885 507 1968 548 ί-
1998 499 2188 560 8ιΕΟ.
2235 493 2331 560 ΙΧ.

3423 493 3540 562 186

1514 655 1744 713 CODEX
1782 656 2177 714 AUGIENSIS.

216 768 327 823 858
355 767 742 824 Terrmmotus
765 783 1015 841 magnus
1038 768 1310 825 Kalendis
1329 770 1460 826 Jan.
1483 772 1666 829 factus
1678 777 1787 830 est.
1824 775 1876 840 Α
1905 774 2018 829 bile
2033 774 2405 845 przebueruit.
2431 773 2760 829 Ludovicus
2781 775 2838 828 et
2858 771 3102 828 Carolus
3123 772 3547 845 Lothariusque

146 856 465 912 Lotharius
512 873 612 913 rex
660 856 818 912 ﬁlius
865 858 1117 914 Lotharii
1165 859 1530 931 imperatoris
1593 867 1796 917 contra

146 943 515 1000 Ludovicum
545 961 740 1017 regem
771 951 1046 1017 patruum
1079 963 1253 1001 suum
1277 963 1409 1002 eum
1441 947 1640 1004 Carolo
1663 965 1796 1020 rege

147 1031 267 1088 alio
298 1036 510 1104 patruo
541 1050 648 1088 suo
671 1034 1018 1104 conjuravit.
1044 1035 1370 1090 Ludovicus
1392 1051 1490 1091 rex
1508 1035 1798 1108 legatione

147 1121 376 1194 populi,
409 1121 480 1177 de
510 1123 846 1193 tyrrannide
867 1123 1054 1178 Caroli
1079 1123 1293 1178 ﬂebilia
1322 1125 1648 1195 conquesti,
1683 1125 1799 1180 sol-

150 1209 438 1277 licitatus,
489 1210 589 1264 diu
639 1212 1084 1267 cunctabundus
1133 1211 1351 1267 Gallias
1399 1214 1634 1268 tandem
1663 1229 1796 1268 eum

151 1297 410 1354 exercitu
441 1297 639 1366 intrat,
673 1299 1013 1371 cunctisque
1045 1316 1188 1371 pene
1220 1301 1290 1356 ad
1321 1317 1455 1356 eum
1482 1301 1795 1368 conversis,

150 1385 396 1442 Carolus
455 1387 623 1458 fugit.
681 1388 812 1460 lpse
877 1388 1010 1459 plus
1065 1403 1225 1460 isquo
1267 1405 1531 1457 securus,
1565 1389 1799 1462 proprio

153 1476 411 1531 exercitu
442 1476 962 1548 remisso,regnum
985 1476 1154 1542 illud,
1184 1482 1358 1548 prout
1379 1477 1578 1547 voluit,
1607 1478 1800 1549 dispo-

149 1564 404 1620 suit.Sed
435 1565 596 1620 fraus
627 1566 1040 1636 quorumdam,
1085 1565 1398 1638 fratrisque
1441 1566 1625 1621 Caroli
1673 1582 1797 1621 ver-

149 1652 312 1710 sutia
329 1652 636 1708 incautum
658 1653 737 1708 ibi
760 1654 1253 1721 circumvenisset,
1285 1655 1400 1709 nisi
1428 1655 1584 1710 fama
1614 1654 1800 1710 rebel-

150 1742 403 1798 lantium
438 1743 790 1798 Soraborum
824 1743 1058 1814 proprio
1090 1743 1433 1798 auxiliatum
1469 1760 1644 1815 regno
1678 1760 1799 1799 ma-

153 1831 351 1886 turius
381 1847 516 1887 eum
549 1837 910 1898 revocasset;
947 1848 1062 1903 quo
1110 1833 1406 1898 redeunte,
1437 1831 1682 1887 Carolus
1711 1847 1802 1887 re-

152 1935 339 1990 gnum
373 1936 548 1975 suum
580 1919 816 1992 recepit.
849 1921 1047 1974 Annal.
1104 1921 1289 1987 Fuld.,
1321 1922 1466 1975 Pith.
1511 1953 1576 1960 -——
1607 1921 1799 1992 Augize

156 2008 454 2064 Folcwino
485 2009 682 2064 abbati
715 2008 997 2064 Waltheri
1056 2026 1171 2077 xiv,
1235 2010 1485 2064 succssit
1521 2010 1690 2064 annis
1720 2026 1797 2064 v1.

1903 879 2064 933 reges
2097 862 2155 916 in
2187 863 2524 918 Confluente
2554 867 2744 918 castro
2796 862 3210 918 convenientes
3243 862 3547 932 paciﬁcan-

1904 955 2019 1012 tur,
2081 955 2352 1006 mutuum
2399 956 2766 1006 sacramento
2816 956 3054 1023 pactum
3105 951 3542 1007 confirmantes.

1906 1039 1940 1092 A
1953 1039 2104 1092 nnal.
2151 1039 2310 1093 Fuld.

1975 1127 2073 1181 861
2108 1127 2429 1183 Ludovicus
2463 1144 2560 1183 rex
2616 1127 2815 1182 habito
2875 1127 3206 1199 Ratisponae
3238 1131 3548 1194 conventu,

1907 1214 2128 1284 aliquot
2157 1215 2432 1285 primates
2468 1231 2605 1270 suos
2637 1215 3000 1270 infidelitatis
3031 1221 3334 1270 accusatos
3366 1217 3545 1288 depo-

1906 1302 2042 1357 suit.
2081 1304 2222 1357 ltem
2256 1307 2456 1358 contra
2474 1305 2751 1373 majorem
2781 1304 2966 1358 filium
2999 1321 3172 1358 suum
3205 1303 3544 1359 Carloman-

1908 1407 2049 1444 num
2080 1391 2384 1446 Carantani
2434 1393 2662 1457 ducem,
2699 1392 2864 1463 quasi
2897 1409 2985 1446 res
3035 1410 3210 1448 novas
3250 1397 3452 1448 contra
3483 1408 3546 1448 se

1908 1479 2262 1543 molientem,
2295 1480 2478 1534 iratus
2500 1484 2606 1534 est.
2642 1481 2846 1534 Fames
2865 1479 3232 1536 validissima
3260 1481 3368 1536 hoc
3393 1497 3545 1536 anno

1909 1554 2309 1622 factafAn-nal.
2334 1568 2492 1623 Fuld.
2519 1599 2585 1606 ——
2609 1567 2986 1638 Moginradus
3010 1568 3206 1640 Augize
3226 1569 3548 1624 monachus

1908 1660 1963 1710 et
1993 1655 2219 1726 primus
2249 1655 2440 1711 incola
2469 1654 2804 1726 eremi,qua3
2827 1655 3103 1710 Turicino
3129 1657 3352 1727 adjacet
3373 1656 3546 1724 laeui,

1907 1762 1941 1798 a
1971 1744 2326 1814 quibusdam
2385 1743 2710 1799 latronibus
2767 1743 2912 1798 inibi
2971 1762 3052 1798 xu
3084 1745 3206 1801 Kal.
3243 1746 3408 1801 Febr.
3445 1763 3551 1817 pe-

1909 1837 2190 1904 remptus,
2216 1837 2348 1903 post
2370 1832 2971 1899 mortem,virtutibus
2992 1833 3202 1888 claruit
3231 1833 3550 1906 Augiaaque

1909 1919 2174 1991 sepultus
2203 1925 2326 1975 est:
2362 1937 2395 1975 a
2425 1937 2538 1992 quo
2598 1937 2785 1991 usque
2844 1921 3016 1976 hodie
3053 1937 3286 1978 eremus
3343 1921 3468 1995 ipsa
3515 1939 3550 1978 a

1910 2009 2130 2064 sanctis
2152 2013 2208 2063 et
2231 2008 2519 2080 religiosis
2545 2008 2699 2063 culta
2712 2009 2940 2074 viris,in
2967 2008 3156 2065 nobile
3179 2016 3236 2065 et
3254 2011 3544 2068 famosum

153 2096 370 2152 Villam
429 2097 748 2197 quamdam
799 2098 970 2167 juxta
1027 2097 1402 2195 Moguntiam.
1422 2104 1474 2152 et
1508 2097 1799 2196 Rhenum,
1832 2134 1877 2198 D
1900 2099 2024 2166 jam
2057 2098 2280 2152 dudum
2310 2097 2555 2152 excrevit
2573 2099 2896 2153 cmnobium
2921 2099 3088 2168 (352).
3115 2099 3310 2171 Hepid.
3339 2100 3541 2158 Chron.

155 2185 494 2241 Cammunti
527 2186 676 2256 (350)
707 2189 991 2254 vocatam,
1026 2202 1276 2256 nequam
1316 2185 1580 2257 spiritus,
1611 2185 1798 2256 primo

156 2273 534 2330 invisibiliter
551 2289 833 2345 respousa
853 2274 1064 2339 dando,
1083 2274 1237 2329 furta
1260 2274 1576 2345 prodendo,
1595 2274 1800 2329 deinde

155 2363 335 2419 etiam
370 2361 664 2433 lapidibus
689 2362 863 2433 jactis
893 2367 951 2417 et
980 2364 1287 2417 domorum
1315 2362 1601 2417 incendiis
1622 2361 1803 2416 homi-

156 2466 261 2506 nes
292 2451 714 2524 persequendo,
749 2467 851 2521 per
897 2450 1212 2505 triennium
1263 2450 1546 2505 infestans
1576 2456 1800 2505 vastam

153 2539 367 2595 reddit.
428 2539 629 2593 Annal.
664 2539 850 2603 Fuld.,
882 2543 1008 2596 Met.
1044 2570 1110 2577 ——
1163 2539 1356 2594 Roma:
1401 2543 1532 2609 post
1562 2538 1801 2594 Benedi-

153 2632 318 2684 ctum
353 2626 628 2682 Nicolaus
654 2643 806 2698 papa
835 2626 986 2681 sedit
1016 2626 1186 2681 annis
1220 2643 1295 2681 1x.
1326 2628 1514 2680 Anast.

223 2717 333 2771 859
368 2715 693 2770 Ludovicus
749 2732 847 2770 rex
904 2714 1305 2785 frequentibus
1366 2714 1562 2770 missis
1595 2713 1801 2786 legatis

154 2821 292 2861 cum
309 2805 490 2860 fratre
503 2802 726 2870 Carolo,
751 2807 807 2858 et
821 2803 1089 2858 Lothario
1105 2819 1235 2875 rege
1247 2802 1524 2858 fratruele
1539 2804 1804 2874 paciﬁca-

155 2892 768 2965 risatagens,tandem
792 2907 926 2946 cum
949 2891 1341 2947 denominatis
1362 2891 1504 2946 viris
1527 2893 1597 2947 ad
1621 2909 1804 2948 secre-

155 2988 285 3038 tum
310 2998 447 3038 cum
460 2980 544 3037 eis
557 2980 910 3053 colloquium
923 2981 1363 3052 venitdiemque
1385 2981 1802 3052 paciﬁcationis

156 3070 436 3126 condivit.
473 3070 709 3141 Legatos
751 3069 926 3124 etiam
969 3068 1203 3124 Nicolao
1235 3086 1400 3140 papas
1429 3073 1482 3124 et
1515 3070 1802 3124 Ludovico

155 3157 498 3231 imperatori
529 3155 791 3212 fratrueli
823 3174 928 3212 suo
961 3173 1022 3212 se
1054 3158 1124 3212 de
1154 3156 1356 3212 invaso
1402 3157 1596 3212 fratris
1628 3173 1803 3229 regno

154 3250 502 3304 excusatum
532 3245 707 3302 misit.
745 3246 940 3303 Crebri
970 3249 1334 3302 terrmmotus
1365 3235 1802 3317 Moguntiacum

156 3337 312 3393 150
343 3335 685 3392 concutiunt
719 3351 733 3402 ;
766 3334 964 3405 ibique
992 3335 1216 3390 Probus
1246 3334 1548 3406 presbyter
1574 3334 1802 3406 religio-

155 3442 259 3481 sus
279 3428 339 3480 et
353 3428 595 3480 sanctus
616 3440 692 3480 vn
717 3422 838 3477 Kal.
864 3421 1005 3477 Julii
1030 3423 1175 3492 (351)
1194 3421 1357 3478 obiit.
1377 3421 1580 3477 Annal.
1614 3423 1799 3490 Fuld.,

218 3604 329 3657 860
359 3600 561 3656 Hiems
593 3599 770 3654 nimis
795 3616 943 3654 saeva
995 3603 1052 3654 et
1075 3598 1294 3670 prolixa
1317 3604 1596 3672 terrasque
1619 3599 1797 3672 frugi-

152 3693 262 3748 bus
297 3689 476 3746 noxia
505 3689 657 3744 facta
678 3693 788 3758 est,
815 3689 957 3743 adeo
983 3693 1048 3742 ut
1069 3693 1126 3743 et
1149 3687 1374 3743 Ionium
1398 3703 1556 3743 mare
1583 3687 1799 3760 glacia-

152 3789 277 3837 tum
309 3794 502 3851 usque
521 3777 582 3833 in
611 3777 916 3833 Venetiam
947 3776 1113 3848 equis
1143 3781 1200 3832 et
1228 3776 1518 3848 carpentis
1551 3793 1612 3832 se
1640 3793 1798 3832 mea-

1909 2186 1962 2239 S.
1996 2186 2159 2240 Galli.

1977 2276 2082 2327 862
2115 2275 2418 2329 Lotharius
2472 2289 2589 2342 rex,
2669 2275 2998 2330 faventibus
3072 2277 3546 2348 archiepiscopis,

1909 2361 2233 2417 Guntharia
2275 2362 2615 2417 Coloniense
2661 2366 2718 2417 et
2755 2363 3149 2432 Theodgaudo
3178 2365 3548 2433 Treverense,

1909 2450 2213 2521 repudiata
2259 2450 2597 2520 Tiothpirga
2641 2451 2759 2518 (aL,
2793 2449 3162 2522 Thietherga]
3195 2468 3371 2506 uxore
3409 2452 3550 2525 legi-

1909 2539 2072 2604 tima,
2123 2538 2500 2592 Waldradam
2532 2538 2918 2592 concubinam
2950 2538 3058 2593 sibi
3088 2541 3422 2610 conjunxit;
3456 2557 3550 2613 sy-

1911 2628 2064 2682 nodo
2094 2628 2165 2681 ad
2195 2627 2304 2682 hoc
2334 2627 2503 2698 quasi
2519 2628 2648 2696 jure
2680 2626 3135 2682 machinandum
3182 2628 3372 2683 Mettis
3405 2631 3553 2702 (253)

1911 2714 2170 2770 collecta.
2203 2715 2629 2769 Carlomannus
2658 2715 2886 2784 objecta
2907 2730 3211 2783 excusans,
3242 2717 3383 2772 I51
3411 2733 3550 2773 cum

1911 2808 2071 2874 patre
2103 2804 2457 2874 pacilicatur.
2495 2803 2822 2858 Ludovicus
2880 2820 2976 2858 rex
3017 2804 3328 2859 Abodritos
3361 2805 3547 2860 rebel-

1909 2892 2098 2947 lantes
2148 2896 2369 2964 petens,
2428 2891 2661 2947 obsides
2717 2891 2853 2946 dare
2902 2893 3107 2963 coegit.
3160 2893 3361 2948 Annal.
3397 2895 3542 2960 Met,

1910 2983 2189 3035 Hincmar.
2614 3041 2625 3056 ε

1980 3071 2084 3124 863
2114 3068 2535 3124 Karlomannus
2566 3069 2706 3124 item
2738 3069 2892 3141 apud
2950 3073 3175 3140 patrem
3206 3070 3349 3125 adeo
3378 3069 3547 3126 inno-

1911 3175 2049 3214 cens
2078 3162 2385 3213 accusatus
2415 3162 2522 3222 est,
2559 3162 2624 3212 ut
2649 3163 2873 3229 patrem
2896 3164 3097 3213 contra
3117 3175 3179 3213 se
3197 3158 3550 3224 venientem,

1911 3264 1945 3302 a
1975 3247 2097 3302 suis
2126 3247 2392 3317 proditus
2411 3250 2466 3301 et
2489 3247 2704 3301 ducatu
2726 3247 3011 3318 privatus,
3032 3246 3126 3301 vix
3154 3246 3550 3303 innocentiam

1911 3334 2524 3407 probans,placaverit.
2547 3365 2615 3374 —
2637 3335 2903 3406 Synodus
2923 3351 3117 3390 coram
3140 3335 3379 3391 Arsenio
3399 3335 3550 3407 (354)

1916 3425 2102 3495 legato
2134 3421 2351 3477 Nicolai
2382 3439 2541 3494 papa:
2597 3422 2789 3476 Mettis
2819 3421 3034 3489 habita,
3077 3427 3133 3477 et
3188 3423 3548 3479 Guntharius

1833 3493 1874 3559 (ἶ
1913 3493 2441 3583 Theatgaudusque
2492 3509 2984 3581 archiepiscopus,
3062 3527 3164 3581 pro
3223 3512 3551 3567 roboranda

1910 3617 2084 3671 quam
2118 3599 2433 3654 machinati
2455 3598 2854 3653 suntLotharii
2889 3599 3042 3670 regis
3063 3616 3260 3666 causa,
3297 3601 3542 3656 Romam

1908 3687 2321 3759 missi,synodo
2344 3687 2764 3754 Romze(355)ab
2783 3686 3018 3742 Nicolao
3043 3704 3193 3759 papa
3214 3687 3453 3744 collecta
3477 3690 3548 3745 ab

1909 3776 2110 3831 ordine
2159 3774 2404 3846 depositi
2437 3779 2493 3830 et
2522 3791 2655 3830 cum
2688 3776 2908 3847 synodo
2941 3792 3049 3831 sua
3079 3776 3550 3833 anathematizati

1187 3917 1655 3976 COMPENDIUM
1694 3919 1781 3976 EX
1821 3918 2077 3979 CODICE.
2110 3917 2485 3973 BERNOLDI.

223 4039 332 4095 858
366 4036 566 4093 Villam
595 4034 889 4107 quamdam
937 4035 1106 4106 juxta
1161 4033 1559 4105 Moguntiacum
1586 4041 1638 4090 et
1668 4033 1800 4089 Rhe-

155 4145 309 4193 num,
362 4126 625 4182 Camunti
678 4131 942 4190 vocatam,
1002 4139 1241 4195 nequam
1275 4124 1520 4193 spiritus,
1557 4121 1800 4178 homines

152 4215 544 4287 multipliciter
573 4211 900 4282 infestando,
932 4211 1245 4267 devastavit.
1280 4211 1464 4268 Romae
1487 4215 1606 4282 post
1628 4213 1799 4266 Bene—

149 4315 426 4380 dictum..,
458 4309 601 4366 sedit
629 4311 794 4365 annis
824 4325 1031 4365 novem.

217 4402 326 4458 859
359 4400 554 4457 Crebri
579 4401 924 4455 terreemotus
953 4398 1420 4466 Mogunliacum...
1453 4396 1604 4451 obiit.

213 4491 326 4546 860
355 4488 557 4544 Hiems
593 4488 840 4542 maxima
885 4488 1054 4542 etiam
1083 4487 1302 4540 Ionium
1359 4501 1513 4541 mare
1542 4499 1709 4555 usque
1738 4485 1800 4538 in

154 4581 442 4638 Venetiam
469 4592 570 4649 per
593 4577 826 4646 glaciem
854 4577 1006 4648 equis
1034 4575 1268 4630 meabile
1293 4575 1443 4645 fecit.

1907 4035 2054 4088 culta
2086 4036 2146 4088 in
2175 4034 2354 4089 nobile
2385 4033 2624 4088 excrevit
2653 4031 2977 4086 cwnobium.

1978 4123 2082 4176 862
2111 4121 2400 4176 Lotharius
2457 4135 2623 4174 rex...
2685 4119 2986 4174 Trevirensi
3042 4119 3345 4190 repudiavit
3396 4122 3545 4177 Tith-

1903 4211 2124 4281 pirgam
2151 4224 2376 4264 uxorem
2406 4209 2730 4277 legitimam,
2753 4206 2956 4278 synodo
2977 4207 3047 4262 ad
3069 4207 3166 4264 hoc
3184 4211 3548 4266 manchinan-

1907 4301 2038 4355 dum
2064 4299 2302 4353 collecta.

1978 4388 2082 4443 863
2113 4385 2321 4458 Synodo
2353 4387 2533 4442 Romae
2563 4385 2801 4451 collecta,
2865 4386 3199 4442 Guntharius
3253 4395 3304 4442 et
3357 4389 3543 4444 Theot-

1908 4477 2118 4548 gaudus
2145 4475 2534 4547 archiepiscopi
2561 4475 2696 4529 illuc
2721 4475 3054 4539 transmissi,
3086 4489 3126 4528 α
3155 4475 3372 4531 Nicolao
3397 4494 3544 4548 papa

1907 4567 2136 4638 depositi
2190 4572 2334 4635 sunt,
2390 4572 2441 4620 et
2492 4580 2613 4618 cum
2667 4562 2868 4634 synodo
2916 4579 3014 4618 sua
3071 4564 3537 4631 anathematizali,

211 4669 310 4726 864
363 4666 798 4738 Meginradus...
832 4665 1050 4732 claruit,
1083 4665 1279 4733 Augiw
1305 4663 1580 4735 sepultus:
1614 4679 1647 4718 a
1694 4677 1798 4732 quo
1829 4732 1864 4738 _
1906 4655 2300 4725 Lothariusque
2354 4669 2453 4709 rex
2494 4654 2606 4708 nisi
2635 4653 2990 4723 resipisceret,
3046 4655 3541 4708 excommunicatus

148 4774 314 4831 usque
343 4732 505 4812 hodie
532 4769 744 4811 eremus
773 4756 895 4826 ipsa
921 4771 956 4810 a
1007 4732 1208 4810 sanctis
1236 4757 1289 4809 et
1343 4732 1611 4824 religiosis
1663 4752 1800 4808 viris
1829 4732 1874 4797 D
1904 4754 1999 4803 est.

1730 4873 1962 4930 NOTAE.

216 4997 362 5068 (350)
401 4995 589 5068 Locus
612 4992 786 5068 hicin
807 4991 996 5048 citatis
1018 4991 1327 5068 annalibus
1357 4991 1791 5068 vocaturCaput

152 5062 440 5135 montium,
467 5066 624 5120 unde
640 5064 850 5135 vulgus
867 5068 1135 5135 corrupte
1151 5062 1472 5118 Communzi
1492 5063 1645 5130 fecit,
1669 5077 1796 5133 pro-

153 5158 215 5210 pe
249 5137 568 5213 Pinguiam
595 5152 698 5193 seu
731 5137 1016 5213 Binga_m._
1131 5208 1140 5213 _
1285 5203 1321 5213 η

215 5212 331 5282 (351
348 5203 670 5282 )VQuzedam
705 5203 1089 5282 exemplaria“
1113 5203 1430 5282 Annalium
1461 5203 1664 5282 __Fuld._
1680 5203 1797 5282 _ha-

154 5275 283 5337 bent
323 5275 404 5337 v11
437 5281 557 5335 Kal.
580 5281 707 5335 Jun.
733 5294 836 5332 seu
856 5275 928 5332 26
959 5275 1115 5344 Maii,
1150 5276 1220 5330 ad
1246 5291 1419 5345 quem
1444 5275 1595 5330 diem
1615 5275 1795 5329 etiam

155 5354 215 5432 de
230 5353 426 5432 l>robo
448 5351 569 5432 agit
590 5349 962 5432 Mabillonius
979 5363 1107 5428 saec.
1132 5364 1188 5404 1v
1205 5347 1439 5414 Bened.,
1467 5363 1522 5418 p.
1551 5363 1609 5411 ιι,
1627 5362 1682 5416 p.
1702 5347 1792 5413 56,

154 5430 202 5480 et
229 5419 605 5498 Bollandiani
636 5421 786 5498 inter
817 5419 1262 5498 praetermissgs.
1552 5487 1591 5498 ﬁ
1723 5486 1761 5498 __

213 5498 367 5568 (352)
396 5486 1001 5568 Celeberrjmumhoc
1031 5493 1119 5544 est
1149 5486 1522 5568 _Einsidlense
1552 5486 1794 5542 Benedi-

154 5559 280 5622 ctini
305 5559 535 5622 ordinis
557 5564 615 5618 in
642 5561 912 5618 Helvetiis
935 5559 1378 5625 monasterium,
1403 5576 1632 5614 eremus
1658 5574 1795 5628 quo-

155 5652 255 5707 que
289 5638 353 5692 Β.
391 5637 585 5691 Mariae
618 5631 936 5707 virginis‘et
957 5630 1445 5707 cellalllleginradi
1469 5629 1795 5707 in_vctustis

154 5702 550 5765 menumentis
581 5702 828 5761 dictum.
863 5704 998 5758 Vita
1025 5704 1083 5758 S.
1118 5702 1436 5765 Meginradi
1467 5718 1501 5756 a
1541 5702 1794 5755 Bernone

151 5778 841 5854 Augiensiconseriptum
858 5774 1114 5854 exstatin
1128 5771 1343 5854 Mabill.
1359 5787 1567 5854 δείρειν
1583 5771 1790 5828 Bened.

153 5864 204 5926 ρ.
232 5843 300 5914 ix.
333 5850 471 5911 Vid.
505 5843 734 5926 Eekaft,
768 5847 972 5908 Franc.
1005 5845 1098 5909 0r.
1130 5843 1170 5904 l.
1200 5860 1352 5919 xxxx,
1397 5847 1453 5904 et
1480 5843 1572 5904 80.

1970 4984 2117 5054 (353)
2146 4981 2412 5054 Synodus
2435 4980 2556 5054 haec
2575 4997 2689 5054 non
2724 4978 3028 5054 Metis,_sed
3063 4979 3409 5054 liquisgrani
3438 4979 3547 5034 fuit

1905 5050 2241 5123 ha'bita'jarn
2265 5069 2415 5108 anno
2437 5053 2562 5123 860,
2585 5051 2681 5104 ubi
2701 5057 2760 5123 et
2781 5050 2973 5123 aliain
2998 5051 3196 5123 eadem
3223 5068 3399 5123 causa
3419 5055 3548 5123 aeta

1906 5131 1993 5182 est
2024 5121 2138 5181 hoc
2161 5141 2311 5180 anno
2348 5141 2406 5176 ιιι
2441 5121 2562 5175 Kal.
2600 5122 2755 5185 Maii,
2790 5138 2852 5174 ac
2904 5122 3174 5176 Lothario
3205 5121 3364 5176 aliud
3394 5121 3543 5177 inire

1905 5196 2241 5279 coniugium
2315 5194 2664 5266 permissum
2697 5198 2804 5274 est.
2835 5193 3103 5272 Bouquet
3131 5198 3171 5247 t.
3207 5193 3329 5262 Vll,
3362 5211 3416 5263 p.
3449 5192 3544 5248 79.

1906 5267 2277 5323 V1d.Natalis
2301 5265 2644 5323 Alexander.
2662 5264 2808 5318 Hist.
2835 5262 3013 5323 Eccl.
3031 5265 3260 5319 dissert.
3281 5281 3358 5323 Ix.
3379 5269 3420 5318 t.
3439 5264 3506 5317 Vl
3528 5283 3541 5323 ς

1907 5271 2036 5324 Vid.
2059 5271 2277 5323 Natalis
2301 5271 2644 5328 Alexander,
2662 5271 2808 5318 Hist.
2836 5271 3013 5325 Eccl.,
3031 5271 3260 5319 dissert.
3281 5281 3358 5330 Ix,
3379 5271 3420 5318 t.
3442 5271 3541 5331 Vl;

1907 5341 2084 5395 Labb.
2118 5341 2289 5394 Cone.
2315 5342 2354 5391 t.
2381 5337 2442 5404 Χ,
2476 5354 2530 5406 ρ.
2555 5334 2921 5390 206.'Concil.
2954 5339 3146 5389 Germ.
3169 5338 3212 5388 t.
3242 5335 3312 5402 ll,
3338 5353 3393 5406 p.
3416 5335 3540 5406 2-56,

1905 5428 2030 5483 seq.
2067 5409 2341 5483 Metensis
2372 5403 2443 5462 ad
2475 5403 2693 5462 annum
2724 5412 3061 5477 sequentem
3094 5403 3360 5476 pertinet.
3395 5403 3536 5459 Ibid.

2155 5552 2277 5606 Non
2325 5549 2660 5623 _Arsenius,i
2697 5549 2798 5623 sed
2842 5545 3170 5623 Rodoaldus
3201 5549 3256 5599 et
3283 5544 3530 5623 Joannes

1905 5614 2065 5696 papa:
2099 5614 2265 5677 erant
2325 5621 2519 5688 legali,
2554 5641 2587 5675 a
2647 5621 2914 5676 Lothario
2965 5635 3092 5689 rege
3122 5615 3392 5683 corrupti.
3424 5614 3525 5667 An.

1903 5699 2122 5843 Βῆνὲὃῦ)
2152 5764 2282 5821 Vid.
2315 5762 2530 5820 Coucil.
2565 5763 2756 5822 Germ.
2787 5759 2826 5817 l.
2859 5776 2933 5826 e.,
2955 5775 3012 5832 p.
3035 5754 3156 5821 287,
3190 5767 3348 5826 seqq.
