3894 6400
195 544 302 613 193

1414 549 1892 619 CHRONICON.
1921 557 2002 603 ii-
2038 547 2226 617 SEG.
2270 549 2377 615 IX.

3456 550 3575 621 194

1536 713 1767 770 CODEX
1804 711 2202 770 AUGIENSIS.

196 807 342 872 “8
370 807 723 866 Veronensis
753 809 1061 883 episcopus
1091 808 1250 878 obiit,
1285 810 1385 882 qui
1423 812 1516 867 sui
1573 812 1829 867 nominis
1857 815 1914 881 Α
1942 810 2221 867 divisione
2251 812 2720 883 exspectaturum
2746 810 2959 883 juraus
2984 826 2997 865 :
3029 826 3146 885 quo
3168 810 3397 871 credulo
3418 818 3475 871 et
3490 829 3581 872 re-

198 898 569 970 cellamjuxta
579 898 1195 972 Augienseminsulam
1221 900 1562 956 construxit.
1583 901 1829 956 Hemma

198 989 336 1062 (376)
368 987 567 1059 regina
591 988 841 1061 paralysi
873 989 1163 1044 dissoluta
1194 995 1299 1043 est.

260 1079 362 1133 875
377 1076 535 1132 Inter
563 1076 816 1132 Francos
844 1082 901 1132 et
922 1078 1177 1133 Saxones
1200 1076 1404 1132 seditio
1448 1094 1594 1149 pene
1644 1094 1831 1149 usque

200 1167 265 1223 ad
294 1164 502 1221 easdem
534 1168 800 1220 mutuam
824 1170 1000 1233 mota,
1026 1183 1059 1221 a
1080 1166 1364 1221 Ludovico
1376 1166 1406 1221 J
1414 1165 1615 1221 uniore
1636 1166 1834 1221 sedata

199 1259 298 1313 est.
316 1254 510 1309 Annal.
536 1254 683 1309 Berl.
709 1285 776 1293 —
796 1257 1028 1309 Cometa
1050 1253 1182 1326 plus
1198 1252 1367 1309 solito
1387 1253 1712 1310 scintillans
1732 1270 1832 1309 vm

199 1345 328 1400 ldus
355 1341 515 1399 Junii
545 1342 688 1397 visa.
710 1342 861 1397 Villa
883 1344 1147 1414 quendam
1168 1343 1227 1397 in
1262 1359 1410 1415 pago
1429 1344 1664 1400 Nitense
1685 1343 1831 1415 (3’77)

201 1432 570 1488 Ascabrunno
601 1430 775 1497 dicta,
809 1436 991 1496 nocte,
1024 1448 1058 1486 v
1090 1432 1283 1487 Nonas
1306 1431 1445 1487 Julii
1480 1432 1673 1488 subita
1695 1437 1836 1487 tem-

199 1523 409 1594 pestate
437 1522 496 1575 et
516 1518 754 1587 nimbis,
775 1536 1025 1575 Lxxxvm
1048 1520 1390 1576 hominibus
1410 1521 1732 1589 exstinctis,
1755 1520 1836 1575 ita

201 1609 502 1679 absumpta
521 1612 577 1662 et
597 1608 788 1663 deleta
842 1612 948 1674 est,
975 1613 1038 1663 ut
1060 1625 1162 1663 nec
1179 1609 1487 1680 vestigium
1510 1610 1637 1680 ejus
1655 1626 1835 1665 rema-

200 1700 369 1754 neret.
399 1726 468 1739 —
504 1697 828 1752 Ludovicus
863 1689 1035 1751 Italiae
1055 1698 1368 1768 imperator
1389 1698 1698 1753 defunctus
1722 1698 1835 1752 Me-

200 1783 429 1851 diolani,
462 1784 521 1839 in
553 1784 795 1840 basilica
825 1786 1011 1841 sancti
1052 1786 1343 1841 Ambrosii
1405 1786 1667 1857 sepultus
1725 1790 1834 1853 est,

201 1889 343 1930 anno
371 1872 535 1944 regni
567 1890 659 1938 xx,
694 1874 864 1944 cujus
895 1873 1202 1928 thesauros
1234 1878 1291 1928 et
1322 1889 1566 1945 regnum
1590 1877 1836 1945 patruus

200 1962 319 2033 ejus
346 1959 586 2016 Carolus
620 1978 716 2017 rex
735 1961 1076 2032 Galliarum,
1101 1962 1265 2033 quasi
1299 1962 1405 2016 soli
1439 1961 1546 2016 sibi
1573 1962 1834 2016 debitum

199 2047 403 2106 invasit
431 2065 498 2104 ac
528 2048 791 2121 diripuit.
821 2050 983 2105 Unde
1014 2054 1210 2104 motus
1238 2050 1415 2104 frater
1444 2050 1571 2120 ejus
1597 2050 1835 2104 Ludovi-

200 2155 301 2195 cus
328 2154 426 2193 rex
456 2137 780 2193 Germania:
803 2138 991 2192 lilium
1025 2156 1199 2193 suum
1214 2138 1666 2194 Carlomannum
1690 2140 1838 2209 (378)

203 2228 395 2285 contra
423 2241 560 2281 eum
594 2225 653 2280 in
684 2226 909 2281 Italiam
943 2226 1103 2281 misit
1132 2226 1372 2298 ipseque
1394 2243 1524 2281 cum
1546 2227 1837 2299 aequivoco

202 2313 410 2372 Gallias
439 2329 691 2385 regnum
722 2315 851 2385 ejus
881 2314 1112 2370 invasit.
1141 2315 1380 2371 Carolus
1408 2332 1541 2370 vero
1564 2315 1836 2386 congredi

202 2401 344 2459 bello
373 2401 613 2473 timens,
645 2401 793 2458 dolis
825 2408 880 2458 et
908 2403 1171 2474 pecuniis
1203 2404 1641 2475 mendaciisque
1685 2403 1839 2459 159

200 2490 644 2548 Carlomannum
674 2492 743 2546 de
775 2491 937 2545 Italia
968 2492 1181 2563 abegit,
1236 2509 1298 2547 se
1348 2508 1580 2564 quoque
1639 2494 1839 2548 statim

207 2579 620 2647 discessurum,
651 2584 708 2634 et
736 2578 972 2635 fratrem
1002 2579 1353 2635 Ludovieum
1384 2581 1454 2635 de
1484 2581 1644 2651 regni
1684 2580 1841 2635 illius

1940 916 2123 967 verso,
2159 900 2283 971 ipse
2315 903 2556 955 Romam
2588 898 2795 967 tendit,
2829 898 3268 973 conciliatisque
3300 901 3410 959 sibi
3449 904 3581 961 dolo

1936 993 1992 1044 et
2022 990 2267 1060 pecunia
2300 988 2594 1056 Romanis,
2622 988 3030 1062 imperatorem
3062 990 3413 1047 seaJoanne
3435 1010 3586 1066 papa

1938 1076 2197 1132 coronari
2226 1076 2380 1142 lecit,
2411 1077 2775 1149 Italiamque,
2811 1078 2893 1133 uti
2925 1077 3127 1147 voluit,
3189 1080 3357 1151 quasi
3414 1098 3582 1137 suam

1939 1164 2246 1236 disposuit.
2281 1167 2481 1220 Annal.
2514 1165 2671 1222 Fuld.

2010 1255 2113 1308 876
2151 1253 2467 1308 Ludovicus
2502 1270 2599 1309 rex
2629 1254 2897 1325 precibus
2927 1255 3123 1328 populi
3167 1273 3456 1328 annuens,
3516 1259 3586 1315 de

1940 1340 2161 1407 Galliis,
2196 1357 2266 1395 ne
2296 1358 2392 1396 eas
2421 1345 2696 1408 vastaret,
2721 1342 2909 1411 rediit,
2943 1344 3186 1399 Hemma
3217 1346 3419 1418 regina
3474 1352 3586 1403 Ra-

1941 1430 2184 1485 tisbonac
2217 1430 2379 1497 obiit,
2413 1433 2469 1484 et
2497 1430 2554 1483 in
2578 1430 2818 1485 basilica
2848 1432 3030 1488 sancti
3061 1433 3477 1490 Emmerammi
3501 1453 3587 1492 se-

1943 1517 2109 1591 pulta
2138 1521 2242 1574 est.
2277 1519 2554 1572 Fresones
2585 1517 2722 1572 item
2754 1519 3130 1576 Nortmannis
3170 1538 3366 1594 pugna
3389 1523 3579 1592 victis,

1944 1606 2199 1679 plurima
2231 1605 2417 1676 spolia
2446 1605 2757 1677 diripuere.
2790 1609 2989 1662 Annal.
3035 1610 3190 1663 Fuld.
3226 1641 3291 1651 —
3349 1612 3587 1668 Carolus

1943 1694 2346 1750 fraudulenter
2374 1696 2690 1766 imperator
2720 1696 2790 1750 de
2822 1695 2984 1751 Italia
3031 1696 3245 1753 Gallias
3299 1704 3587 1772 repetens,

1944 1801 2090 1839 nova
2126 1783 2383 1848 habitus,
2407 1787 2649 1839 actuum
2681 1787 2737 1839 et
2752 1784 3058 1840 verborum
3075 1784 3589 1859 vanitate,jactan-

1942 1872 2026 1926 tia
2055 1876 2110 1926 et
2142 1871 2370 1926 levitate
2401 1888 2563 1939 usus,
2601 1871 2886 1927 Ludovico
2935 1872 3097 1928 fratri
3160 1876 3483 1946 procaciter
3539 1882 3594 1933 et

1946 1958 2121 2015 stulte
2154 1958 2571 2026 minitabatur;
2606 1960 2705 2015 sed
2743 1960 3024 2016 Ludovico
3064 1962 3380 2018 exercitum
3431 1964 3592 2020 colli-

1947 2052 2113 2120 gente
2137 2046 2496 2118 perterritus,
2547 2048 2782 2103 crebros
2811 2052 2866 2102 et
2892 2048 3183 2120 supplices
3205 2067 3309 2122 pro
3339 2069 3480 2123 pace
3502 2071 3595 2125 pe-

1947 2135 2123 2191 tenda
2150 2135 2366 2206 legatos
2397 2135 2467 2189 ad
2500 2151 2631 2189 eum
2664 2136 2948 2191 mittebat.
3007 2137 3198 2193 Iidem.
3232 2170 3300 2180 —
3349 2141 3589 2198 Interim

1948 2226 2072 2296 ipse
2098 2224 2419 2279 Ludovicus
2453 2240 2550 2280 rex
2572 2225 2737 2280 fortis
2767 2230 2824 2280 et
2838 2225 3144 2297 religiosus
3176 2229 3376 2284 morbo
3397 2234 3591 2287 tactus

1947 2313 2097 2385 apud
2143 2312 2562 2367 Franconofurt
2586 2329 2622 2367 v
2652 2312 2773 2367 Kal.
2807 2314 3098 2384 Septemb.
3147 2315 3267 2370 vita
3320 2317 3590 2386 decessit,

1950 2417 2100 2457 anno
2118 2400 2280 2472 regni
2310 2416 2502 2469 xxxvx,
2525 2404 2581 2454 et
2601 2401 2755 2472 apud
2779 2401 3134 2457 Lauresham
3154 2404 3486 2461 ccenobium
3508 2425 3593 2463 se-

1950 2489 2149 2561 pultus
2180 2493 2266 2543 est
2296 2504 2659 2560 regnumque
2691 2490 2818 2560 ejus
2849 2494 2966 2544 tres
3012 2489 3115 2545 ﬁlii
3173 2491 3596 2550 Carlomannus

1952 2575 2298 2648 Bajoariam,
2323 2575 2643 2631 Ludovicus
2662 2578 3054 2646 Germaniam,
3072 2579 3311 2636 Carolus
3329 2582 3605 2639 Aleman-

1244 2705 1712 2760 COMPENDIUM
1751 2704 1843 2760 EX
1882 2702 2134 2759 CODICE
2174 2700 2554 2757 BERNOLDI.

266 2804 368 2859 875
426 2802 728 2858 Ludovicus
791 2803 1092 2872 imperator
1147 2804 1329 2859 Italae
1387 2803 1675 2874 defunctus
1733 2802 1835 2857 Me-

205 2890 410 2947 diolani
438 2891 705 2964 sepelitur
730 2906 877 2946 anno
907 2892 1063 2961 regni
1094 2892 1362 2947 vicesimo.
1398 2892 1563 2963 Cujus
1610 2907 1841 2962 regnum

203 2984 424 3052 patruus
441 2984 568 3052 eius
591 2978 821 3033 Carolus
839 2995 938 3034 rex
959 2979 1263 3034 Galliarum
1294 2980 1578 3046 invadens,
1592 2996 1623 3034 a
1636 2982 1843 3036 Joanne

206 3084 337 3141 papa
365 3084 421 3124 se
453 3070 842 3140 imperatorem
872 3070 1126 3124 coronari
1153 3070 1301 3139 fecit.

268 3158 370 3214 876
396 3157 703 3215 Ludovicus
734 3173 834 3213 rex
866 3158 1156 3229 religiosus
1186 3157 1331 3230 apud
1358 3159 1755 3230 Franconofurt
1810 3174 1846 3215 v

1946 2801 2066 2856 Kal.
2099 2800 2243 2870 Sept.
2270 2799 2425 2865 obiit,
2452 2816 2597 2854 anno
2626 2802 2786 2871 regni
2843 2817 3031 2868 xxxvx,
3091 2818 3432 2875 regnumque
3483 2808 3612 2877 ejus

1949 2893 2057 2943 tres
2084 2889 2195 2959 ﬁlii
2225 2888 2622 2943 Carlomannus
2650 2889 2986 2958 Bajoariam,
3013 2890 3316 2948 Ludovicus
3370 2892 3595 2949 Germa-

1947 2979 2120 3047 niam,
2154 2977 2381 3032 Carolus
2411 2978 2815 3047 Alcmanniam,
2848 2979 3058 3049 singuli
3070 2995 3195 3035 cum
3213 2984 3594 3053 adjacenlibus

1948 3067 2266 3139 provinciis,
2299 3082 2564 3136 accepere.

1253 3282 1725 3340 COMPENDIUM
1765 3281 1857 3337 EX
1895 3278 2154 3337 CODIGE
2195 3278 2573 3335 BERNOLDI.
3166 3329 3170 3333 .

210 3376 420 3453 nequit,
457 3378 680 3453 quippe
702 3379 828 3450 jam
855 3382 988 3453 ante
1009 3380 1356 3453 decennium
1388 3381 1680 3447 defuncto,
1705 3396 1849 3453 praa-
1882 3381 1924 3447 C
1964 3376 2169 3453 liquet,
2205 3392 2331 3447 quae
2352 3376 2456 3453 hic
2486 3376 2917 3453 describuntur,
2950 3378 3188 3453 lﬁotkeri
3217 3379 3445 3437 Balbuli
3466 3385 3607 3439 tem-

209 3452 469 3524 terquam
481 3450 643 3524 quod
663 3455 804 3524 aetas
821 3451 998 3524 nimis
1022 3456 1288 3523 provecta
1310 3452 1364 3506 id
1382 3469 1495 3508 non
1520 3450 1846 3524 permittat;

210 3520 319 3576 nec,
334 3520 461 3592 ipse
492 3520 1452 3595 Sen-Gallensiumcommunione
1479 3520 1851 3595 indiguisset,

210 3595 411 3666 utpote
430 3608 537 3666 ceu
562 3593 874 3664 Augiensis
896 3594 1217 3666 monachus
1239 3595 1504 3666 ejusdem
1519 3593 1643 3666 jam
1672 3595 1849 3666 parti-

209 3662 829 3790 ceps.Nullus31ioque
846 3665 1023 3735 hujus
1038 3662 1851 3745 nominiSepisoopusVeronce

210 3735 337 3789 tunc
354 3738 503 3790 erat.
523 3750 593 3790 se
646 3736 891 3790 Adelard
904 3753 971 3790 us
998 3752 1008 3789 :
1035 3752 1145 3789 nis:
1172 3737 1227 3789 Id
1247 3737 1315 3790 de
1328 3737 1572 3790 Rotaldo
1597 3739 1851 3790 secundo

210 3735 337 3789 tunc
354 3738 503 3801 erat,
523 3735 631 3791 sed
646 3736 891 3791 Adelard
904 3753 971 3791 us
998 3752 1008 3789 :
1035 3736 1145 3789 nisi
1172 3737 1227 3789 id
1247 3737 1315 3790 de
1328 3735 1572 3792 Rctaldo
1597 3739 1851 3792 secundo

212 3802 383 3877 accipi
404 3806 579 3877 velit,
612 3821 786 3877 quem
816 3806 1093 3877 Ughellus
1125 3823 1192 3862 ex
1228 3812 1431 3863 Peroto
1488 3809 1641 3863 inter
1697 3807 1853 3863 illius

214 3874 465 3951 Ecclesia
488 3874 801 3951 episcopos
830 3874 902 3934 ad
932 3895 1026 3951 an,
1048 3880 1160 3951 78740
1189 3883 1491 3951 numerat.
1521 3883 1665 3934 Cum
1721 3895 1853 3951 vero

216 3945 280 4021 ab
307 3964 399 4021 an,
428 3945 547 4021 ΑΒΜ
566 3947 666 4005 alii
696 3945 951 4021 episcopi
980 3949 1197 4005 ibidem
1232 3950 1586 4021 praefuerint,
1619 3967 1734 4005 non
1764 3950 1854 4005 vi-

217 3968 280 4002 ae
307 3968 399 4015 an,
434 3968 544 4004 δίη
566 3968 666 4005 am
697 3968 951 4021 episcopi
980 3968 1197 4005 inluem
1272 3968 1586 4018 raeiuerint,
1619 3968 1734 4005 non
1764 3968 1853 4005 v1-

217 4017 311 4092 deo
340 4019 696 4092 ubi_i_nterea
727 4036 829 4092 per
857 4022 927 4076 40
955 4036 1139 4075 annos
1169 3968 1465 4076 delituerit
1502 4021 1614 4077 iste
1665 4021 1853 4077 Rotal-

218 4088 319 4143 dus
341 4089 410 4145 II.
443 4090 613 4146 Unde
645 4088 746 4147 aut
774 4109 964 4147 annus
991 4096 1047 4147 et
1063 4091 1243 4148 abbas
1274 4092 1331 4146 in
1354 4093 1528 4148 citato
1556 4096 1735 4159 textu,
1758 4095 1858 4146 aut

216 4160 433 4235 Ratoldi
455 4178 677 4218 nomen
696 4162 755 4217 in
774 4164 986 4219 mendo
1009 4165 1183 4235 cubat
1204 4164 1299 4235 (a).
1317 4165 1478 4229 Quod
1496 4169 1857 4235 postremum

217 4230 351 4286 mihi
379 4248 515 4289 vero
550 4235 871 4290 admodum
905 4234 1093 4289 simile
1122 4230 1351 4290 videtur
1393 4252 1463 4291 ex
1497 4230 1857 4291 'Ekkehardo

215 4299 468 4378 iuniore,
500 4305 606 4376 qui
638 4304 856 4378 invita
877 4306 937 4360 B.
957 4305 1190 4378 Noticeri
1214 4304 1440 4361 Balbuli
1471 4323 1602 4378 cap.
1622 4307 1676 4362 il
1710 4305 1859 4377 (G01-

218 4371 406 4448 dast_t.
439 4375 484 4443 Ι,
516 4371 582 4447 ᾖ).
616 4376 743 4448 231)
777 4376 1009 4448 Petrum
1063 4376 1459 4432 Veronensem
1519 4371 1855 4448 e'pisco'pum

219 4441 581 4515 inopinatum
606 4447 680 4501 ad
712 4441 769 4503 S.
793 4446 1021 4503 Gallum
1044 4447 1271 4503 venisse
1302 4448 1523 4515 scribit,
1543 4441 1598 4503 et
1622 4441 1859 4519 quidem

217 4515 387 4570 eodm
412 4518 574 4573 modo
606 4534 722 4574 auo
756 4518 975 4573 scilicet
1003 4518 1290 4574 Adalbero
1321 4521 1713 4574 Augustcnsis
1753 4537 1859 4573 an-

412 4533 574 4573 γηοαο
606 4534 722 4575 auo
756 4533 975 4573 BCIIICBL
1003 4533 1290 4574 AGaIDOI‘O
1321 4533 1713 4575 AUEUSIBDSIS
1753 4537 1825 4573 an
1850 4550 1862 4560 ·

217 4534 387 4570 eoaem
412 4534 574 4573 moao
606 4534 722 4589 quo
756 4534 975 4573 scmoet
1003 4534 1290 4574 Aualnero
1321 4534 1713 4589 augustcnSIs
1753 4537 1861 4573 an-

217 4584 370 4661 tistes
398 4586 603 4661 locum
634 4590 691 4643 S.
727 4588 874 4645 Galli
908 4590 967 4644 in
999 4589 1090 4645 die
1112 4591 1439 4646 festivitatis
1479 4592 1607 4661 ejus
1654 4590 1861 4645 orandi

281 4658 392 4733 atia
407 4659 633 4733 adiisse
650 4676 775 4733 cap.
801 4677 967 4732 princ.
992 4661 1348 4733 perhibetur.
1381 4658 1541 4725 Quod
1575 4662 1631 4716 in
1664 4661 1858 4716 libello

259 4731 667 4814 ra‘ternitatnm
692 4731 763 4814 ad
786 4731 1007 4814 annum
1029 4732 1134 4814 9Q8
1156 4734 1417 4814 refertur,
1430 4737 1504 4814 ut
1518 4736 1712 4787 tamen
1738 4749 1863 4814 quae
1895 4744 1942 4809 D

220 4795 477 4879 de‘Petro
506 4806 848 4879 narrantur,
881 4804 1045 4874 prius
1068 4803 1199 4879 fieri
1218 4795 1545 4879 potuerint;
1574 4820 1677 4859 nec
1707 4795 1863 4879 enim

221 4869 471 4945 ordinem
503 4890 745 4945 semper
773 4869 1038 4930 observat
1068 4869 1488 4942 Ekkehardus;
1536 4869 1670 4929 mox
1706 4875 1862 4930 enim

223 4953 334 5011 cap.
370 4944 436 4997 13
466 4944 659 5001 refert
680 4944 897 4999 factum
940 4946 1048 5002 sub
1106 4963 1251 5001 novo
1308 4946 1516 5001 abbate
1572 4945 1863 5001 Bernardo

224 5012 460 5089 ξι),λὸβᾷ
496 5031 620 5088 quo
651 5014 891 5089 Carolus
922 5020 1164 5089 Crassus
1179 5021 1326 5073 teste
1352 5017 1683 5074 Hermanno
1709 5018 1863 5089 apud

222 5079 272 5135 S.
301 5079 532 5142 Gallum
568 5091 714 5143 erat.
751 5086 823 5143 Ut
851 5088 1007 5144 enim
1040 5104 1109 5143 ex
1148 5093 1269 5145 tota
1310 5089 1663 5144 narrationis
1718 5079 1866 5145 serie

279 5221 498 5304 (fg-Quae.
526 5227 628 5304 'hic
648 5227 714 5304 de
736 5228 974 5304 'Batoldo
1013 5228 1236 5304 dixerat,
1266 5230 1319 5279 in
1330 5228 1604 5304 Addenda?
1631 5230 1865 5304 et‘corri-

222 5289 393 5343 gendis
419 5289 700 5352 replicauit
733 5289 1099 5341 Ussermannus
1125 5292 1205 5341 his
1233 5290 1428 5340 verbis;
1450 5311 1474 5336 ι)
1498 5292 1712 5341 Notavit
1742 5293 1867 5341 Her-

222 5356 440 5426 gauuus
462 5352 533 5402 ad
566 5365 659 5426 an.
690 5355 787 5426 874.
811 5354 1014 5426 obitum
1041 5354 1227 5426 Batolﬂ
1254 5353 1863 5426 Xeronensisepiscopj,

223 5418 370 5515 gnem
398 5416 589 5464 tamen
620 5416 679 5463 in
708 5415 1005 5479 subjunctis
1034 5417 1175 5466 notis
1205 5415 1379 5466 adhuc
1416 5428 1502 5465 an.
1534 5417 1622 5465 885
1645 5415 1700 5465 in
1729 5415 1866 5465 vivis

243 5482 370 5515 mssa
401 5489 465 5515 ex
486 5476 676 5515 lihnlln
694 5477 1105 5515 Fratnrnitntnm
1136 5478 1583 5515 anJInllnnuinm
1606 5492 1863 5515 nnnnrara

243 5476 370 5544 uisse
401 5489 467 5525 ex
486 5476 676 5544 libello
694 5476 1106 5544 Fraternitatum
1136 5478 1585 5544 span-Gallensium
1606 5492 1864 5544 apparere

224 5529 459 5596 diximus,
478 5538 755 5603 simulque
771 5540 1024 5603 mendum
1038 5540 1305 5603 quoddam
1324 5541 1394 5589 ibi
1408 5540 1623 5590 subesse
1641 5529 1862 5603 conjeci-

222 5604 326 5665 {nus
339 5612 359 5661 ;
378 5601 526 5665 quod
545 5601 711 5665 etiam
733 5602 938 5653 interea
949 5601 1165 5652 aliunde
1180 5603 1599 5665 deprehensum.
1611 5601 1760 5665 Inter
1775 5616 1866 5651 an-

222 5656 358 5720 tiqua
373 5656 520 5712 e'nim
554 5662 1058 5715 confraternitatum
1087 5656 1395 5715 monasterii
1426 5664 1476 5714 S.
1517 5664 1645 5713 Galli
1701 5665 1861 5713 docu-

223 5724 455 5791 Iuentain
468 5727 691 5791 vetusto
712 5727 911 5791 regula:
933 5728 1113 5777 codice
1134 5729 1865 5791 membranaceonotaturco-

223 5787 301 5840 Dia
317 5787 946 5839 confraternitatis‘initm
966 5790 1247 5840 interillud
1268 5790 1648 5839 monasterium
1675 5793 1726 5837 et
1745 5789 1866 5850 epi-

226 5851 731 5915 scoposRatpoltum
742 5852 1102 5915 Trevirensem
1113 5856 1166 5902 et
1178 5851 1442 5902 Luitward
1449 5865 1535 5901 um
1546 5853 1673 5902 Cum
1680 5865 1745 5915 an
1754 5863 1863 5915 um,

227 5915 303 5955 an.
333 5914 438 5969 886,
472 5913 578 5964 sub
602 5913 881 5965 Bernardo
902 5915 1114 5966 abbate.
1146 5915 1291 5965 Unde
1314 5915 1397 5964 vel
1428 5914 1611 5973 codex,
1635 5914 1720 5965 vel
1751 5913 1866 5977 ejus

1964 3448 2204 3530 poribus
2233 3448 2620 3530 contigerunt,
2654 3449 2929 3530 qui.t_este
2962 3450 3287 3530 Hermanno
3318 3469 3438 3530 _an.
3466 3528 3472 3530 ἒ
3500 3454 3607 3510 9l2

1961 3518 2124 3575 obiit.
2157 3518 2510 3589 Cumiigitur
2529 3518 2732 3579 Petrus
2767 3519 3113 3575 Veronensis
3144 3521 3295 3576 circa
3317 3522 3436 3578 hinc
3457 3528 3604 3579 tem-

1961 3607 2101 3662 pora
2131 3590 2189 3644 S.
2223 3588 2451 3662 Gallum
2473 3589 2750 3662 inviserit,
2773 3589 3054 3662 Batnldus
3075 3596 3269 3647 autem
3300 3597 3427 3649 tum
3449 3612 3605 3651 mor-

1961 3659 2247 3739 tuus‘jam
2273 3659 2632 3739 fuerit,‘l'ort_e
2654 3660 2806 3739 haud
2830 3660 3081 3739 multum
3105 3664 3476 3739 aberraverit,
3502 3668 3606 3739 qui

1963 3730 2268 3787 Ratoldum
2303 3729 2425 3785 loco
2454 3732 2600 3785 Petri
2635 3732 2890 3794 positum
2922 3732 3104 3788 fuisse
3139 3734 3375 3792 diceret.
3410 3729 3536 3792 sed.
3552 3744 3610 3794 et

1964 3804 2067 3881 hic
2078 3803 2237 3881 prior
2257 3803 2407 3881 redit
2427 3802 2763 3881 difﬁcultas,
2781 3802 3160 3881 nullusenim
3179 3805 3381 3862 Petrus
3400 3807 3614 3881 legitur

1964 3874 2025 3928 in
2046 3873 2468 3949 Veronensium
2485 3873 2891 3949 episcoporum
2913 3876 3196 3949 catalogo,
3217 3894 3337 3949 nec
3356 3873 3490 3935 ante
3508 3896 3614 3935 nec

1965 3945 2230 4025 posthaec
2250 3949 2363 3999 tem
2374 3944 2546 4030 pose}
2570 3944 2701 4000 nisi
2717 3946 2817 4016 qui
2835 3944 3133 4003 sustinere
3146 3947 3302 4030 velit.
3324 3950 3613 4030 Adelardo

1966 4017 2239 4088 episcopo
2271 4032 2323 4070 a.
2374 4017 2479 4072 877
2527 4033 2561 4071 a
2617 4033 2770 4088 papa
2823 4018 3322 4075 excommunicato
3376 4020 3613 4078 Petrum

1966 4087 2506 4169 fuils‘sensul‘l'ectum,
2530 4087 2600 4141 de
2616 4104 2730 4169 quo
2753 4092 2944 4169 tamen
2961 4087 3132 4169 nulla
3152 4088 3291 4169 alibi
3309 4092 3609 4169 memoria.

2061 4159 2187 4234 37g)
2211 4158 2349 4234 Ilaec
2380 4174 2522 4234 uxor
2548 4163 2673 4213 erat
2705 4158 3334 4234 Ludovic_i__Germanici
3362 4163 3539 4234 regis.

2062 4231 2185 4297 377)
2211 4228 2464 4302 Nitensis
2496 4245 2702 4302 pagus,
2733 4228 2909 4302 etiam
2937 4230 3255 4302 Niddegowe
3282 4228 3498 4299 dictu's,
3548 4234 3609 4288 in

1967 4299 2319 4371 Wetteravia
2339 4305 2480 4371 erat,
2497 4299 2566 4355 de
2581 4299 2703 4371 'quo
2720 4300 2836 4371 vid.
2852 4300 3092 4357 Besselii
3106 4299 3317 4360 Chron.
3336 4305 3610 4361 Gottwic.

1968 4376 2010 4424 t.
2044 4370 2115 4434 II,
2148 4387 2204 4441 p.
2257 4370 2382 4426 709.
2440 4371 2499 4425 In
2559 4370 2623 4426 eo
2680 4370 2859 4427 situm
2916 4376 3041 4428 erat
3086 4375 3475 4433 Ascabrunnon
3506 4394 3609 4433 seu

1971 4442 2452 4520 Asclienbrunnon,
2488 4442 2574 4497 uti
2604 4441 3307 4520 in_diplomate_Henrici
3359 4447 3407 4503 II
3467 4448 3609 4520 imp.

1972 4529 2012 4587 ἒ
2036 4511 2173 4567 4008
2204 4517 2468 4587 vocatur,
2528 4513 2681 4585 quod
2739 4511 2911 4587 hodie
2969 4517 3059 4571 est
3108 4516 3405 4587 Eschborn,
3462 4511 3616 4576 inter

1971 4584 2415 4639 Francol‘urtum
2445 4588 2501 4639 et
2527 4600 2720 4640 arcem
2750 4585 3159 4642 Cronberaam.

2045 4655 2193 4731 (337$)
2226 4654 2478 4731 Annales
2495 4654 2946 4731 citatiCarolum
2969 4654 3156 4731 filium
3184 4675 3219 4714 a
3238 4662 3403 4731 patre
3422 4658 3615 4731 primo

1976 4725 2036 4808 in
2055 4725 2266 4781 'Itaiam
2286 4725 3001 4808 missum‘perhibenthcui
3024 4725 3455 4808 tamen-postea
3476 4730 3613 4808 Car-

1975 4794 2287 4852 lomannus
2314 4799 2370 4852 in
2396 4794 2676 4853 auxilium
2709 4794 3043 4855 submissus
3068 4805 3177 4855 est.
3195 4794 3411 4856 Verum
3432 4805 3615 4857 totam

1974 4883 2096 4939 rem
2123 4885 2227 4939 pro
2256 4869 2511 4939 partium
2541 4869 2735 4925 studio
2785 4869 3170 4926 diversimode
3198 4877 3440 4927 narrant
3496 4877 3615 4928 An-

1974 4937 2142 4993 nales
2170 4937 2489 4996 Fuldenses
2516 4945 2572 4994 et
2601 4940 2940 4996 Bertiniani.
2975 4942 3200 4998 Medius
3230 4944 3449 5000 incedit
3496 4948 3616 4999 An-

1974 5009 2143 5084 dreas
2175 5012 2498 5084 presbyter,
2527 5016 2829 5068 Ravennas
2877 5013 3263 5084 synchronus,
3321 5015 3384 5071 in
3440 5016 3619 5073 Chro-

1974 5080 2102 5136 nico
2134 5080 2289 5152 apud
2323 5080 2618 5139 Mencken.
2652 5088 2694 5138 t.
2729 5084 2771 5137 Ι.

1974 5221 2147 5293 editor
2174 5222 2467 5293 Goldastus
2485 5237 2582 5293 pro
2607 5223 2874 5293 ξιξ-ἱροὶᾶο
2906 5239 3001 5293 seu
3030 5224 3272 5293 Ratbodo
3325 5227 3625 5293 Trevirensi

1973 5284 2162 5346 legisse
2190 5284 2405 5334 videtur
2433 5284 2635 5335 Rétholt
2662 5284 2963 5350 Veronensis
2981 5302 3002 5349 ;
3017 5289 3163 5350 quod
3185 5302 3248 5337 eo
3268 5290 3626 5341 verosimilius

1974 5350 2055 5395 est
2075 5360 2193 5410 cum
2225 5360 2348 5397 mox
2376 5353 2560 5410 postea
2588 5349 2730 5410 apud
2753 5349 3060 5399 Goldastum
3082 5364 3169 5400 vm
3188 5350 3299 5401 Kal.
3327 5352 3629 5403 Juliianno-

1974 5411 2079 5476 £38.?
2090 5408 2295 5476 legatur
2306 5408 2482 5476 obitus
2497 5408 2829 5476 Liuchvvardi
2841 5413 2969 5462 Cum
2977 5413 3063 5463 ani
3083 5413 3337 5476 episcopi,
3356 5428 3477 5465 cum
3492 5415 3626 5466 San-

1974 5470 2305 5535 Gallen'sibus
2327 5474 2690 5534 confzederati,
2712 5474 2805 5522 ubi
2826 5488 2925 5524 nec
2943 5476 2997 5524 in
3022 5470 3182 5535 anno,
3215 5470 3385 5525 nécin
3408 5477 3627 5526 nomine

1974 5532 2340 5583 difﬁcultatem
2371 5536 2613 5587 reperio:
2646 5532 2798 5586 facile
2823 5537 2964 5586 enim
2995 5538 3051 5586 in
3083 5532 3226 5586 cifris
3253 5538 3500 5585 Romanis
3521 5550 3622 5587 nu-

1974 5609 2154 5661 merps
2182 5599 2331 5661 unari
2344 5613 2404 5647 us
2434 5598 2450 5646 l
2484 5598 2607 5647 addi
2633 5599 2716 5647 vel
2737 5600 2908 5661 omitti
2940 5600 3129 5660 potuit,
3161 5602 3320 5661 prout
3347 5598 3505 5661 etiam
3527 5599 3622 5661 qui

1973 5657 2061 5706 hic
2084 5657 2377 5719 Ratpoldus
2399 5663 2634 5719 vocatur,
2653 5662 2706 5709 in
2724 5660 2889 5710 Gallia
2910 5657 3220 5716 Christian—8,
3235 5657 3620 5719 tom._Xlll,Ra-

1974 5719 2134 5789 borius
2163 5694 2372 5794 dicitur,
2398 5737 2492 5794 pro
2523 5698 2728 5794 diverso
2759 5736 2947 5794 nempe
2970 5696 3408 5794 nouliMjVOPri“
3432 5694 3617 5794 afﬁgi“

1974 5781 2308 5845 exprimendi
2340 5780 2517 5834 modo.
2550 5786 2803 5834 Craterum
2837 5780 3164 5845 [.iutwardus
3181 5781 3259 5827 hic
3287 5780 3340 5824 in
3362 5780 3499 5845 serie
3516 5780 3615 5845 qu:

1971 5840 2251 5910 manorum
2286 5848 2655 5910 episcoporum
2685 5847 2740 5895 in
2774 5845 2972 5909 Ughelli
3000 5841 3148 5894 Italia
3179 5850 3322 5889 sacra
3373 5841 3502 5888 tom.
3541 5840 3607 5891 VI

1971 5904 2302 5970 supplendus
2320 5904 2427 5961 'est.
2459 5904 2481 5954 ἱ
