3894 6346
409 386 533 464 ιῦο

1217 391 1635 462 HERMANNI
1678 387 2118 460 CONTRACTI
2159 381 2576 456 AUGIENSIS
2621 387 3003 455 MONACHI.
3727 377 3826 454 200

1801 551 2032 612 CODEX
2066 550 2438 610 AUGIENSIS

407 671 748 742 licentibus,
780 672 933 732 datis
981 672 1303 741 obsidibus,
1348 690 1484 730 cum
1529 688 1664 745 rege
1710 687 1911 728 eorum
1962 669 2046 724 Si-
2077 667 2132 736 Α
2159 669 2460 740 ltegino.——
2487 664 2731 723 Carolus
2763 665 3082 740 imperator
3111 663 3173 722 in
3204 661 3476 722 citeriore
3529 661 3826 720 Pannonii

407 760 629 836 gefrido
674 760 822 832 (393)
873 764 1144 818 mutuum
1200 758 1556 831 colloquium
1619 759 1772 814 164
1827 755 2052 824 habuit,

408 866 661 924 eumque
714 849 1209 906 Christianitatem
1263 849 1589 920 professum
1639 846 1710 901 de
1761 845 2052 918 baptismo

409 937 686 1010 suscepit,
738 937 1010 1010 datisque
1069 941 1275 992 mutuo
1333 936 1678 992 muneribus
1725 940 1782 990 et
1825 935 2054 988 firmata

407 1026 666 1084 amicitia
697 1025 942 1097 digressi
975 1029 1134 1081 sunt.
1162 1025 1296 1080 Orto
1328 1024 1479 1079 inter
1504 1025 1758 1080 Saxones
1792 1027 1847 1078 et
1895 1022 2050 1078 Thu-

407 1115 626 1187 ringios
658 1113 828 1182 bello,
863 1119 1114 1169 Saxones
1158 1113 1488 1184 superiores
1535 1113 1824 1168 exstitere.
1876 1111 2057 1165 Pesti-

405 1205 581 1260 lentia
611 1220 822 1275 magna
854 1204 912 1258 in
945 1201 1214 1273 Bajoaria
1241 1202 1408 1258 facta.
1443 1203 1642 1258 Annal.
1676 1199 1856 1267 Fuld.,
1881 1201 2049 1266 Bert.,

401 1291 543 1360 Met,
574 1292 695 1362 Reg.

473 1428 578 1481 883
605 1424 847 1481 Carolus
877 1425 1216 1494 imperator,
1263 1421 1550 1476 celebrato
1599 1421 1657 1475 in
1709 1419 2053 1474 Alamannis

401 1513 604 1569 Natale
632 1511 880 1576 Domini,
913 1513 983 1566 ad
1019 1511 1206 1566 sancti
1246 1509 1392 1566 Galli
1443 1527 1673 1581 quoque
1719 1508 2046 1563 ccenobium

401 1600 561 1656 venit
609 1600 808 1671 ibique
851 1603 1081 1670 petente
1131 1599 1444 1654 Hardmoto
1493 1598 1701 1654 abbate
1741 1598 1866 1668 jam
1911 1611 2047 1651 sene

405 1688 808 1744 Bernhardum
841 1704 946 1759 pro
977 1703 1042 1742 eo
1075 1687 1344 1742 abbatem
1371 1685 1692 1752 constituit,
1730 1685 1830 1756 qui
1861 1685 2049 1739 eidem

405 1775 530 1834 loco
558 1793 638 1832 vn
669 1776 840 1831 annis
872 1775 1104 1846 praefuit
1136 1791 1147 1828 :
1181 1774 1424 1846 ipseque
1457 1774 1783 1829 Ratisbonas
1829 1773 2050 1829 Pascha

403 1865 537 1937 egit.
572 1867 806 1936 Ratpert.
835 1864 1121 1919 —Romaz
1145 1863 1402 1918 Joannes
1455 1879 1625 1935 papa,
1675 1863 1810 1918 dato
1857 1862 1968 1917 sibi
2015 1879 2048 1917 a

401 1955 656 2025 quodam
679 1953 1004 2024 prOpinquo
1027 1969 1133 2008 suo
1154 1967 1536 2016 veneno,cum
1568 1951 1759 2006 adhuc
1787 1951 2046 2005 victurus

401 2043 728 2110 putaretur,
761 2037 967 2094 malleo
1001 2054 1314 2109 percussus
1345 2038 1403 2092 in
1437 2038 1672 2093 cerebro
1704 2038 2045 2110 exspiravit;
2077 2035 2125 2100 B

401 2143 826 2198 percussorque
857 2129 1003 2198 ejus,
1038 2129 1416 2182 concurrente
1443 2127 1637 2192 turba,
1671 2126 1873 2182 eadem
1906 2125 2048 2182 hora

400 2233 435 2271 a
463 2216 624 2272 nullo
681 2216 854 2271 laesus
899 2216 1108 2271 cecidit
1155 2219 1452 2282 mortuus;
1485 2219 1544 2270 et
1585 2214 1871 2270 Martinus
1897 2216 2043 2286 (394)

399 2304 848 2360 archidiaconus
870 2320 1021 2376 papa
1049 2321 1138 2370 cx,
1172 2304 1380 2370 factus,
1410 2303 1639 2374 praefuit
1670 2319 1822 2358 anno
1845 2320 2047 2370 1,men-

400 2391 564 2448 sibus
593 2395 1004 2464 VLImperator
1033 2391 1272 2447 Carolus
1297 2391 1509 2445 iterum
1541 2391 1600 2445 in
1631 2390 1795 2446 Italia
1815 2391 2044 2446 obviam

398 2497 562 2554 papas
591 2481 780 2554 pergit
809 2484 867 2536 et
896 2479 1204 2535 Widonem
1253 2480 1464 2535 ducem
1503 2496 1670 2534 reum
1721 2480 2043 2550 majestatis

397 2575 736 2626 accusatum
779 2569 1099 2640 fugientem
1147 2568 1416 2640 persequi
1458 2567 1656 2637 jussit.
1707 2568 2046 2625 Pestilentia

397 2659 714 2714 exercitum
749 2657 992 2712 vexavit.
1015 2659 1158 2712 Item
1185 2657 1439 2712 Saxones
1465 2673 1599 2712 cum
1630 2656 1968 2728 Thuringiis
1989 2662 2045 2712 et

399 2747 630 2819 Popone
659 2747 808 2818 (395)
840 2749 1170 2818 pugnantes
1219 2745 1474 2812 vincunt,
1527 2745 1872 2801 Nortmanni
1901 2745 2041 2801 item

397 2835 697 2892 Prumiam
730 2839 990 2907 petentes
1020 2851 1054 2890 a
1092 2834 1358 2890 Heinrico
1409 2833 1745 2890 marchione
1793 2835 2044 2905 Poponis

399 2923 575 2978 fratre
621 2923 692 2978 ad
739 2922 1191 2978 internecionem
1239 2923 1372 2978 cassi
1419 2927 1580 2978 sunt.
1621 2954 1689 2963 —
1723 2923 2043 2978 Ludovicus

401 3025 500 3064 rex
529 3009 750 3080 Gallia,
781 3013 1090 3082 postquam
1141 3026 1385 3082 regnum
1433 3009 1658 3064 fortiter
1683 3011 1831 3065 rexit
1860 3014 1916 3065 et
1944 3012 2041 3066 de-

403 3097 925 3166 fendit,det‘unctus
948 3101 1004 3154 et
1022 3098 1284 3154 Parisius
1309 3097 1574 3170 sepultus
1595 3101 1685 3154 est
1703 3106 1862 3154 sexto
1883 3099 2046 3171 regni

400 3201 552 3242 anno
596 3186 763 3258 (396).
811 3185 1150 3242 Zuentibald
1195 3187 1312 3242 dux
1359 3186 1790 3242 Maraheusium
1821 3186 2042 3242 Panno-

397 3267 545 3344 nias,
579 3275 793 3346 quibus
824 3274 1100 3330 Arnolfus
1133 3275 1250 3330 dux
1278 3273 1436 3330 filius
1474 3273 1842 3330 Carlomanni
1893 3276 2044 3348 regis

394 3363 644 3435 praefuit,
677 3363 991 3419 crudeliter
1022 3367 1228 3420 vastat.
1260 3363 1460 3418 Annal.
1495 3363 1649 3418 Fuld.

464 3496 567 3549 884
599 3494 846 3566 Bajoarii
882 3495 940 3550 in
976 3495 1204 3550 Italiam
1256 3498 1458 3550 contra
1504 3494 1816 3550 Widonem
1857 3495 2040 3551 missi.

398 3582 540 3637 Item
574 3583 916 3638 Zuentibald
953 3583 1285 3638 Pannonias
1317 3583 1746 3638 immanissima
1784 3587 2041 3653 vastans,

401 3670 687 3741 quosdam
720 3685 788 3725 ex
818 3671 1103 3739 Bajoariis
1138 3672 1309 3741 juxta
1357 3669 1576 3726 Rabam
1610 3671 1730 3742 [a,),
1763 3672 2044 3745 Raabam]

397 3757 614 3813 ﬂumen
669 3757 899 3814 incaute
955 3751 1296 3830 congreSsos
1329 3759 1482 3825 vicit,
1516 3759 1840 3832 occisisque
1890 3760 2042 3829 aliis,

398 3845 711 3902 nonnullos
742 3847 1202 3920 comprehendit.
1227 3879 1292 3888 —
1320 3847 1472 3904 165
1505 3847 1924 3906 Carlomannus
1946 3865 2045 3904 rex

397 3933 774 4001 Gallias,ﬁlius
807 3935 1080 3990 Ludovici
1113 3935 1438 4002 Balbi,cum
1457 3935 1700 3992 multam
1735 3937 2043 4008 pecuniam

394 4023 774 4080 Nortmannis
825 4041 929 4096 pro
977 4041 1118 4096 pace
1150 4025 1426 4092 dedisset,
1457 4024 1517 4080 in
1557 4029 1768 4080 venatu
1797 4025 1871 4080 ab
1903 4043 2042 4097 apro

397 4127 710 4182 percussus
737 4111 960 4168 interiit
986 4130 1138 4169 anno
1171 4113 1334 4186 regni
1353 4130 1456 4184 v11,
1479 4117 1537 4170 et
1567 4129 1811 4186 regnum
1843 4113 2041 4169 Galliis

398 4199 470 4256 ad
519 4199 788 4256 Carolum
820 4189 1232 4274 imperatorem
1281 4202 1472 4258 rediit.
1523 4201 1724 4259 Chron.
1777 4203 2036 4258 Nor-man.

2163 759 2512 812 conventum
2545 753 3244 832 babens.ZuentibaIdum
3270 754 3488 810 ducem
3521 753 3824 811 Marahen-

2163 843 2318 899 sium
2343 861 2444 916 per
2472 860 2681 900 manus
2704 860 2766 899 se
2786 843 3046 899 dominio
3068 844 3197 914 ejus
3229 843 3824 914 tradentem,pacem-

2163 948 2277 1004 que
2320 936 2376 988 et
2423 932 2722 988 servitium
2771 930 3210 1004 promittentem
3255 931 3543 1003 suscepit.
3573 933 3826 1002 Itemque

2161 1020 2572 1076 Brazlavonem
2623 1021 2856 1088 ducem,
2888 1019 2988 1094 qui
3019 1020 3172 1076 inter
3217 1019 3479 1074 Dravum
3515 1023 3578 1074 et
3619 1021 3824 1076 Savum

2161 1107 2370 1166 ﬂuvios
2387 1109 2697 1165 Pannoniae
2731 1107 3370 1181 prisl‘uit,nihilominus
3392 1123 3458 1164 se
3489 1107 3824 1164 tradentem

2161 1197 2401 1268 accepit.
2441 1197 2570 1269 Ipse
2601 1213 2703 1268 per
2733 1199 3122 1252 Carentanum
3168 1196 3228 1252 iu
3279 1195 3516 1252 Italiam
3563 1197 3822 1262 veniens,

2160 1283 2427 1340 Natalem
2459 1284 2691 1340 Domini
2725 1285 2913 1356 Papia:
2939 1284 3271 1340 celebravit.
3306 1286 3520 1340 Annal.
3559 1285 3730 1340 Fuld.

2231 1377 2336 1428 885
2367 1375 2687 1444 Imperator
2715 1372 3187 1438 Carolus,habito
3220 1373 3280 1428 in
3317 1373 3488 1429 Italia
3510 1379 3822 1442 conventu,

2158 1462 2468 1517 Widonem
2501 1462 2706 1516 ducem
2735 1461 3204 1533 Spoletanum,se
3227 1466 3628 1518 excusantem
3655 1479 3822 1534 seque

2161 1552 2506 1606 subdentem
2539 1551 2798 1622 suscepit
2821 1549 2986 1606 :inde
3016 1549 3233 1606 Gallias
3265 1550 3472 1606 adiens
3505 1553 3824 1624 susceptis-

2161 1655 2273 1712 que
2302 1639 2676 1712 primoribus,
2710 1655 2954 1710 regnum
2987 1637 3153 1706 illud,
3192 1642 3256 1694 ut
3275 1639 3823 1713 videbatur,dispo-

2159 1727 2410 1795 nens,ad
2434 1728 2768 1782 condictum
2785 1744 2919 1783 cum
2942 1743 3094 1799 papa
3111 1725 3392 1798 placitum
3423 1728 3822 1786 Wormatiam

2155 1816 2330 1872 venit.
2365 1816 2473 1872 Sed
2509 1831 2676 1888 papa,
2719 1820 2948 1887 arrepto
3003 1816 3074 1871 ad
3109 1832 3242 1871 eum
3282 1817 3556 1872 veniendi
3597 1818 3821 1884 itinere,

2156 1905 2300 1959 obiit
2332 1904 2840 1976 (397);Itoma3que
2869 1921 2973 1977 pro
3005 1921 3070 1961 eo
3095 1904 3384 1962 Adrianus
3417 1905 3491 1960 III
3527 1923 3698 1979 papa
3718 1921 3822 1972 cxi,

2156 1992 2307 2048 sedit
2335 2009 2486 2048 anno
2519 2011 2558 2060 ι,
2591 1993 2894 2048 mensibus
2931 2009 3003 2048 IV.
3037 1993 3226 2065 Suppl.
3262 1994 3518 2050 Lambec.
3541 2025 3625 2036 -——
3655 1995 3822 2052 Gota-

2157 2081 2344 2135 fridus
2377 2098 2474 2136 rex
2502 2081 3290 2153 Nortmannorum,perﬁdiaa
3321 2086 3530 2139 contra
3559 2099 3822 2158 regnum

2153 2169 2506 2224 Francorum
2538 2168 3020 2237 insimulatus,ab
3043 2169 3187 2242 ipsis
3211 2171 3675 2228 accusatoribus
3698 2173 3822 2230 dolo

2154 2261 2493 2328 peremptus
2523 2257 2802 2329 est.Hugo
2833 2273 3068 2329 quoque
3099 2257 3318 2314 nothus
3349 2259 3624 2316 Lotharii
3650 2263 3821 2334 regis,

2154 2362 2288 2401 cum
2321 2345 2552 2400 incaute
2582 2350 2784 2401 contra
2823 2347 3236 2418 imperatorem
3289 2347 3560 2420 agitaret,
3623 2350 3820 2406 oculo-

2153 2450 2285 2488 rum
2314 2432 2442 2488 luce
2471 2433 2731 2505 privatus
2772 2437 2879 2500 est,
2915 2439 3045 2504 Reg.
3080 2465 3146 2474 —
3177 2435 3293 2490 Pax
3321 2435 3478 2491 inter
3507 2438 3818 2493 Arnolfum

2153 2521 2462 2576 Carentani
2479 2525 2536 2576 et
2565 2522 2877 2578 Pannoniae
2901 2523 3108 2578 ducem
3131 2526 3188 2578 et
3210 2521 3681 2581 Zuentibaldum
3707 2527 3818 2582 Ma-

2153 2609 2462 2665 rahcnsem
2494 2609 2702 2664 ducem
2736 2609 3134 2666 confirmatur.
3171 2611 3374 2666 Annal.
3407 2613 3576 2668 Fuld.

2221 2699 2328 2752 886
2359 2697 2699 2769 Imperator,
2731 2697 3017 2753 celebrato
3070 2687 3406 2755 Rﬁtisbonaa
3460 2701 3684 2758 Natale
3715 2703 3821 2758 Do-

2153 2785 2556 2854 mini,ltaliam
2587 2804 2621 2842 a
2650 2803 2802 2859 papa
2829 2785 3107 2844 invitatus
3137 2787 3377 2870 adiit,“
3397 2787 3819 2846 Liutwardum

2151 2873 2576 2931 Versellensem
2609 2875 2946 2947 episcopum
2969 2893 3073 2948 pro
3097 2875 3456 2948 quibusdam
3479 2881 3821 2950 quaerendis

2154 2963 2399 3019 Romam
2429 2963 2609 3020 misit.
2643 2963 2957 3020 Tumultus
2987 2964 3176 3037 Papiae
3207 2965 3361 3022 inter
3390 2967 3548 3024 cives
3589 2969 3819 3042 regios-

2154 3067 2266 3123 que
2296 3049 2510 3107 milites
2539 3052 2696 3124 gravi
2727 3056 3112 3124 utrorumque
3160 3053 3375 3110 damno
3419 3061 3724 3114 movetur.
3757 3089 3820 3100 -—

2153 3141 2475 3212 Imperator
2500 3139 2699 3196 habito
2727 3145 2859 3213 post
2885 3141 3109 3197 Pascha
3138 3141 3332 3214 Papias
3359 3149 3690 3216 conventu,
3723 3164 3821 3220 per

2153 3228 2552 3301 Burgundiam
2582 3228 2800 3284 Gallias
2829 3233 3030 3286 contra
3057 3230 3456 3288 Nortmannos
3476 3234 3679 3306 petiit.
3721 3237 3820 3292 Ubi

2154 3335 2288 3374 cum
2319 3317 2473 3372 male
2503 3321 2706 3374 contra
2733 3333 2832 3374 eos
2861 3323 3186 3391 pugnatum
3209 3324 3383 3388 esset,
3407 3325 3467 3376 et
3497 3322 3822 3381 Heinricus

2075 3399 2116 3466 C
2156 3405 2415 3462 marchio
2445 3405 2726 3462 Neustriae
2753 3406 3145 3476 occubuisset,
3179 3409 3357 3465 rebus
3405 3410 3616 3468 minus
3655 3431 3822 3486 pros-

2153 3510 2288 3567 pere
2335 3495 2514 3566 gestis
2561 3495 2850 3551 discessit.
2897 3497 3052 3552 168
3099 3495 3473 3570 Peringarius
3522 3501 3662 3570 [al.,
3721 3505 3820 3558 Be-

2154 3583 2481 3656 reugarius]
2513 3584 2630 3638 dux
2663 3583 3096 3655 Forojuliensis,
3119 3601 3254 3640 cum
3286 3586 3641 3645 Luitwardo
3665 3593 3823 3663 epis-

2153 3688 2297 3743 copo
2339 3670 2711 3740 dissentiens,
2753 3671 3182 3729 Vercellensem
3231 3675 3437 3730 urbem
3491 3680 3815 3750 exspoliat.

2154 3760 2393 3815 Insolita
2421 3760 2728 3815 inundatio
2777 3759 3046 3816 autumni
3097 3765 3359 3834 tempore
3405 3763 3584 3834 facta,
3625 3783 3818 3823 exun-

2155 3848 2428 3904 dantibus
2451 3847 2643 3919 aquis,
2679 3846 2965 3920 plurimas
2991 3847 3162 3905 villas
3181 3851 3387 3906 evertit
3415 3855 3475 3907 et
3503 3853 3732 3912 multis
3761 3858 3816 3911 in

2153 3935 2454 3992 montibus
2482 3937 2606 3992 vias
2633 3937 2832 4006 diruit,
2866 3935 3167 4010 multaque
3195 3937 3550 4000 mortalibus
3589 3943 3818 4000 damna

2151 4024 2368 4080 intulit.
2415 4025 2610 4081 Roma
2645 4026 2886 4097 quintus
2935 4027 3264 4099 Stephanus
3295 4028 3444 4100 (398)
3473 4045 3638 4103 papa
3701 4049 3818 4088 cxu

2155 4117 2288 4185 post
2333 4113 2660 4170 Adrianum
2703 4113 3030 4183 ordinatus,
3081 4115 3234 4172 sedit
3280 4116 3450 4172 annis
3489 4135 3572 4175 vx.
3608 4123 3823 4178 Annal.

2155 4201 2308 4257 Fuld.

1447 4438 1922 4496 COMPENDIUM
1959 4441 2049 4497 EX
2087 4439 2338 4496 CODICE
2375 4439 2758 4498 BERNOLDI.

466 4561 572 4617 883
623 4565 799 4620 Romae
853 4567 1089 4622 Joannes
1139 4581 1287 4638 papa
1346 4581 1387 4621 a
1447 4565 1686 4636 quodam
1751 4567 2046 4622 toxicatus.
2079 4573 2125 4637 1)
2155 4566 2296 4621 nuit.

398 4651 566 4706 etiam
589 4668 622 4706 a
653 4653 887 4724 quodam
935 4657 1046 4710 alio
1091 4669 1379 4724 percussus
1423 4655 1622 4711 malleo
1649 4654 1802 4721 obiit,
1829 4657 2044 4710 statim-

395 4755 499 4808 que
531 4755 820 4810 percussor
846 4746 966 4814 eius
994 4759 1030 4797 a
1069 4743 1290 4798 nemine
1337 4743 1500 4798 lmsus
1543 4745 1781 4798 moritur
1807 4761 1828 4797 .·
1857 4750 1909 4798 et
1932 4744 2042 4798 Ma-

395 4827 556 4881 rinus
586 4827 1008 4885 archidiaconus
1029 4847 1174 4902 papa
1212 4846 1280 4885 cx
1305 4831 1516 4902 profuit
1543 4847 1688 4888 anno
1719 4847 1848 4900 uno,
1886 4847 2042 4888 men-

395 4915 545 4970 sibus
574 4931 688 4972 sex.
716 4917 1013 4974 Ludovicus
1048 4935 1148 4974 rex
1179 4919 1368 4975 Galliae
1397 4919 1555 4975 obiit.

463 5005 568 5060 884
599 5005 1026 5062 Carolomannus
1072 5007 1223 5076 ﬁlius
1251 5007 1509 5063 Ludovici
1551 5009 1734 5074 Balbi,
1775 5025 1876 5064 rea:
1917 5009 2045 5065 Gal-

395 5092 512 5160 liae,
541 5093 676 5150 obiit
703 5101 758 5149 et
779 5110 1012 5163 regnum
1054 5094 1253 5151 Gallia:
1281 5095 1511 5152 Carolus
1557 5098 1858 5168 imperator
1905 5098 2044 5154 obti-

2223 4655 2328 4710 885
2357 4655 2599 4710 Marinus
2623 4671 2773 4726 papa
2799 4655 2958 4725 obiit,
2984 4671 3088 4726 pro
3117 4671 3221 4727 quo
3241 4655 3522 4714 Adrianus
3551 4660 3653 4733 ΠΙ,
3671 4679 3824 4735 papa

2151 4757 2263 4808 cxx,
2293 4743 2432 4798 sedit
2459 4758 2604 4798 anno
2633 4758 2762 4810 uno,
2795 4744 3074 4799 mensibus
3107 4748 3342 4815 quatuor
3372 4786 3386 4800 .

2222 4831 2327 4886 886
2381 4833 2686 4903 Imperator
2741 4849 2774 4887 a
2823 4849 2971 4904 papa
3034 4835 3302 4889 invitatus
3359 4835 3590 4892 Italiam
3649 4841 3821 4894 venit.

2151 4923 2339 4976 Romae
2368 4920 2592 4990 quintus
2621 4919 2928 4994 Stephanus
2949 4929 3070 4993 post
3097 4922 3411 4980 Adrianum
3451 4925 3600 4981 sedit
3651 4929 3824 4984 annis

2151 5023 2250 5062 88$
2258 5048 2269 5062 .

1975 5249 2207 5306 ΝΟΤιΕ.

393 5365 615 5492 lar(1:93)
646 5367 872 5440 Reliqui
899 5370 1152 5428 Annales
1191 5387 1384 5444 regem
1425 5373 1802 5430 Godefridum
1841 5374 2037 5447 appel-

410 5573 422 5579 ἢ
463 5507 614 5579 (394)
641 5509 894 5589 Annales
925 5511 1090 5589 Fuld.
1117 5517 1268 5569 recte
1297 5515 1559 5582 Marinus,
1596 5515 1696 5587 qui
1728 5515 1786 5569 id
1832 5516 1900 5570 ad
1935 5532 2035 5572 an-

393 5593 540 5634 num
569 5584 824 5650 priorem
855 5584 1135 5641 referunt.

463 5651 616 5796 (3953
640 5651 972 5729 Thuringiaa
1001 5657 1169 5712 duce.

465 5723 592 5794 (396
613 5721 790 5782 Juxta
823 5727 1076 5786 Annales
1109 5729 1169 5784 Bc

465 5721 790 5794 (396)Juxta
823 5721 1076 5786 Annales
1109 5727 1473 5785 Bertinianos
1509 5726 1828 5785 Ludovicus
1859 5727 2033 5785 Fran-

2147 5375 2492 5449 ciaerexjam
2503 5389 2704 5449 mense
2719 5379 2984 5449 Augusto
2996 5392 3148 5433 anno
3161 5377 3352 5449 priore
3363 5377 3690 5438 defunctus
3705 5385 3819 5438 est.

2217 5447 2364 5527 (39?)
2393 5445 2567 5527 Papa,
2600 5447 2705 5527 qui
2751 5445 2841 5501 in'
2859 5446 3070 5527 itinere
3117 5445 3282 5527 obiit.
3327 5449 3632 5509 Adrianus
3657 5452 3818 5527 fuit,

2145 5533 2293 5592 non-
2310 5518 2606 5592 Marianas
2654 5518 2784 5589 ejus
2839 5522 3190 5588 antecessor,
3217 5521 3346 5592 jam
3397 5537 3608 5580 mense
3657 5518 3816 5581 Maio

2145 5605 2238 5643 an.
2265 5587 2369 5646 88h
2403 5587 2690 5644 mortuus.

2215 5659 2363 5734 (398)
2413 5659 2745 5734 stephanus
2769 5661 2818 5713 ν
2857 5661 2987 5734 jam
3021 5676 3222 5719 mense
3267 5663 3606 5734 Septembri
3657 5681 3817 5722 anno

2143 5729 2646 5803 priore'suﬁ‘ectus
2674 5735 2763 5788 est
2789 5729 3066 5788 Adriano.
