  <div class='ocr_page' id='page_1' title='image "/cluster/home/n/w/nwhite01/storage/ocr_20150623/142-143/uc1.31175018423130/841.png"; bbox 0 0 3894 6354; ppageno 0'>
   <div class='ocr_carea' id='block_1_1' title="bbox 375 437 494 502">
    <p class='ocr_par' dir='ltr' id='par_1_1' title="bbox 375 437 494 502">
     <span class='ocr_line' id='line_1_1' title="bbox 375 437 494 502; baseline -0.017 0"><span class='ocrx_word' id='word_1_1' title='bbox 375 437 494 502; x_wconf 81' lang='lat'><strong>203</strong></span> 
     </span>
    </p>
   </div>
   <div class='ocr_carea' id='block_1_2' title="bbox 1176 429 2956 501">
    <p class='ocr_par' dir='ltr' id='par_1_2' title="bbox 1176 429 2956 501">
     <span class='ocr_line' id='line_1_2' title="bbox 1176 429 2956 501; baseline 0 -5"><span class='ocrx_word' id='word_1_2' title='bbox 1176 433 1590 501; x_wconf 81' lang='lat' dir='ltr'><strong>HERMANNI</strong></span> <span class='ocrx_word' id='word_1_3' title='bbox 1634 433 2070 500; x_wconf 80' lang='lat' dir='ltr'><strong>CONTRACTI</strong></span> <span class='ocrx_word' id='word_1_4' title='bbox 2112 431 2532 498; x_wconf 80' lang='lat' dir='ltr'><strong>AUGIENSIS</strong></span> <span class='ocrx_word' id='word_1_5' title='bbox 2575 429 2956 498; x_wconf 81' lang='lat' dir='ltr'><strong>MONACHI.</strong></span> 
     </span>
    </p>
   </div>
   <div class='ocr_carea' id='block_1_3' title="bbox 3663 425 3781 488">
    <p class='ocr_par' dir='ltr' id='par_1_3' title="bbox 3663 425 3781 488">
     <span class='ocr_line' id='line_1_3' title="bbox 3663 425 3781 488; baseline 0 -2"><span class='ocrx_word' id='word_1_6' title='bbox 3663 425 3781 488; x_wconf 62' lang='lat'><strong>204</strong></span> 
     </span>
    </p>
   </div>
   <div class='ocr_carea' id='block_1_4' title="bbox 1740 589 2400 649">
    <p class='ocr_par' dir='ltr' id='par_1_4' title="bbox 1740 589 2400 649">
     <span class='ocr_line' id='line_1_4' title="bbox 1740 589 2400 649; baseline 0 -1"><span class='ocrx_word' id='word_1_7' title='bbox 1740 591 1970 648; x_wconf 88' lang='lat' dir='ltr'><strong>CODEX</strong></span> <span class='ocrx_word' id='word_1_8' title='bbox 2005 589 2400 649; x_wconf 83' lang='lat' dir='ltr'><strong>AUGIENSIS.</strong></span> 
     </span>
    </p>
   </div>
   <div class='ocr_carea' id='block_1_5' title="bbox 383 685 3781 763">
    <p class='ocr_par' dir='ltr' id='par_1_5' title="bbox 383 685 3781 763">
     <span class='ocr_line' id='line_1_5' title="bbox 383 685 3781 763; baseline -0.004 -11"><span class='ocrx_word' id='word_1_9' title='bbox 383 695 600 761; x_wconf 91' lang='lat' dir='ltr'><strong>minus]</strong></span> <span class='ocrx_word' id='word_1_10' title='bbox 631 693 930 748; x_wconf 76' lang='lat' dir='ltr'><strong>invasere:</strong></span> <span class='ocrx_word' id='word_1_11' title='bbox 982 707 1014 746; x_wconf 91' lang='lat' dir='ltr'><strong>e</strong></span> <span class='ocrx_word' id='word_1_12' title='bbox 1059 689 1274 763; x_wconf 82' lang='lat' dir='ltr'><strong>quibus</strong></span> <span class='ocrx_word' id='word_1_13' title='bbox 1319 688 1440 744; x_wconf 92' lang='lat' dir='ltr'><strong>Odo</strong></span> <span class='ocrx_word' id='word_1_14' title='bbox 1471 689 1772 745; x_wconf 82' lang='lat' dir='ltr'><strong>Arnoll‘um</strong></span> <span class='ocrx_word' id='word_1_15' title='bbox 1816 705 2009 761; x_wconf 84' lang='lat' dir='ltr'><strong>regem</strong></span> <span class='ocrx_word' id='word_1_16' title='bbox 2038 687 2095 757; x_wconf 79' lang='grc' dir='ltr'><strong>Α</strong></span> <span class='ocrx_word' id='word_1_17' title='bbox 2126 690 2323 746; x_wconf 90' lang='lat' dir='ltr'><strong>manni</strong></span> <span class='ocrx_word' id='word_1_18' title='bbox 2371 690 2508 745; x_wconf 90' lang='lat' dir='ltr'><strong>item</strong></span> <span class='ocrx_word' id='word_1_19' title='bbox 2559 689 2859 746; x_wconf 85' lang='lat' dir='ltr'><strong>Franciam</strong></span> <span class='ocrx_word' id='word_1_20' title='bbox 2893 688 3092 745; x_wconf 80' lang='lat' dir='ltr'><strong>Rheno</strong></span> <span class='ocrx_word' id='word_1_21' title='bbox 3127 686 3466 758; x_wconf 76' lang='lat' dir='ltr'><strong>contiguam</strong></span> <span class='ocrx_word' id='word_1_22' title='bbox 3520 685 3781 750; x_wconf 75' lang='lat' dir='ltr'><strong>vastant,</strong></span> 
     </span>
    </p>
   </div>
   <div class='ocr_carea' id='block_1_6' title="bbox 383 775 2019 853">
    <p class='ocr_par' dir='ltr' id='par_1_6' title="bbox 383 775 2019 853">
     <span class='ocr_line' id='line_1_6' title="bbox 383 775 2019 853; baseline -0.005 -13"><span class='ocrx_word' id='word_1_23' title='bbox 383 781 687 840; x_wconf 89' lang='lat' dir='ltr'><strong>Franciam</strong></span> <span class='ocrx_word' id='word_1_24' title='bbox 735 782 1024 853; x_wconf 81' lang='lat' dir='ltr'><strong>petentem</strong></span> <span class='ocrx_word' id='word_1_25' title='bbox 1074 775 1372 832; x_wconf 82' lang='lat' dir='ltr'><strong>humiliter</strong></span> <span class='ocrx_word' id='word_1_26' title='bbox 1416 776 1620 832; x_wconf 88' lang='lat' dir='ltr'><strong>adiens</strong></span> <span class='ocrx_word' id='word_1_27' title='bbox 1661 781 1718 833; x_wconf 88' lang='lat' dir='ltr'><strong>et</strong></span> <span class='ocrx_word' id='word_1_28' title='bbox 1769 777 2019 850; x_wconf 86' lang='lat' dir='ltr'><strong>benigne</strong></span> 
     </span>
    </p>
   </div>
   <div class='ocr_carea' id='block_1_7' title="bbox 387 864 2016 942">
    <p class='ocr_par' dir='ltr' id='par_1_7' title="bbox 387 864 2016 942">
     <span class='ocr_line' id='line_1_7' title="bbox 387 864 2016 942; baseline -0.005 -14"><span class='ocrx_word' id='word_1_29' title='bbox 387 867 1009 942; x_wconf 89' lang='lat' dir='ltr'><strong>susceptus,permisso</strong></span> <span class='ocrx_word' id='word_1_30' title='bbox 1030 865 1156 937; x_wconf 83' lang='lat' dir='ltr'><strong>ejus</strong></span> <span class='ocrx_word' id='word_1_31' title='bbox 1187 864 1454 919; x_wconf 89' lang='lat' dir='ltr'><strong>invasum</strong></span> <span class='ocrx_word' id='word_1_32' title='bbox 1475 865 1717 919; x_wconf 88' lang='lat' dir='ltr'><strong>retinuit</strong></span> <span class='ocrx_word' id='word_1_33' title='bbox 1747 881 2016 937; x_wconf 81' lang='lat' dir='ltr'><strong>regnum.</strong></span> 
     </span>
    </p>
   </div>
   <div class='ocr_carea' id='block_1_8' title="bbox 386 951 2022 1016">
    <p class='ocr_par' dir='ltr' id='par_1_8' title="bbox 386 951 2022 1016">
     <span class='ocr_line' id='line_1_8' title="bbox 386 951 2022 1016; baseline -0.004 -1"><span class='ocrx_word' id='word_1_34' title='bbox 386 959 590 1016; x_wconf 88' lang='lat' dir='ltr'><strong>Itidem</strong></span> <span class='ocrx_word' id='word_1_35' title='bbox 613 954 895 1012; x_wconf 75' lang='lat' dir='ltr'><strong>Rodull‘us</strong></span> <span class='ocrx_word' id='word_1_36' title='bbox 916 953 1290 1008; x_wconf 81' lang='lat' dir='ltr'><strong>Ratisbonam</strong></span> <span class='ocrx_word' id='word_1_37' title='bbox 1312 951 1382 1006; x_wconf 89' lang='lat' dir='ltr'><strong>ad</strong></span> <span class='ocrx_word' id='word_1_38' title='bbox 1400 968 1534 1007; x_wconf 91' lang='lat' dir='ltr'><strong>eum</strong></span> <span class='ocrx_word' id='word_1_39' title='bbox 1564 951 1800 1008; x_wconf 90' lang='lat' dir='ltr'><strong>veniens</strong></span> <span class='ocrx_word' id='word_1_40' title='bbox 1832 954 2022 1008; x_wconf 85' lang='lat' dir='ltr'><strong>favore</strong></span> 
     </span>
    </p>
   </div>
   <div class='ocr_carea' id='block_1_9' title="bbox 390 1038 2020 1120">
    <p class='ocr_par' dir='ltr' id='par_1_9' title="bbox 390 1038 2020 1120">
     <span class='ocr_line' id='line_1_9' title="bbox 390 1038 2020 1120; baseline -0.006 -16"><span class='ocrx_word' id='word_1_41' title='bbox 390 1047 519 1120; x_wconf 89' lang='lat' dir='ltr'><strong>ejus</strong></span> <span class='ocrx_word' id='word_1_42' title='bbox 564 1058 864 1116; x_wconf 91' lang='lat' dir='ltr'><strong>pervasam</strong></span> <span class='ocrx_word' id='word_1_43' title='bbox 904 1038 1235 1111; x_wconf 82' lang='lat' dir='ltr'><strong>impetravit</strong></span> <span class='ocrx_word' id='word_1_44' title='bbox 1279 1039 1678 1111; x_wconf 89' lang='lat' dir='ltr'><strong>Burgundiam</strong></span> <span class='ocrx_word' id='word_1_45' title='bbox 1722 1041 1891 1110; x_wconf 70' lang='grc'>(407).</span> <span class='ocrx_word' id='word_1_46' title='bbox 1921 1041 2020 1095; x_wconf 89' lang='lat' dir='ltr'><strong>Ni-</strong></span> 
     </span>
    </p>
   </div>
   <div class='ocr_carea' id='block_1_10' title="bbox 389 1125 2022 1200">
    <p class='ocr_par' dir='ltr' id='par_1_10' title="bbox 389 1125 2022 1200">
     <span class='ocr_line' id='line_1_10' title="bbox 389 1125 2022 1200; baseline -0.006 -9"><span class='ocrx_word' id='word_1_47' title='bbox 389 1133 710 1192; x_wconf 88' lang='lat' dir='ltr'><strong>hilominus</strong></span> <span class='ocrx_word' id='word_1_48' title='bbox 739 1145 874 1186; x_wconf 88' lang='lat' dir='ltr'><strong>cum</strong></span> <span class='ocrx_word' id='word_1_49' title='bbox 905 1127 1131 1184; x_wconf 75' lang='lat' dir='ltr'><strong>Italiam</strong></span> <span class='ocrx_word' id='word_1_50' title='bbox 1159 1125 1328 1183; x_wconf 84' lang='lat' dir='ltr'><strong>vellet</strong></span> <span class='ocrx_word' id='word_1_51' title='bbox 1355 1144 1454 1183; x_wconf 89' lang='lat' dir='ltr'><strong>rex</strong></span> <span class='ocrx_word' id='word_1_52' title='bbox 1488 1127 1762 1183; x_wconf 83' lang='lat' dir='ltr'><strong>Arnoll&#39;us</strong></span> <span class='ocrx_word' id='word_1_53' title='bbox 1810 1132 2022 1200; x_wconf 87' lang='lat' dir='ltr'><strong>petere,</strong></span> 
     </span>
    </p>
   </div>
   <div class='ocr_carea' id='block_1_11' title="bbox 390 1215 2021 1288">
    <p class='ocr_par' dir='ltr' id='par_1_11' title="bbox 390 1215 2021 1288">
     <span class='ocr_line' id='line_1_11' title="bbox 390 1215 2021 1288; baseline -0.006 -10"><span class='ocrx_word' id='word_1_54' title='bbox 390 1221 617 1279; x_wconf 87' lang='lat' dir='ltr'><strong>obviam</strong></span> <span class='ocrx_word' id='word_1_55' title='bbox 663 1217 916 1274; x_wconf 89' lang='lat' dir='ltr'><strong>venienti</strong></span> <span class='ocrx_word' id='word_1_56' title='bbox 965 1215 1320 1288; x_wconf 90' lang='lat' dir='ltr'><strong>Peringario,</strong></span> <span class='ocrx_word' id='word_1_57' title='bbox 1365 1216 1464 1288; x_wconf 89' lang='lat' dir='ltr'><strong>qui</strong></span> <span class='ocrx_word' id='word_1_58' title='bbox 1513 1215 1684 1287; x_wconf 91' lang='lat' dir='ltr'><strong>paulo</strong></span> <span class='ocrx_word' id='word_1_59' title='bbox 1722 1223 1857 1271; x_wconf 86' lang='lat' dir='ltr'><strong>ante</strong></span> <span class='ocrx_word' id='word_1_60' title='bbox 1888 1232 2021 1270; x_wconf 91' lang='lat' dir='ltr'><strong>cum</strong></span> 
     </span>
    </p>
   </div>
   <div class='ocr_carea' id='block_1_12' title="bbox 390 1302 2022 1380">
    <p class='ocr_par' dir='ltr' id='par_1_12' title="bbox 390 1302 2022 1380">
     <span class='ocr_line' id='line_1_12' title="bbox 390 1302 2022 1380; baseline -0.004 -15"><span class='ocrx_word' id='word_1_61' title='bbox 390 1310 636 1365; x_wconf 90' lang='lat' dir='ltr'><strong>Widone</strong></span> <span class='ocrx_word' id='word_1_62' title='bbox 664 1323 864 1380; x_wconf 89' lang='lat' dir='ltr'><strong>pugna</strong></span> <span class='ocrx_word' id='word_1_63' title='bbox 891 1304 1715 1376; x_wconf 83' lang='lat' dir='ltr'><strong>conﬂixerattyranno,paucis</strong></span> <span class='ocrx_word' id='word_1_64' title='bbox 1745 1302 2022 1376; x_wconf 82' lang='lat' dir='ltr'><strong>exceptis,</strong></span> 
     </span>
    </p>
   </div>
   <div class='ocr_carea' id='block_1_13' title="bbox 389 1391 2024 1464">
    <p class='ocr_par' dir='ltr' id='par_1_13' title="bbox 389 1391 2024 1464">
     <span class='ocr_line' id='line_1_13' title="bbox 389 1391 2024 1464; baseline -0.006 -8"><span class='ocrx_word' id='word_1_65' title='bbox 389 1403 573 1456; x_wconf 89' lang='lat' dir='ltr'><strong>totam</strong></span> <span class='ocrx_word' id='word_1_66' title='bbox 604 1393 893 1452; x_wconf 90' lang='lat' dir='ltr'><strong>concessit</strong></span> <span class='ocrx_word' id='word_1_67' title='bbox 921 1392 1167 1448; x_wconf 78' lang='lat' dir='ltr'><strong>Italiam.</strong></span> <span class='ocrx_word' id='word_1_68' title='bbox 1200 1393 1264 1446; x_wconf 90' lang='lat' dir='ltr'><strong>In</strong></span> <span class='ocrx_word' id='word_1_69' title='bbox 1295 1391 1404 1462; x_wconf 90' lang='lat' dir='ltr'><strong>(ea)</strong></span> <span class='ocrx_word' id='word_1_70' title='bbox 1435 1392 1798 1463; x_wconf 86' lang='lat' dir='ltr'><strong>expeditione</strong></span> <span class='ocrx_word' id='word_1_71' title='bbox 1819 1392 2024 1464; x_wconf 89' lang='lat' dir='ltr'><strong>ingens</strong></span> 
     </span>
    </p>
   </div>
   <div class='ocr_carea' id='block_1_14' title="bbox 389 1479 2024 1559">
    <p class='ocr_par' dir='ltr' id='par_1_14' title="bbox 389 1479 2024 1559">
     <span class='ocr_line' id='line_1_14' title="bbox 389 1479 2024 1559; baseline -0.008 -14"><span class='ocrx_word' id='word_1_72' title='bbox 389 1501 673 1559; x_wconf 86' lang='lat' dir='ltr'><strong>equorum</strong></span> <span class='ocrx_word' id='word_1_73' title='bbox 706 1479 1041 1555; x_wconf 86' lang='lat' dir='ltr'><strong>pestilentia</strong></span> <span class='ocrx_word' id='word_1_74' title='bbox 1070 1480 1239 1535; x_wconf 78' lang='lat' dir='ltr'><strong>facta.</strong></span> <span class='ocrx_word' id='word_1_75' title='bbox 1285 1480 1485 1534; x_wconf 82' lang='lat' dir='ltr'><strong>Annal.</strong></span> <span class='ocrx_word' id='word_1_76' title='bbox 1538 1480 1692 1534; x_wconf 85' lang='lat' dir='ltr'><strong>Fuld.</strong></span> <span class='ocrx_word' id='word_1_77' title='bbox 1739 1481 1924 1550; x_wconf 75' lang='lat' dir='ltr'><strong>Regia.</strong></span> <span class='ocrx_word' id='word_1_78' title='bbox 1957 1511 2024 1520; x_wconf 96' lang='lat'><strong>—</strong></span> 
     </span>
    </p>
   </div>
   <div class='ocr_carea' id='block_1_15' title="bbox 392 1567 2026 1646">
    <p class='ocr_par' dir='ltr' id='par_1_15' title="bbox 392 1567 2026 1646">
     <span class='ocr_line' id='line_1_15' title="bbox 392 1567 2026 1646; baseline -0.006 -16"><span class='ocrx_word' id='word_1_79' title='bbox 392 1574 589 1646; x_wconf 70' lang='lat' dir='ltr'><strong>Augite</strong></span> <span class='ocrx_word' id='word_1_80' title='bbox 619 1569 944 1627; x_wconf 83' lang='lat' dir='ltr'><strong>Ruodhoho</strong></span> <span class='ocrx_word' id='word_1_81' title='bbox 987 1567 1181 1623; x_wconf 89' lang='lat' dir='ltr'><strong>abbati</strong></span> <span class='ocrx_word' id='word_1_82' title='bbox 1213 1567 1381 1629; x_wconf 79' lang='lat' dir='ltr'><strong>Hatto</strong></span> <span class='ocrx_word' id='word_1_83' title='bbox 1429 1568 1746 1622; x_wconf 86' lang='lat' dir='ltr'><strong>succedens</strong></span> <span class='ocrx_word' id='word_1_84' title='bbox 1798 1567 2026 1639; x_wconf 59' lang='lat' dir='ltr'><strong>praefuit</strong></span> 
     </span>
    </p>
   </div>
   <div class='ocr_carea' id='block_1_16' title="bbox 395 1653 2026 1731">
    <p class='ocr_par' dir='ltr' id='par_1_16' title="bbox 395 1653 2026 1731">
     <span class='ocr_line' id='line_1_16' title="bbox 395 1653 2026 1731; baseline -0.007 -11"><span class='ocrx_word' id='word_1_85' title='bbox 395 1663 568 1720; x_wconf 88' lang='lat' dir='ltr'><strong>annis</strong></span> <span class='ocrx_word' id='word_1_86' title='bbox 597 1677 725 1730; x_wconf 88' lang='lat' dir='ltr'><strong>xxv,</strong></span> <span class='ocrx_word' id='word_1_87' title='bbox 758 1657 858 1731; x_wconf 90' lang='lat' dir='ltr'><strong>qui</strong></span> <span class='ocrx_word' id='word_1_88' title='bbox 889 1655 1093 1713; x_wconf 88' lang='lat' dir='ltr'><strong>cellam</strong></span> <span class='ocrx_word' id='word_1_89' title='bbox 1133 1659 1188 1711; x_wconf 89' lang='lat' dir='ltr'><strong>et</strong></span> <span class='ocrx_word' id='word_1_90' title='bbox 1217 1655 1516 1711; x_wconf 84' lang='lat' dir='ltr'><strong>basilicam</strong></span> <span class='ocrx_word' id='word_1_91' title='bbox 1565 1656 1750 1711; x_wconf 86' lang='lat' dir='ltr'><strong>sancti</strong></span> <span class='ocrx_word' id='word_1_92' title='bbox 1799 1653 2026 1726; x_wconf 88' lang='lat' dir='ltr'><strong>Georgii</strong></span> 
     </span>
    </p>
   </div>
   <div class='ocr_carea' id='block_1_17' title="bbox 395 1745 1050 1807">
    <p class='ocr_par' dir='ltr' id='par_1_17' title="bbox 395 1745 1050 1807">
     <span class='ocr_line' id='line_1_17' title="bbox 395 1745 1050 1807; baseline -0.012 0"><span class='ocrx_word' id='word_1_93' title='bbox 395 1751 456 1807; x_wconf 91' lang='lat' dir='ltr'><strong>in</strong></span> <span class='ocrx_word' id='word_1_94' title='bbox 487 1748 680 1806; x_wconf 87' lang='lat' dir='ltr'><strong>insula</strong></span> <span class='ocrx_word' id='word_1_95' title='bbox 708 1745 1050 1803; x_wconf 82' lang='lat' dir='ltr'><strong>construxit.</strong></span> 
     </span>
    </p>
   </div>
   <div class='ocr_carea' id='block_1_18' title="bbox 467 1831 2029 1908">
    <p class='ocr_par' dir='ltr' id='par_1_18' title="bbox 467 1831 2029 1908">
     <span class='ocr_line' id='line_1_18' title="bbox 467 1831 2029 1908; baseline -0.005 -14"><span class='ocrx_word' id='word_1_96' title='bbox 467 1839 572 1894; x_wconf 88' lang='lat'><strong>889</strong></span> <span class='ocrx_word' id='word_1_97' title='bbox 602 1835 929 1908; x_wconf 89' lang='lat' dir='ltr'><strong>Liutpertus</strong></span> <span class='ocrx_word' id='word_1_98' title='bbox 949 1831 1294 1888; x_wconf 85' lang='lat' dir='ltr'><strong>venerabilis</strong></span> <span class='ocrx_word' id='word_1_99' title='bbox 1314 1832 1589 1904; x_wconf 88' lang='lat' dir='ltr'><strong>omnique</strong></span> <span class='ocrx_word' id='word_1_100' title='bbox 1614 1831 1785 1887; x_wconf 87' lang='lat' dir='ltr'><strong>laude</strong></span> <span class='ocrx_word' id='word_1_101' title='bbox 1815 1832 2029 1904; x_wconf 89' lang='lat' dir='ltr'><strong>dignus</strong></span> 
     </span>
    </p>
   </div>
   <div class='ocr_carea' id='block_1_19' title="bbox 397 1920 2029 1999">
    <p class='ocr_par' dir='ltr' id='par_1_19' title="bbox 397 1920 2029 1999">
     <span class='ocr_line' id='line_1_19' title="bbox 397 1920 2029 1999; baseline -0.002 -16"><span class='ocrx_word' id='word_1_102' title='bbox 397 1925 699 1999; x_wconf 84' lang='lat' dir='ltr'><strong>Mogontiae</strong></span> <span class='ocrx_word' id='word_1_103' title='bbox 748 1921 904 1979; x_wconf 87' lang='lat' dir='ltr'><strong>sedis</strong></span> <span class='ocrx_word' id='word_1_104' title='bbox 950 1921 1420 1992; x_wconf 87' lang='lat' dir='ltr'><strong>archiepiscopus</strong></span> <span class='ocrx_word' id='word_1_105' title='bbox 1466 1921 1572 1976; x_wconf 89' lang='lat' dir='ltr'><strong>hac</strong></span> <span class='ocrx_word' id='word_1_106' title='bbox 1603 1921 1719 1976; x_wconf 87' lang='lat' dir='ltr'><strong>vita</strong></span> <span class='ocrx_word' id='word_1_107' title='bbox 1747 1920 2029 1980; x_wconf 84' lang='lat' dir='ltr'><strong>decessit:</strong></span> 
     </span>
    </p>
   </div>
   <div class='ocr_carea' id='block_1_20' title="bbox 395 2007 2028 2071">
    <p class='ocr_par' dir='ltr' id='par_1_20' title="bbox 395 2007 2028 2071">
     <span class='ocr_line' id='line_1_20' title="bbox 395 2007 2028 2071; baseline -0.004 0"><span class='ocrx_word' id='word_1_108' title='bbox 395 2015 486 2071; x_wconf 91' lang='lat' dir='ltr'><strong>cui</strong></span> <span class='ocrx_word' id='word_1_109' title='bbox 517 2009 842 2070; x_wconf 89' lang='lat' dir='ltr'><strong>Sunderold</strong></span> <span class='ocrx_word' id='word_1_110' title='bbox 897 2009 1198 2066; x_wconf 85' lang='lat' dir='ltr'><strong>successit.</strong></span> <span class='ocrx_word' id='word_1_111' title='bbox 1250 2007 1638 2064; x_wconf 85' lang='lat' dir='ltr'><strong>Calamitosus</strong></span> <span class='ocrx_word' id='word_1_112' title='bbox 1685 2009 1796 2064; x_wconf 89' lang='lat' dir='ltr'><strong>iste</strong></span> <span class='ocrx_word' id='word_1_113' title='bbox 1840 2025 2028 2064; x_wconf 90' lang='lat' dir='ltr'><strong>annus</strong></span> 
     </span>
    </p>
   </div>
   <div class='ocr_carea' id='block_1_21' title="bbox 396 2097 2034 2173">
    <p class='ocr_par' dir='ltr' id='par_1_21' title="bbox 396 2097 2034 2173">
     <span class='ocr_line' id='line_1_21' title="bbox 396 2097 2034 2173; baseline -0.005 -13"><span class='ocrx_word' id='word_1_114' title='bbox 396 2101 614 2160; x_wconf 88' lang='lat' dir='ltr'><strong>morbis</strong></span> <span class='ocrx_word' id='word_1_115' title='bbox 645 2117 710 2156; x_wconf 90' lang='lat' dir='ltr'><strong>ac</strong></span> <span class='ocrx_word' id='word_1_116' title='bbox 740 2097 1090 2173; x_wconf 87' lang='lat' dir='ltr'><strong>pestilentia,</strong></span> <span class='ocrx_word' id='word_1_117' title='bbox 1121 2113 1409 2170; x_wconf 90' lang='lat' dir='ltr'><strong>aquarum</strong></span> <span class='ocrx_word' id='word_1_118' title='bbox 1438 2097 2034 2163; x_wconf 89' lang='lat' dir='ltr'><strong>inundationibus,in-</strong></span> 
     </span>
    </p>
   </div>
   <div class='ocr_carea' id='block_1_22' title="bbox 397 2185 2033 2260">
    <p class='ocr_par' dir='ltr' id='par_1_22' title="bbox 397 2185 2033 2260">
     <span class='ocr_line' id='line_1_22' title="bbox 397 2185 2033 2260; baseline -0.006 -10"><span class='ocrx_word' id='word_1_119' title='bbox 397 2191 587 2250; x_wconf 89' lang='lat' dir='ltr'><strong>solitis</strong></span> <span class='ocrx_word' id='word_1_120' title='bbox 632 2187 1100 2260; x_wconf 86' lang='lat' dir='ltr'><strong>tempestatibus,</strong></span> <span class='ocrx_word' id='word_1_121' title='bbox 1152 2185 1488 2242; x_wconf 89' lang='lat' dir='ltr'><strong>turbinibus</strong></span> <span class='ocrx_word' id='word_1_122' title='bbox 1544 2191 1601 2242; x_wconf 91' lang='lat' dir='ltr'><strong>et</strong></span> <span class='ocrx_word' id='word_1_123' title='bbox 1647 2185 2033 2258; x_wconf 83' lang='lat' dir='ltr'><strong>grandinibus</strong></span> 
     </span>
    </p>
   </div>
   <div class='ocr_carea' id='block_1_23' title="bbox 397 2272 2032 2348">
    <p class='ocr_par' dir='ltr' id='par_1_23' title="bbox 397 2272 2032 2348">
     <span class='ocr_line' id='line_1_23' title="bbox 397 2272 2032 2348; baseline -0.007 -10"><span class='ocrx_word' id='word_1_124' title='bbox 397 2279 622 2346; x_wconf 87' lang='lat' dir='ltr'><strong>multis,</strong></span> <span class='ocrx_word' id='word_1_125' title='bbox 657 2279 828 2346; x_wconf 81' lang='lat' dir='ltr'><strong>fame,</strong></span> <span class='ocrx_word' id='word_1_126' title='bbox 861 2280 1024 2348; x_wconf 87' lang='lat' dir='ltr'><strong>peste</strong></span> <span class='ocrx_word' id='word_1_127' title='bbox 1045 2278 1102 2330; x_wconf 90' lang='lat' dir='ltr'><strong>et</strong></span> <span class='ocrx_word' id='word_1_128' title='bbox 1125 2291 1594 2345; x_wconf 87' lang='lat' dir='ltr'><strong>quaquaversum</strong></span> <span class='ocrx_word' id='word_1_129' title='bbox 1616 2273 1782 2328; x_wconf 88' lang='lat' dir='ltr'><strong>bellis</strong></span> <span class='ocrx_word' id='word_1_130' title='bbox 1805 2272 2032 2328; x_wconf 89' lang='lat' dir='ltr'><strong>sociali-</strong></span> 
     </span>
    </p>
   </div>
   <div class='ocr_carea' id='block_1_24' title="bbox 399 2361 2034 2438">
    <p class='ocr_par' dir='ltr' id='par_1_24' title="bbox 399 2361 2034 2438">
     <span class='ocr_line' id='line_1_24' title="bbox 399 2361 2034 2438; baseline -0.007 -12"><span class='ocrx_word' id='word_1_131' title='bbox 399 2370 511 2426; x_wconf 88' lang='lat' dir='ltr'><strong>bus</strong></span> <span class='ocrx_word' id='word_1_132' title='bbox 541 2363 1113 2438; x_wconf 81' lang='lat' dir='ltr'><strong>comprovincialium</strong></span> <span class='ocrx_word' id='word_1_133' title='bbox 1144 2362 1272 2416; x_wconf 83' lang='lat' dir='ltr'><strong>luit.</strong></span> <span class='ocrx_word' id='word_1_134' title='bbox 1322 2363 1381 2416; x_wconf 92' lang='lat' dir='ltr'><strong>In</strong></span> <span class='ocrx_word' id='word_1_135' title='bbox 1413 2361 1735 2434; x_wconf 89' lang='lat' dir='ltr'><strong>&#39;I‘huringia</strong></span> <span class='ocrx_word' id='word_1_136' title='bbox 1762 2361 2034 2416; x_wconf 86' lang='lat' dir='ltr'><strong>torrentis</strong></span> 
     </span>
    </p>
   </div>
   <div class='ocr_carea' id='block_1_25' title="bbox 399 2449 2036 2516">
    <p class='ocr_par' dir='ltr' id='par_1_25' title="bbox 399 2449 2036 2516">
     <span class='ocr_line' id='line_1_25' title="bbox 399 2449 2036 2516; baseline -0.007 -1"><span class='ocrx_word' id='word_1_137' title='bbox 399 2458 572 2514; x_wconf 90' lang='lat' dir='ltr'><strong>modo</strong></span> <span class='ocrx_word' id='word_1_138' title='bbox 621 2455 856 2511; x_wconf 90' lang='lat' dir='ltr'><strong>nimbus</strong></span> <span class='ocrx_word' id='word_1_139' title='bbox 907 2450 1190 2516; x_wconf 83' lang='lat' dir='ltr'><strong>defluens,</strong></span> <span class='ocrx_word' id='word_1_140' title='bbox 1241 2454 1358 2506; x_wconf 91' lang='lat' dir='ltr'><strong>tres</strong></span> <span class='ocrx_word' id='word_1_141' title='bbox 1421 2450 1479 2505; x_wconf 89' lang='lat' dir='ltr'><strong>in</strong></span> <span class='ocrx_word' id='word_1_142' title='bbox 1530 2453 1822 2505; x_wconf 86' lang='lat' dir='ltr'><strong>momento</strong></span> <span class='ocrx_word' id='word_1_143' title='bbox 1869 2449 2036 2504; x_wconf 88' lang='lat' dir='ltr'><strong>villas</strong></span> 
     </span>
    </p>
   </div>
   <div class='ocr_carea' id='block_1_26' title="bbox 401 2536 2037 2617">
    <p class='ocr_par' dir='ltr' id='par_1_26' title="bbox 401 2536 2037 2617">
     <span class='ocr_line' id='line_1_26' title="bbox 401 2536 2037 2617; baseline -0.007 -13"><span class='ocrx_word' id='word_1_144' title='bbox 401 2543 752 2617; x_wconf 87' lang='lat' dir='ltr'><strong>absumpsit,</strong></span> <span class='ocrx_word' id='word_1_145' title='bbox 784 2545 841 2597; x_wconf 91' lang='lat' dir='ltr'><strong>et</strong></span> <span class='ocrx_word' id='word_1_146' title='bbox 869 2556 968 2595; x_wconf 87' lang='lat' dir='ltr'><strong>ccc</strong></span> <span class='ocrx_word' id='word_1_147' title='bbox 997 2538 1265 2594; x_wconf 90' lang='lat' dir='ltr'><strong>homines</strong></span> <span class='ocrx_word' id='word_1_148' title='bbox 1295 2553 1428 2593; x_wconf 91' lang='lat' dir='ltr'><strong>cum</strong></span> <span class='ocrx_word' id='word_1_149' title='bbox 1476 2538 1784 2610; x_wconf 86' lang='lat' dir='ltr'><strong>pecoribus</strong></span> <span class='ocrx_word' id='word_1_150' title='bbox 1834 2536 2037 2592; x_wconf 85' lang='lat' dir='ltr'><strong>multis</strong></span> 
     </span>
    </p>
   </div>
   <div class='ocr_carea' id='block_1_27' title="bbox 403 2624 2038 2692">
    <p class='ocr_par' dir='ltr' id='par_1_27' title="bbox 403 2624 2038 2692">
     <span class='ocr_line' id='line_1_27' title="bbox 403 2624 2038 2692; baseline -0.008 0"><span class='ocrx_word' id='word_1_151' title='bbox 403 2633 698 2692; x_wconf 82' lang='lat' dir='ltr'><strong>exstinxit.</strong></span> <span class='ocrx_word' id='word_1_152' title='bbox 728 2629 930 2685; x_wconf 86' lang='lat' dir='ltr'><strong>Annal.</strong></span> <span class='ocrx_word' id='word_1_153' title='bbox 964 2626 1116 2682; x_wconf 78' lang='lat' dir='ltr'><strong>Fuld.</strong></span> <span class='ocrx_word' id='word_1_154' title='bbox 1139 2657 1208 2666; x_wconf 93' lang='lat'><strong>-—</strong></span> <span class='ocrx_word' id='word_1_155' title='bbox 1228 2625 1502 2681; x_wconf 82' lang='lat' dir='ltr'><strong>Arnoll&#39;us</strong></span> <span class='ocrx_word' id='word_1_156' title='bbox 1533 2643 1631 2682; x_wconf 88' lang='lat' dir='ltr'><strong>rex</strong></span> <span class='ocrx_word' id='word_1_157' title='bbox 1659 2624 2038 2681; x_wconf 88' lang='lat' dir='ltr'><strong>Zuentibaldo</strong></span> 
     </span>
    </p>
   </div>
   <div class='ocr_carea' id='block_1_28' title="bbox 404 2713 2043 2785">
    <p class='ocr_par' dir='ltr' id='par_1_28' title="bbox 404 2713 2043 2785">
     <span class='ocr_line' id='line_1_28' title="bbox 404 2713 2043 2785; baseline -0.009 -4"><span class='ocrx_word' id='word_1_158' title='bbox 404 2727 461 2781; x_wconf 89' lang='lat' dir='ltr'><strong>et</strong></span> <span class='ocrx_word' id='word_1_159' title='bbox 493 2719 738 2779; x_wconf 79' lang='lat' dir='ltr'><strong>Ratoldo</strong></span> <span class='ocrx_word' id='word_1_160' title='bbox 774 2716 912 2774; x_wconf 84' lang='lat' dir='ltr'><strong>ﬁliis</strong></span> <span class='ocrx_word' id='word_1_161' title='bbox 942 2716 1068 2773; x_wconf 87' lang='lat' dir='ltr'><strong>suis</strong></span> <span class='ocrx_word' id='word_1_162' title='bbox 1099 2731 1168 2770; x_wconf 91' lang='lat' dir='ltr'><strong>ex</strong></span> <span class='ocrx_word' id='word_1_163' title='bbox 1197 2714 1523 2771; x_wconf 90' lang='lat' dir='ltr'><strong>concubina</strong></span> <span class='ocrx_word' id='word_1_164' title='bbox 1552 2713 1704 2770; x_wconf 89' lang='lat' dir='ltr'><strong>natis</strong></span> <span class='ocrx_word' id='word_1_165' title='bbox 1735 2713 2043 2785; x_wconf 81' lang='lat' dir='ltr'><strong>subiectio-</strong></span> 
     </span>
    </p>
   </div>
   <div class='ocr_carea' id='block_1_29' title="bbox 405 2803 2041 2878">
    <p class='ocr_par' dir='ltr' id='par_1_29' title="bbox 405 2803 2041 2878">
     <span class='ocr_line' id='line_1_29' title="bbox 405 2803 2041 2878; baseline -0.007 -9"><span class='ocrx_word' id='word_1_166' title='bbox 405 2827 540 2868; x_wconf 90' lang='lat' dir='ltr'><strong>nem</strong></span> <span class='ocrx_word' id='word_1_167' title='bbox 572 2827 606 2864; x_wconf 91' lang='lat' dir='ltr'><strong>a</strong></span> <span class='ocrx_word' id='word_1_168' title='bbox 628 2807 864 2864; x_wconf 85' lang='lat' dir='ltr'><strong>Francis</strong></span> <span class='ocrx_word' id='word_1_169' title='bbox 894 2803 1153 2878; x_wconf 84' lang='lat' dir='ltr'><strong>promitti</strong></span> <span class='ocrx_word' id='word_1_170' title='bbox 1196 2804 1288 2858; x_wconf 86' lang='lat' dir='ltr'><strong>vix</strong></span> <span class='ocrx_word' id='word_1_171' title='bbox 1331 2803 1541 2874; x_wconf 78' lang='lat' dir='ltr'><strong>ell&#39;ecit,</strong></span> <span class='ocrx_word' id='word_1_172' title='bbox 1580 2803 1630 2858; x_wconf 90' lang='lat' dir='ltr'><strong>si</strong></span> <span class='ocrx_word' id='word_1_173' title='bbox 1661 2804 1714 2858; x_wconf 91' lang='lat' dir='ltr'><strong>ei</strong></span> <span class='ocrx_word' id='word_1_174' title='bbox 1744 2803 2041 2874; x_wconf 83' lang='lat' dir='ltr'><strong>legitimus</strong></span> 
     </span>
    </p>
   </div>
   <div class='ocr_carea' id='block_1_30' title="bbox 405 2891 2040 2964">
    <p class='ocr_par' dir='ltr' id='par_1_30' title="bbox 405 2891 2040 2964">
     <span class='ocr_line' id='line_1_30' title="bbox 405 2891 2040 2964; baseline -0.007 -7"><span class='ocrx_word' id='word_1_175' title='bbox 405 2917 523 2958; x_wconf 90' lang='lat' dir='ltr'><strong>non</strong></span> <span class='ocrx_word' id='word_1_176' title='bbox 555 2899 887 2954; x_wconf 89' lang='lat' dir='ltr'><strong>nasceretur</strong></span> <span class='ocrx_word' id='word_1_177' title='bbox 907 2892 1302 2964; x_wconf 86' lang='lat' dir='ltr'><strong>ﬁlius.Magna</strong></span> <span class='ocrx_word' id='word_1_178' title='bbox 1320 2896 1520 2948; x_wconf 90' lang='lat' dir='ltr'><strong>contra</strong></span> <span class='ocrx_word' id='word_1_179' title='bbox 1540 2891 1850 2947; x_wconf 86' lang='lat' dir='ltr'><strong>Abadritos</strong></span> <span class='ocrx_word' id='word_1_180' title='bbox 1872 2907 2040 2963; x_wconf 90' lang='lat' dir='ltr'><strong>expe-</strong></span> 
     </span>
    </p>
   </div>
   <div class='ocr_carea' id='block_1_31' title="bbox 408 2980 2040 3054">
    <p class='ocr_par' dir='ltr' id='par_1_31' title="bbox 408 2980 2040 3054">
     <span class='ocr_line' id='line_1_31' title="bbox 408 2980 2040 3054; baseline -0.005 -10"><span class='ocrx_word' id='word_1_181' title='bbox 408 2988 551 3044; x_wconf 90' lang='lat' dir='ltr'><strong>ditio</strong></span> <span class='ocrx_word' id='word_1_182' title='bbox 580 2986 654 3041; x_wconf 91' lang='lat' dir='ltr'><strong>ab</strong></span> <span class='ocrx_word' id='word_1_183' title='bbox 673 3001 761 3050; x_wconf 91' lang='lat' dir='ltr'><strong>eo,</strong></span> <span class='ocrx_word' id='word_1_184' title='bbox 791 2984 892 3038; x_wconf 90' lang='lat' dir='ltr'><strong>sed</strong></span> <span class='ocrx_word' id='word_1_185' title='bbox 921 2997 1094 3054; x_wconf 89' lang='lat' dir='ltr'><strong>parvo</strong></span> <span class='ocrx_word' id='word_1_186' title='bbox 1124 2981 1348 3048; x_wconf 82' lang='lat' dir='ltr'><strong>ell‘ectu,</strong></span> <span class='ocrx_word' id='word_1_187' title='bbox 1367 2985 1523 3036; x_wconf 90' lang='lat' dir='ltr'><strong>mota</strong></span> <span class='ocrx_word' id='word_1_188' title='bbox 1550 2985 1656 3036; x_wconf 90' lang='lat' dir='ltr'><strong>est.</strong></span> <span class='ocrx_word' id='word_1_189' title='bbox 1681 2980 2040 3036; x_wconf 79' lang='lat' dir='ltr'><strong>Annal.Fuld.</strong></span> 
     </span>
    </p>
   </div>
   <div class='ocr_carea' id='block_1_32' title="bbox 410 3075 532 3132">
    <p class='ocr_par' dir='ltr' id='par_1_32' title="bbox 410 3075 532 3132">
     <span class='ocr_line' id='line_1_32' title="bbox 410 3075 532 3132; baseline -0.033 0"><span class='ocrx_word' id='word_1_190' title='bbox 410 3075 532 3132; x_wconf 77' lang='lat' dir='ltr'><strong>Met.</strong></span> 
     </span>
    </p>
   </div>
   <div class='ocr_carea' id='block_1_33' title="bbox 480 3155 2045 3222">
    <p class='ocr_par' dir='ltr' id='par_1_33' title="bbox 480 3155 2045 3222">
     <span class='ocr_line' id='line_1_33' title="bbox 480 3155 2045 3222; baseline -0.002 -6"><span class='ocrx_word' id='word_1_191' title='bbox 480 3162 589 3216; x_wconf 91' lang='lat'><strong>890</strong></span> <span class='ocrx_word' id='word_1_192' title='bbox 617 3156 890 3215; x_wconf 84' lang='lat' dir='ltr'><strong>Arnolfus</strong></span> <span class='ocrx_word' id='word_1_193' title='bbox 922 3173 1038 3222; x_wconf 88' lang='lat' dir='ltr'><strong>rex,</strong></span> <span class='ocrx_word' id='word_1_194' title='bbox 1069 3155 1266 3212; x_wconf 92' lang='lat' dir='ltr'><strong>habito</strong></span> <span class='ocrx_word' id='word_1_195' title='bbox 1296 3155 1353 3210; x_wconf 91' lang='lat' dir='ltr'><strong>in</strong></span> <span class='ocrx_word' id='word_1_196' title='bbox 1383 3156 1682 3212; x_wconf 88' lang='lat' dir='ltr'><strong>Pannonia</strong></span> <span class='ocrx_word' id='word_1_197' title='bbox 1701 3158 1771 3212; x_wconf 91' lang='lat' dir='ltr'><strong>de</strong></span> <span class='ocrx_word' id='word_1_198' title='bbox 1801 3157 2045 3214; x_wconf 89' lang='lat' dir='ltr'><strong>diversis</strong></span> 
     </span>
    </p>
   </div>
   <div class='ocr_carea' id='block_1_34' title="bbox 413 3244 2045 3323">
    <p class='ocr_par' dir='ltr' id='par_1_34' title="bbox 413 3244 2045 3323">
     <span class='ocr_line' id='line_1_34' title="bbox 413 3244 2045 3323; baseline -0.005 -13"><span class='ocrx_word' id='word_1_199' title='bbox 413 3250 726 3323; x_wconf 72' lang='lat' dir='ltr'><strong>colloquio,</strong></span> <span class='ocrx_word' id='word_1_200' title='bbox 759 3265 793 3303; x_wconf 92' lang='lat' dir='ltr'><strong>a</strong></span> <span class='ocrx_word' id='word_1_201' title='bbox 822 3244 1200 3302; x_wconf 90' lang='lat' dir='ltr'><strong>Zuentibaldo</strong></span> <span class='ocrx_word' id='word_1_202' title='bbox 1229 3245 1374 3301; x_wconf 92' lang='lat' dir='ltr'><strong>duce</strong></span> <span class='ocrx_word' id='word_1_203' title='bbox 1405 3245 1732 3302; x_wconf 88' lang='lat' dir='ltr'><strong>Marahensi</strong></span> <span class='ocrx_word' id='word_1_204' title='bbox 1758 3263 1826 3302; x_wconf 83' lang='lat' dir='ltr'><strong>ex</strong></span> <span class='ocrx_word' id='word_1_205' title='bbox 1854 3247 2045 3302; x_wconf 79' lang='lat' dir='ltr'><strong>verbis</strong></span> 
     </span>
    </p>
   </div>
   <div class='ocr_carea' id='block_1_35' title="bbox 409 3334 2046 3416">
    <p class='ocr_par' dir='ltr' id='par_1_35' title="bbox 409 3334 2046 3416">
     <span class='ocr_line' id='line_1_35' title="bbox 409 3334 2046 3416; baseline -0.006 -16"><span class='ocrx_word' id='word_1_206' title='bbox 409 3337 710 3416; x_wconf 85' lang='lat' dir='ltr'><strong>apostolici</strong></span> <span class='ocrx_word' id='word_1_207' title='bbox 741 3335 951 3392; x_wconf 89' lang='lat' dir='ltr'><strong>obnixe</strong></span> <span class='ocrx_word' id='word_1_208' title='bbox 983 3339 1242 3407; x_wconf 90' lang='lat' dir='ltr'><strong>rogatur,</strong></span> <span class='ocrx_word' id='word_1_209' title='bbox 1274 3338 1339 3388; x_wconf 94' lang='lat' dir='ltr'><strong>ut</strong></span> <span class='ocrx_word' id='word_1_210' title='bbox 1369 3334 1613 3389; x_wconf 84' lang='lat' dir='ltr'><strong>Romam</strong></span> <span class='ocrx_word' id='word_1_211' title='bbox 1658 3334 1894 3390; x_wconf 91' lang='lat' dir='ltr'><strong>veniens</strong></span> <span class='ocrx_word' id='word_1_212' title='bbox 1939 3335 2046 3390; x_wconf 87' lang='lat' dir='ltr'><strong>Ita-</strong></span> 
     </span>
    </p>
   </div>
   <div class='ocr_carea' id='block_1_36' title="bbox 2127 773 3784 850">
    <p class='ocr_par' dir='ltr' id='par_1_36' title="bbox 2127 773 3784 850">
     <span class='ocr_line' id='line_1_36' title="bbox 2127 773 3784 850; baseline -0.004 -17"><span class='ocrx_word' id='word_1_213' title='bbox 2127 785 2328 834; x_wconf 87' lang='lat' dir='ltr'><strong>contra</strong></span> <span class='ocrx_word' id='word_1_214' title='bbox 2360 795 2506 850; x_wconf 91' lang='lat' dir='ltr'><strong>quos</strong></span> <span class='ocrx_word' id='word_1_215' title='bbox 2536 777 2790 834; x_wconf 88' lang='lat' dir='ltr'><strong>exercitu</strong></span> <span class='ocrx_word' id='word_1_216' title='bbox 2814 777 3015 843; x_wconf 90' lang='lat' dir='ltr'><strong>misso,</strong></span> <span class='ocrx_word' id='word_1_217' title='bbox 3039 775 3356 848; x_wconf 65' lang='lat' dir='ltr'><strong>pretioque</strong></span> <span class='ocrx_word' id='word_1_218' title='bbox 3385 773 3634 830; x_wconf 88' lang='lat' dir='ltr'><strong>incaute</strong></span> <span class='ocrx_word' id='word_1_219' title='bbox 3653 787 3784 827; x_wconf 88' lang='lat' dir='ltr'><strong>con-</strong></span> 
     </span>
    </p>
   </div>
   <div class='ocr_carea' id='block_1_37' title="bbox 2129 862 3785 938">
    <p class='ocr_par' dir='ltr' id='par_1_37' title="bbox 2129 862 3785 938">
     <span class='ocr_line' id='line_1_37' title="bbox 2129 862 3785 938; baseline -0.005 -15"><span class='ocrx_word' id='word_1_220' title='bbox 2129 872 2300 932; x_wconf 89' lang='lat' dir='ltr'><strong>serto,</strong></span> <span class='ocrx_word' id='word_1_221' title='bbox 2335 865 2650 922; x_wconf 90' lang='lat' dir='ltr'><strong>Sunderolt</strong></span> <span class='ocrx_word' id='word_1_222' title='bbox 2679 865 3097 938; x_wconf 85' lang='lat' dir='ltr'><strong>Mogontiensis</strong></span> <span class='ocrx_word' id='word_1_223' title='bbox 3127 862 3618 935; x_wconf 87' lang='lat' dir='ltr'><strong>archiepiscopus</strong></span> <span class='ocrx_word' id='word_1_224' title='bbox 3649 875 3785 917; x_wconf 86' lang='lat' dir='ltr'><strong>cum</strong></span> 
     </span>
    </p>
   </div>
   <div class='ocr_carea' id='block_1_38' title="bbox 2130 949 3790 1026">
    <p class='ocr_par' dir='ltr' id='par_1_38' title="bbox 2130 949 3790 1026">
     <span class='ocr_line' id='line_1_38' title="bbox 2130 949 3790 1026; baseline -0.004 -16"><span class='ocrx_word' id='word_1_225' title='bbox 2130 954 2260 1010; x_wconf 90' lang='lat' dir='ltr'><strong>aliis</strong></span> <span class='ocrx_word' id='word_1_226' title='bbox 2274 953 2476 1010; x_wconf 80' lang='lat' dir='ltr'><strong>multis</strong></span> <span class='ocrx_word' id='word_1_227' title='bbox 2500 959 2839 1026; x_wconf 86' lang='lat' dir='ltr'><strong>peremptus</strong></span> <span class='ocrx_word' id='word_1_228' title='bbox 2861 953 3154 1019; x_wconf 88' lang='lat' dir='ltr'><strong>occubuit,</strong></span> <span class='ocrx_word' id='word_1_229' title='bbox 3177 950 3488 1022; x_wconf 74' lang='lat' dir='ltr'><strong>caeterique</strong></span> <span class='ocrx_word' id='word_1_230' title='bbox 3501 949 3790 1022; x_wconf 82' lang='lat' dir='ltr'><strong>fugerunt</strong></span> 
     </span>
    </p>
   </div>
   <div class='ocr_carea' id='block_1_39' title="bbox 2129 1037 3788 1115">
    <p class='ocr_par' dir='ltr' id='par_1_39' title="bbox 2129 1037 3788 1115">
     <span class='ocr_line' id='line_1_39' title="bbox 2129 1037 3788 1115; baseline -0.005 -17"><span class='ocrx_word' id='word_1_231' title='bbox 2129 1045 2414 1113; x_wconf 80' lang='lat' dir='ltr'><strong>(Regina):</strong></span> <span class='ocrx_word' id='word_1_232' title='bbox 2445 1059 2548 1114; x_wconf 91' lang='lat' dir='ltr'><strong>pro</strong></span> <span class='ocrx_word' id='word_1_233' title='bbox 2579 1059 2694 1115; x_wconf 90' lang='lat' dir='ltr'><strong>quo</strong></span> <span class='ocrx_word' id='word_1_234' title='bbox 2725 1043 2893 1098; x_wconf 87' lang='lat' dir='ltr'><strong>Hatto</strong></span> <span class='ocrx_word' id='word_1_235' title='bbox 2923 1041 3236 1114; x_wconf 81' lang='lat' dir='ltr'><strong>Augiensis</strong></span> <span class='ocrx_word' id='word_1_236' title='bbox 3265 1039 3471 1105; x_wconf 87' lang='lat' dir='ltr'><strong>abbas,</strong></span> <span class='ocrx_word' id='word_1_237' title='bbox 3494 1039 3591 1093; x_wconf 89' lang='lat' dir='ltr'><strong>vir</strong></span> <span class='ocrx_word' id='word_1_238' title='bbox 3621 1037 3788 1108; x_wconf 88' lang='lat' dir='ltr'><strong>inge-</strong></span> 
     </span>
    </p>
   </div>
   <div class='ocr_carea' id='block_1_40' title="bbox 2131 1125 3786 1202">
    <p class='ocr_par' dir='ltr' id='par_1_40' title="bbox 2131 1125 3786 1202">
     <span class='ocr_line' id='line_1_40' title="bbox 2131 1125 3786 1202; baseline -0.004 -16"><span class='ocrx_word' id='word_1_239' title='bbox 2131 1133 2354 1199; x_wconf 89' lang='lat' dir='ltr'><strong>niosus,</strong></span> <span class='ocrx_word' id='word_1_240' title='bbox 2401 1130 2874 1202; x_wconf 88' lang='lat' dir='ltr'><strong>archiepiscopus</strong></span> <span class='ocrx_word' id='word_1_241' title='bbox 2939 1132 3330 1202; x_wconf 86' lang='lat' dir='ltr'><strong>promovetur.</strong></span> <span class='ocrx_word' id='word_1_242' title='bbox 3381 1127 3589 1182; x_wconf 80' lang='lat' dir='ltr'><strong>Annal.</strong></span> <span class='ocrx_word' id='word_1_243' title='bbox 3625 1125 3786 1180; x_wconf 85' lang='lat' dir='ltr'><strong>Fuld.</strong></span> 
     </span>
    </p>
   </div>
   <div class='ocr_carea' id='block_1_41' title="bbox 2130 1213 3788 1279">
    <p class='ocr_par' dir='ltr' id='par_1_41' title="bbox 2130 1213 3788 1279">
     <span class='ocr_line' id='line_1_41' title="bbox 2130 1213 3788 1279; baseline -0.004 -4"><span class='ocrx_word' id='word_1_244' title='bbox 2130 1251 2198 1262; x_wconf 90' lang='lat'><strong>—-</strong></span> <span class='ocrx_word' id='word_1_245' title='bbox 2228 1219 2501 1275; x_wconf 86' lang='lat' dir='ltr'><strong>Arnolfus</strong></span> <span class='ocrx_word' id='word_1_246' title='bbox 2529 1235 2662 1274; x_wconf 91' lang='lat' dir='ltr'><strong>vero</strong></span> <span class='ocrx_word' id='word_1_247' title='bbox 2693 1235 2793 1273; x_wconf 86' lang='lat' dir='ltr'><strong>rex</strong></span> <span class='ocrx_word' id='word_1_248' title='bbox 2837 1218 3230 1273; x_wconf 89' lang='lat' dir='ltr'><strong>Nortmannos</strong></span> <span class='ocrx_word' id='word_1_249' title='bbox 3273 1215 3517 1271; x_wconf 86' lang='lat' dir='ltr'><strong>victoria</strong></span> <span class='ocrx_word' id='word_1_250' title='bbox 3567 1213 3788 1279; x_wconf 87' lang='lat' dir='ltr'><strong>elatos,</strong></span> 
     </span>
    </p>
   </div>
   <div class='ocr_carea' id='block_1_42' title="bbox 2132 1301 3788 1379">
    <p class='ocr_par' dir='ltr' id='par_1_42' title="bbox 2132 1301 3788 1379">
     <span class='ocr_line' id='line_1_42' title="bbox 2132 1301 3788 1379; baseline -0.005 -14"><span class='ocrx_word' id='word_1_251' title='bbox 2132 1313 2190 1365; x_wconf 93' lang='lat' dir='ltr'><strong>et</strong></span> <span class='ocrx_word' id='word_1_252' title='bbox 2221 1324 2464 1379; x_wconf 89' lang='lat' dir='ltr'><strong>regnum</strong></span> <span class='ocrx_word' id='word_1_253' title='bbox 2496 1306 2750 1362; x_wconf 90' lang='lat' dir='ltr'><strong>Lotharii</strong></span> <span class='ocrx_word' id='word_1_254' title='bbox 2782 1309 3100 1371; x_wconf 88' lang='lat' dir='ltr'><strong>vastantes,</strong></span> <span class='ocrx_word' id='word_1_255' title='bbox 3143 1320 3278 1360; x_wconf 93' lang='lat' dir='ltr'><strong>cum</strong></span> <span class='ocrx_word' id='word_1_256' title='bbox 3327 1303 3588 1359; x_wconf 79' lang='lat' dir='ltr'><strong>exemita</strong></span> <span class='ocrx_word' id='word_1_257' title='bbox 3629 1301 3788 1358; x_wconf 88' lang='lat' dir='ltr'><strong>inse-</strong></span> 
     </span>
    </p>
   </div>
   <div class='ocr_carea' id='block_1_43' title="bbox 2132 1389 3792 1466">
    <p class='ocr_par' dir='ltr' id='par_1_43' title="bbox 2132 1389 3792 1466">
     <span class='ocr_line' id='line_1_43' title="bbox 2132 1389 3792 1466; baseline -0.002 -16"><span class='ocrx_word' id='word_1_258' title='bbox 2132 1411 2340 1466; x_wconf 90' lang='lat' dir='ltr'><strong>quens,</strong></span> <span class='ocrx_word' id='word_1_259' title='bbox 2363 1395 2534 1464; x_wconf 87' lang='lat' dir='ltr'><strong>juxta</strong></span> <span class='ocrx_word' id='word_1_260' title='bbox 2563 1393 2804 1448; x_wconf 88' lang='lat' dir='ltr'><strong>ﬂuvium</strong></span> <span class='ocrx_word' id='word_1_261' title='bbox 2839 1391 2967 1448; x_wconf 89' lang='lat' dir='ltr'><strong>Dila</strong></span> <span class='ocrx_word' id='word_1_262' title='bbox 2997 1391 3168 1463; x_wconf 85' lang='grc'>(408),</span> <span class='ocrx_word' id='word_1_263' title='bbox 3219 1389 3593 1463; x_wconf 87' lang='lat' dir='ltr'><strong>palustribus</strong></span> <span class='ocrx_word' id='word_1_264' title='bbox 3642 1389 3792 1446; x_wconf 89' lang='lat' dir='ltr'><strong>locis</strong></span> 
     </span>
    </p>
   </div>
   <div class='ocr_carea' id='block_1_44' title="bbox 2134 1477 3793 1552">
    <p class='ocr_par' dir='ltr' id='par_1_44' title="bbox 2134 1477 3793 1552">
     <span class='ocr_line' id='line_1_44' title="bbox 2134 1477 3793 1552; baseline -0.002 -14"><span class='ocrx_word' id='word_1_265' title='bbox 2134 1483 2410 1549; x_wconf 87' lang='lat' dir='ltr'><strong>munitos,</strong></span> <span class='ocrx_word' id='word_1_266' title='bbox 2445 1497 2802 1552; x_wconf 86' lang='lat' dir='ltr'><strong>manumque</strong></span> <span class='ocrx_word' id='word_1_267' title='bbox 2833 1496 3029 1552; x_wconf 89' lang='lat' dir='ltr'><strong>pugna</strong></span> <span class='ocrx_word' id='word_1_268' title='bbox 3064 1495 3369 1535; x_wconf 89' lang='lat' dir='ltr'><strong>conserere</strong></span> <span class='ocrx_word' id='word_1_269' title='bbox 3417 1477 3793 1550; x_wconf 85' lang='lat' dir='ltr'><strong>trepidantes</strong></span> 
     </span>
    </p>
   </div>
   <div class='ocr_carea' id='block_1_45' title="bbox 2133 1566 3791 1640">
    <p class='ocr_par' dir='ltr' id='par_1_45' title="bbox 2133 1566 3791 1640">
     <span class='ocr_line' id='line_1_45' title="bbox 2133 1566 3791 1640; baseline -0.003 -14"><span class='ocrx_word' id='word_1_270' title='bbox 2133 1572 2392 1626; x_wconf 74' lang='lat' dir='ltr'><strong>ollendit.</strong></span> <span class='ocrx_word' id='word_1_271' title='bbox 2418 1570 2527 1634; x_wconf 86' lang='lat' dir='ltr'><strong>Qui</strong></span> <span class='ocrx_word' id='word_1_272' title='bbox 2560 1569 2776 1624; x_wconf 90' lang='lat' dir='ltr'><strong>milites</strong></span> <span class='ocrx_word' id='word_1_273' title='bbox 2806 1569 3174 1635; x_wconf 88' lang='lat' dir='ltr'><strong>adhortatus,</strong></span> <span class='ocrx_word' id='word_1_274' title='bbox 3198 1568 3368 1640; x_wconf 90' lang='lat' dir='ltr'><strong>equis</strong></span> <span class='ocrx_word' id='word_1_275' title='bbox 3400 1572 3649 1640; x_wconf 87' lang='lat' dir='ltr'><strong>propter</strong></span> <span class='ocrx_word' id='word_1_276' title='bbox 3681 1566 3791 1622; x_wconf 90' lang='lat' dir='ltr'><strong>loci</strong></span> 
     </span>
    </p>
   </div>
   <div class='ocr_carea' id='block_1_46' title="bbox 2134 1654 3796 1729">
    <p class='ocr_par' dir='ltr' id='par_1_46' title="bbox 2134 1654 3796 1729">
     <span class='ocr_line' id='line_1_46' title="bbox 2134 1654 3796 1729; baseline -0.002 -15"><span class='ocrx_word' id='word_1_277' title='bbox 2134 1659 2541 1714; x_wconf 78' lang='lat' dir='ltr'><strong>difficultatem</strong></span> <span class='ocrx_word' id='word_1_278' title='bbox 2573 1657 3038 1728; x_wconf 82' lang='lat' dir='ltr'><strong>dimissis,pedes</strong></span> <span class='ocrx_word' id='word_1_279' title='bbox 3061 1673 3160 1712; x_wconf 91' lang='lat' dir='ltr'><strong>eos</strong></span> <span class='ocrx_word' id='word_1_280' title='bbox 3189 1654 3796 1729; x_wconf 86' lang='lat' dir='ltr'><strong>aggreditur;clamor</strong></span> 
     </span>
    </p>
   </div>
   <div class='ocr_carea' id='block_1_47' title="bbox 2137 1744 3793 1817">
    <p class='ocr_par' dir='ltr' id='par_1_47' title="bbox 2137 1744 3793 1817">
     <span class='ocr_line' id='line_1_47' title="bbox 2137 1744 3793 1817; baseline -0.002 -14"><span class='ocrx_word' id='word_1_281' title='bbox 2137 1746 2440 1816; x_wconf 87' lang='lat' dir='ltr'><strong>attollitur,</strong></span> <span class='ocrx_word' id='word_1_282' title='bbox 2473 1763 2566 1801; x_wconf 90' lang='lat' dir='ltr'><strong>res</strong></span> <span class='ocrx_word' id='word_1_283' title='bbox 2596 1746 2801 1801; x_wconf 90' lang='lat' dir='ltr'><strong>deinde</strong></span> <span class='ocrx_word' id='word_1_284' title='bbox 2830 1745 3041 1816; x_wconf 88' lang='lat' dir='ltr'><strong>gladiis</strong></span> <span class='ocrx_word' id='word_1_285' title='bbox 3071 1744 3340 1800; x_wconf 89' lang='lat' dir='ltr'><strong>cominus</strong></span> <span class='ocrx_word' id='word_1_286' title='bbox 3366 1744 3618 1817; x_wconf 86' lang='lat' dir='ltr'><strong>geritur,</strong></span> <span class='ocrx_word' id='word_1_287' title='bbox 3645 1760 3793 1800; x_wconf 88' lang='lat' dir='ltr'><strong>uno-</strong></span> 
     </span>
    </p>
   </div>
   <div class='ocr_carea' id='block_1_48' title="bbox 2139 1833 3796 1907">
    <p class='ocr_par' dir='ltr' id='par_1_48' title="bbox 2139 1833 3796 1907">
     <span class='ocr_line' id='line_1_48' title="bbox 2139 1833 3796 1907; baseline -0.001 -17"><span class='ocrx_word' id='word_1_288' title='bbox 2139 1852 2252 1907; x_wconf 89' lang='lat' dir='ltr'><strong>que</strong></span> <span class='ocrx_word' id='word_1_289' title='bbox 2278 1839 2506 1889; x_wconf 91' lang='lat' dir='ltr'><strong>tantum</strong></span> <span class='ocrx_word' id='word_1_290' title='bbox 2540 1833 2721 1888; x_wconf 87' lang='lat' dir='ltr'><strong>milite</strong></span> <span class='ocrx_word' id='word_1_291' title='bbox 2750 1849 2818 1888; x_wconf 87' lang='lat' dir='ltr'><strong>ex</strong></span> <span class='ocrx_word' id='word_1_292' title='bbox 2859 1833 3072 1888; x_wconf 88' lang='lat' dir='ltr'><strong>nostris</strong></span> <span class='ocrx_word' id='word_1_293' title='bbox 3104 1836 3425 1904; x_wconf 84' lang='lat' dir='ltr'><strong>perempto,</strong></span> <span class='ocrx_word' id='word_1_294' title='bbox 3455 1833 3576 1889; x_wconf 92' lang='lat' dir='ltr'><strong>duo</strong></span> <span class='ocrx_word' id='word_1_295' title='bbox 3613 1833 3796 1891; x_wconf 86' lang='lat' dir='ltr'><strong>Nort-</strong></span> 
     </span>
    </p>
   </div>
   <div class='ocr_carea' id='block_1_49' title="bbox 2139 1920 3797 1994">
    <p class='ocr_par' dir='ltr' id='par_1_49' title="bbox 2139 1920 3797 1994">
     <span class='ocr_line' id='line_1_49' title="bbox 2139 1920 3797 1994; baseline -0.002 -15"><span class='ocrx_word' id='word_1_296' title='bbox 2139 1939 2490 1979; x_wconf 89' lang='lat' dir='ltr'><strong>mannorum</strong></span> <span class='ocrx_word' id='word_1_297' title='bbox 2513 1938 2696 1994; x_wconf 87' lang='lat' dir='ltr'><strong>reges,</strong></span> <span class='ocrx_word' id='word_1_298' title='bbox 2717 1921 3028 1993; x_wconf 86' lang='lat' dir='ltr'><strong>Sigil&#39;ridus</strong></span> <span class='ocrx_word' id='word_1_299' title='bbox 3050 1926 3107 1977; x_wconf 85' lang='lat' dir='ltr'><strong>et</strong></span> <span class='ocrx_word' id='word_1_300' title='bbox 3121 1920 3797 1994; x_wconf 80' lang='lat' dir='ltr'><strong>Godafridus,totusque</strong></span> 
     </span>
    </p>
   </div>
   <div class='ocr_carea' id='block_1_50' title="bbox 2139 2008 3796 2079">
    <p class='ocr_par' dir='ltr' id='par_1_50' title="bbox 2139 2008 3796 2079">
     <span class='ocr_line' id='line_1_50' title="bbox 2139 2008 3796 2079; baseline -0.001 -12"><span class='ocrx_word' id='word_1_301' title='bbox 2139 2028 2339 2068; x_wconf 91' lang='lat' dir='ltr'><strong>eorum</strong></span> <span class='ocrx_word' id='word_1_302' title='bbox 2373 2011 2660 2066; x_wconf 83' lang='lat' dir='ltr'><strong>exercitus</strong></span> <span class='ocrx_word' id='word_1_303' title='bbox 2693 2009 2895 2066; x_wconf 88' lang='lat' dir='ltr'><strong>multis</strong></span> <span class='ocrx_word' id='word_1_304' title='bbox 2927 2008 3190 2065; x_wconf 87' lang='lat' dir='ltr'><strong>millibus</strong></span> <span class='ocrx_word' id='word_1_305' title='bbox 3223 2025 3606 2079; x_wconf 88' lang='lat' dir='ltr'><strong>numerosus,</strong></span> <span class='ocrx_word' id='word_1_306' title='bbox 3642 2011 3796 2068; x_wconf 81' lang='lat' dir='ltr'><strong>ferro</strong></span> 
     </span>
    </p>
   </div>
   <div class='ocr_carea' id='block_1_51' title="bbox 2139 2097 3799 2171">
    <p class='ocr_par' dir='ltr' id='par_1_51' title="bbox 2139 2097 3799 2171">
     <span class='ocr_line' id='line_1_51' title="bbox 2139 2097 3799 2171; baseline 0.001 -16"><span class='ocrx_word' id='word_1_307' title='bbox 2139 2101 2484 2166; x_wconf 90' lang='lat' dir='ltr'><strong>trucidatus,</strong></span> <span class='ocrx_word' id='word_1_308' title='bbox 2517 2104 2576 2154; x_wconf 87' lang='lat' dir='ltr'><strong>et</strong></span> <span class='ocrx_word' id='word_1_309' title='bbox 2604 2099 2664 2152; x_wconf 89' lang='lat' dir='ltr'><strong>in</strong></span> <span class='ocrx_word' id='word_1_310' title='bbox 2697 2099 2937 2153; x_wconf 85' lang='lat' dir='ltr'><strong>ﬂumine</strong></span> <span class='ocrx_word' id='word_1_311' title='bbox 2968 2098 3168 2171; x_wconf 82' lang='lat' dir='ltr'><strong>fugam</strong></span> <span class='ocrx_word' id='word_1_312' title='bbox 3187 2097 3546 2171; x_wconf 88' lang='lat' dir='ltr'><strong>impediente</strong></span> <span class='ocrx_word' id='word_1_313' title='bbox 3565 2099 3799 2157; x_wconf 85' lang='lat' dir='ltr'><strong>demer-</strong></span> 
     </span>
    </p>
   </div>
   <div class='ocr_carea' id='block_1_52' title="bbox 2140 2186 3795 2258">
    <p class='ocr_par' dir='ltr' id='par_1_52' title="bbox 2140 2186 3795 2258">
     <span class='ocr_line' id='line_1_52' title="bbox 2140 2186 3795 2258; baseline 0.001 -14"><span class='ocrx_word' id='word_1_314' title='bbox 2140 2206 2263 2255; x_wconf 88' lang='lat' dir='ltr'><strong>sus,</strong></span> <span class='ocrx_word' id='word_1_315' title='bbox 2298 2189 2371 2243; x_wconf 91' lang='lat' dir='ltr'><strong>ad</strong></span> <span class='ocrx_word' id='word_1_316' title='bbox 2400 2189 2854 2244; x_wconf 87' lang='lat' dir='ltr'><strong>internecionem</strong></span> <span class='ocrx_word' id='word_1_317' title='bbox 2886 2186 3129 2242; x_wconf 88' lang='lat' dir='ltr'><strong>deletur.</strong></span> <span class='ocrx_word' id='word_1_318' title='bbox 3167 2187 3237 2242; x_wconf 87' lang='lat' dir='ltr'><strong>Et</strong></span> <span class='ocrx_word' id='word_1_319' title='bbox 3264 2203 3365 2244; x_wconf 89' lang='lat' dir='ltr'><strong>rex</strong></span> <span class='ocrx_word' id='word_1_320' title='bbox 3411 2188 3626 2245; x_wconf 86' lang='lat' dir='ltr'><strong>eadem</strong></span> <span class='ocrx_word' id='word_1_321' title='bbox 3679 2189 3795 2258; x_wconf 89' lang='lat' dir='ltr'><strong>die,</strong></span> 
     </span>
    </p>
   </div>
   <div class='ocr_carea' id='block_1_53' title="bbox 2139 2274 3797 2345">
    <p class='ocr_par' dir='ltr' id='par_1_53' title="bbox 2139 2274 3797 2345">
     <span class='ocr_line' id='line_1_53' title="bbox 2139 2274 3797 2345; baseline 0.001 -13"><span class='ocrx_word' id='word_1_322' title='bbox 2139 2277 2360 2332; x_wconf 88' lang='lat' dir='ltr'><strong>litaniis</strong></span> <span class='ocrx_word' id='word_1_323' title='bbox 2386 2277 2708 2343; x_wconf 88' lang='lat' dir='ltr'><strong>celebratis,</strong></span> <span class='ocrx_word' id='word_1_324' title='bbox 2739 2281 2799 2331; x_wconf 91' lang='lat' dir='ltr'><strong>et</strong></span> <span class='ocrx_word' id='word_1_325' title='bbox 2827 2275 2942 2330; x_wconf 90' lang='lat' dir='ltr'><strong>Deo</strong></span> <span class='ocrx_word' id='word_1_326' title='bbox 2972 2274 3249 2331; x_wconf 88' lang='lat' dir='ltr'><strong>laudibus</strong></span> <span class='ocrx_word' id='word_1_327' title='bbox 3278 2276 3797 2345; x_wconf 84' lang='lat' dir='ltr'><strong>redditis,multis-</strong></span> 
     </span>
    </p>
   </div>
   <div class='ocr_carea' id='block_1_54' title="bbox 2143 2363 3795 2440">
    <p class='ocr_par' dir='ltr' id='par_1_54' title="bbox 2143 2363 3795 2440">
     <span class='ocr_line' id='line_1_54' title="bbox 2143 2363 3795 2440; baseline 0 -18"><span class='ocrx_word' id='word_1_328' title='bbox 2143 2384 2256 2440; x_wconf 91' lang='lat' dir='ltr'><strong>que</strong></span> <span class='ocrx_word' id='word_1_329' title='bbox 2282 2365 2537 2420; x_wconf 88' lang='lat' dir='ltr'><strong>hostium</strong></span> <span class='ocrx_word' id='word_1_330' title='bbox 2571 2364 2774 2435; x_wconf 89' lang='lat' dir='ltr'><strong>spoliis</strong></span> <span class='ocrx_word' id='word_1_331' title='bbox 2803 2363 3134 2436; x_wconf 89' lang='lat' dir='ltr'><strong>direptis,in</strong></span> <span class='ocrx_word' id='word_1_332' title='bbox 3164 2363 3582 2421; x_wconf 82' lang='lat' dir='ltr'><strong>Alamanniam</strong></span> <span class='ocrx_word' id='word_1_333' title='bbox 3611 2367 3795 2434; x_wconf 86' lang='lat' dir='ltr'><strong>venit,</strong></span> 
     </span>
    </p>
   </div>
   <div class='ocr_carea' id='block_1_55' title="bbox 2143 2451 3796 2511">
    <p class='ocr_par' dir='ltr' id='par_1_55' title="bbox 2143 2451 3796 2511">
     <span class='ocr_line' id='line_1_55' title="bbox 2143 2451 3796 2511; baseline -0.001 0"><span class='ocrx_word' id='word_1_334' title='bbox 2143 2460 2201 2511; x_wconf 90' lang='lat' dir='ltr'><strong>et</strong></span> <span class='ocrx_word' id='word_1_335' title='bbox 2231 2453 2492 2510; x_wconf 90' lang='lat' dir='ltr'><strong>Natalem</strong></span> <span class='ocrx_word' id='word_1_336' title='bbox 2525 2452 2753 2508; x_wconf 90' lang='lat' dir='ltr'><strong>Domini</strong></span> <span class='ocrx_word' id='word_1_337' title='bbox 2785 2451 2964 2508; x_wconf 67' lang='lat' dir='ltr'><strong>Ulmaa</strong></span> <span class='ocrx_word' id='word_1_338' title='bbox 2995 2451 3326 2510; x_wconf 90' lang='lat' dir='ltr'><strong>celebravit.</strong></span> <span class='ocrx_word' id='word_1_339' title='bbox 3373 2455 3581 2510; x_wconf 80' lang='lat' dir='ltr'><strong>Annal.</strong></span> <span class='ocrx_word' id='word_1_340' title='bbox 3637 2455 3796 2511; x_wconf 78' lang='lat' dir='ltr'><strong>Fuld.</strong></span> 
     </span>
    </p>
   </div>
   <div class='ocr_carea' id='block_1_56' title="bbox 2143 2543 2263 2599">
    <p class='ocr_par' dir='ltr' id='par_1_56' title="bbox 2143 2543 2263 2599">
     <span class='ocr_line' id='line_1_56' title="bbox 2143 2543 2263 2599; baseline -0.017 0"><span class='ocrx_word' id='word_1_341' title='bbox 2143 2543 2263 2599; x_wconf 80' lang='lat' dir='ltr'><strong>Met.</strong></span> 
     </span>
    </p>
   </div>
   <div class='ocr_carea' id='block_1_57' title="bbox 2215 2628 3802 2702">
    <p class='ocr_par' dir='ltr' id='par_1_57' title="bbox 2215 2628 3802 2702">
     <span class='ocr_line' id='line_1_57' title="bbox 2215 2628 3802 2702; baseline 0.001 -16"><span class='ocrx_word' id='word_1_342' title='bbox 2215 2633 2321 2686; x_wconf 87' lang='lat'>892</span> <span class='ocrx_word' id='word_1_343' title='bbox 2357 2630 2524 2702; x_wconf 83' lang='lat' dir='ltr'><strong>Apud</strong></span> <span class='ocrx_word' id='word_1_344' title='bbox 2573 2629 2792 2686; x_wconf 89' lang='lat' dir='ltr'><strong>Gallias</strong></span> <span class='ocrx_word' id='word_1_345' title='bbox 2839 2628 3082 2686; x_wconf 90' lang='lat' dir='ltr'><strong>Carolus</strong></span> <span class='ocrx_word' id='word_1_346' title='bbox 3131 2629 3474 2688; x_wconf 83' lang='lat' dir='ltr'><strong>adolescens</strong></span> <span class='ocrx_word' id='word_1_347' title='bbox 3516 2633 3802 2690; x_wconf 86' lang='lat' dir='ltr'><strong>Ludovici</strong></span> 
     </span>
    </p>
   </div>
   <div class='ocr_carea' id='block_1_58' title="bbox 2147 2718 3806 2792">
    <p class='ocr_par' dir='ltr' id='par_1_58' title="bbox 2147 2718 3806 2792">
     <span class='ocr_line' id='line_1_58' title="bbox 2147 2718 3806 2792; baseline 0.001 -17"><span class='ocrx_word' id='word_1_348' title='bbox 2147 2718 2309 2776; x_wconf 92' lang='lat' dir='ltr'><strong>Balbi</strong></span> <span class='ocrx_word' id='word_1_349' title='bbox 2342 2719 2693 2790; x_wconf 87' lang='lat' dir='ltr'><strong>posthumus</strong></span> <span class='ocrx_word' id='word_1_350' title='bbox 2712 2718 2925 2785; x_wconf 82' lang='lat' dir='ltr'><strong>ﬁlius,a</strong></span> <span class='ocrx_word' id='word_1_351' title='bbox 2949 2718 3306 2790; x_wconf 89' lang='lat' dir='ltr'><strong>quibusdam</strong></span> <span class='ocrx_word' id='word_1_352' title='bbox 3327 2719 3806 2792; x_wconf 86' lang='lat' dir='ltr'><strong>primatibusrex</strong></span> 
     </span>
    </p>
   </div>
   <div class='ocr_carea' id='block_1_59' title="bbox 2149 2805 3808 2878">
    <p class='ocr_par' dir='ltr' id='par_1_59' title="bbox 2149 2805 3808 2878">
     <span class='ocr_line' id='line_1_59' title="bbox 2149 2805 3808 2878; baseline 0.001 -13"><span class='ocrx_word' id='word_1_353' title='bbox 2149 2809 2408 2873; x_wconf 82' lang='lat' dir='ltr'><strong>etl&#39;ectus,</strong></span> <span class='ocrx_word' id='word_1_354' title='bbox 2443 2805 2629 2862; x_wconf 73' lang='lat' dir='ltr'><strong>multa</strong></span> <span class='ocrx_word' id='word_1_355' title='bbox 2657 2807 2929 2878; x_wconf 88' lang='lat' dir='ltr'><strong>deinceps</strong></span> <span class='ocrx_word' id='word_1_356' title='bbox 2959 2806 3140 2862; x_wconf 91' lang='lat' dir='ltr'><strong>Odoni</strong></span> <span class='ocrx_word' id='word_1_357' title='bbox 3175 2807 3330 2864; x_wconf 90' lang='lat' dir='ltr'><strong>mala</strong></span> <span class='ocrx_word' id='word_1_358' title='bbox 3356 2807 3517 2876; x_wconf 81' lang='lat' dir='ltr'><strong>fecit,</strong></span> <span class='ocrx_word' id='word_1_359' title='bbox 3559 2812 3598 2865; x_wconf 76' lang='grc'>1</span> <span class='ocrx_word' id='word_1_360' title='bbox 3618 2811 3725 2866; x_wconf 73' lang='grc' dir='ltr'><strong>το</strong></span> <span class='ocrx_word' id='word_1_361' title='bbox 3753 2815 3808 2866; x_wconf 86' lang='lat' dir='ltr'><strong>et</strong></span> 
     </span>
    </p>
   </div>
   <div class='ocr_carea' id='block_1_60' title="bbox 2151 2895 3806 2968">
    <p class='ocr_par' dir='ltr' id='par_1_60' title="bbox 2151 2895 3806 2968">
     <span class='ocr_line' id='line_1_60' title="bbox 2151 2895 3806 2968; baseline 0.001 -15"><span class='ocrx_word' id='word_1_362' title='bbox 2151 2897 2223 2953; x_wconf 92' lang='lat' dir='ltr'><strong>ab</strong></span> <span class='ocrx_word' id='word_1_363' title='bbox 2245 2913 2312 2952; x_wconf 92' lang='lat' dir='ltr'><strong>eo</strong></span> <span class='ocrx_word' id='word_1_364' title='bbox 2341 2896 2598 2951; x_wconf 89' lang='lat' dir='ltr'><strong>vicissim</strong></span> <span class='ocrx_word' id='word_1_365' title='bbox 2632 2895 2932 2951; x_wconf 89' lang='lat' dir='ltr'><strong>sustinuit.</strong></span> <span class='ocrx_word' id='word_1_366' title='bbox 2980 2895 3266 2952; x_wconf 82' lang='lat' dir='ltr'><strong>Ftodoard.</strong></span> <span class='ocrx_word' id='word_1_367' title='bbox 3318 2913 3414 2953; x_wconf 85' lang='lat' dir='ltr'><strong>an.</strong></span> <span class='ocrx_word' id='word_1_368' title='bbox 3447 2913 3564 2968; x_wconf 80' lang='lat' dir='ltr'><strong>seq.</strong></span> <span class='ocrx_word' id='word_1_369' title='bbox 3596 2929 3674 2939; x_wconf 89' lang='lat'>—</span> <span class='ocrx_word' id='word_1_370' title='bbox 3701 2904 3806 2954; x_wconf 82' lang='lat' dir='ltr'><strong>Ar-</strong></span> 
     </span>
    </p>
   </div>
   <div class='ocr_carea' id='block_1_61' title="bbox 2152 2983 3811 3050">
    <p class='ocr_par' dir='ltr' id='par_1_61' title="bbox 2152 2983 3811 3050">
     <span class='ocr_line' id='line_1_61' title="bbox 2152 2983 3811 3050; baseline 0.001 -9"><span class='ocrx_word' id='word_1_371' title='bbox 2152 2985 2345 3041; x_wconf 83' lang='lat' dir='ltr'><strong>nolfus</strong></span> <span class='ocrx_word' id='word_1_372' title='bbox 2376 3001 2473 3039; x_wconf 88' lang='lat' dir='ltr'><strong>rex</strong></span> <span class='ocrx_word' id='word_1_373' title='bbox 2496 2983 2824 3039; x_wconf 89' lang='lat' dir='ltr'><strong>Pannonias</strong></span> <span class='ocrx_word' id='word_1_374' title='bbox 2847 2983 3208 3050; x_wconf 89' lang='lat' dir='ltr'><strong>adiens,cum</strong></span> <span class='ocrx_word' id='word_1_375' title='bbox 3229 2985 3388 3041; x_wconf 87' lang='lat' dir='ltr'><strong>Zuen</strong></span> <span class='ocrx_word' id='word_1_376' title='bbox 3407 2985 3686 3043; x_wconf 88' lang='lat' dir='ltr'><strong>ibaldum</strong></span> <span class='ocrx_word' id='word_1_377' title='bbox 3709 2987 3811 3042; x_wconf 87' lang='lat' dir='ltr'><strong>du-</strong></span> 
     </span>
    </p>
   </div>
   <div class='ocr_carea' id='block_1_62' title="bbox 2153 3072 3808 3148">
    <p class='ocr_par' dir='ltr' id='par_1_62' title="bbox 2153 3072 3808 3148">
     <span class='ocr_line' id='line_1_62' title="bbox 2153 3072 3808 3148; baseline 0.001 -18"><span class='ocrx_word' id='word_1_378' title='bbox 2153 3091 2276 3130; x_wconf 90' lang='lat' dir='ltr'><strong>cem</strong></span> <span class='ocrx_word' id='word_1_379' title='bbox 2310 3073 2711 3128; x_wconf 87' lang='lat' dir='ltr'><strong>Marahensem</strong></span> <span class='ocrx_word' id='word_1_380' title='bbox 2733 3073 2942 3127; x_wconf 89' lang='lat' dir='ltr'><strong>iterum</strong></span> <span class='ocrx_word' id='word_1_381' title='bbox 2956 3073 3068 3128; x_wconf 91' lang='lat' dir='ltr'><strong>sibi</strong></span> <span class='ocrx_word' id='word_1_382' title='bbox 3093 3072 3476 3130; x_wconf 88' lang='lat' dir='ltr'><strong>rebellantem</strong></span> <span class='ocrx_word' id='word_1_383' title='bbox 3489 3075 3808 3148; x_wconf 84' lang='lat' dir='ltr'><strong>cognovis-</strong></span> 
     </span>
    </p>
   </div>
   <div class='ocr_carea' id='block_1_63' title="bbox 2153 3160 3814 3232">
    <p class='ocr_par' dir='ltr' id='par_1_63' title="bbox 2153 3160 3814 3232">
     <span class='ocr_line' id='line_1_63' title="bbox 2153 3160 3814 3232; baseline 0.002 -14"><span class='ocrx_word' id='word_1_384' title='bbox 2153 3161 2554 3232; x_wconf 88' lang='lat' dir='ltr'><strong>set,colloquio</strong></span> <span class='ocrx_word' id='word_1_385' title='bbox 2567 3177 2698 3215; x_wconf 90' lang='lat' dir='ltr'><strong>cum</strong></span> <span class='ocrx_word' id='word_1_386' title='bbox 2716 3160 3068 3217; x_wconf 88' lang='lat' dir='ltr'><strong>Brazlavone</strong></span> <span class='ocrx_word' id='word_1_387' title='bbox 3082 3161 3230 3218; x_wconf 88' lang='lat' dir='ltr'><strong>duce</strong></span> <span class='ocrx_word' id='word_1_388' title='bbox 3242 3161 3560 3220; x_wconf 66' lang='lat' dir='ltr'><strong>Pannoniae</strong></span> <span class='ocrx_word' id='word_1_389' title='bbox 3572 3164 3814 3221; x_wconf 89' lang='lat' dir='ltr'><strong>ulterio-</strong></span> 
     </span>
    </p>
   </div>
   <div class='ocr_carea' id='block_1_64' title="bbox 2153 3249 3812 3326">
    <p class='ocr_par' dir='ltr' id='par_1_64' title="bbox 2153 3249 3812 3326">
     <span class='ocr_line' id='line_1_64' title="bbox 2153 3249 3812 3326; baseline 0.001 -19"><span class='ocrx_word' id='word_1_390' title='bbox 2153 3251 2235 3307; x_wconf 90' lang='lat' dir='ltr'><strong>ris</strong></span> <span class='ocrx_word' id='word_1_391' title='bbox 2248 3249 2755 3315; x_wconf 82' lang='lat' dir='ltr'><strong>habito,trifariam</strong></span> <span class='ocrx_word' id='word_1_392' title='bbox 2771 3265 2904 3304; x_wconf 91' lang='lat' dir='ltr'><strong>cum</strong></span> <span class='ocrx_word' id='word_1_393' title='bbox 2928 3249 3114 3305; x_wconf 89' lang='lat' dir='ltr'><strong>tribus</strong></span> <span class='ocrx_word' id='word_1_394' title='bbox 3134 3250 3510 3320; x_wconf 83' lang='lat' dir='ltr'><strong>exercitibus,</strong></span> <span class='ocrx_word' id='word_1_395' title='bbox 3524 3251 3812 3326; x_wconf 89' lang='lat' dir='ltr'><strong>Ungariis</strong></span> 
     </span>
    </p>
   </div>
   <div class='ocr_carea' id='block_1_65' title="bbox 2156 3337 3813 3414">
    <p class='ocr_par' dir='ltr' id='par_1_65' title="bbox 2156 3337 3813 3414">
     <span class='ocr_line' id='line_1_65' title="bbox 2156 3337 3813 3414; baseline 0 -18"><span class='ocrx_word' id='word_1_396' title='bbox 2156 3340 2332 3397; x_wconf 91' lang='lat' dir='ltr'><strong>etiam</strong></span> <span class='ocrx_word' id='word_1_397' title='bbox 2365 3337 2826 3404; x_wconf 87' lang='lat' dir='ltr'><strong>auxiliatoribus,</strong></span> <span class='ocrx_word' id='word_1_398' title='bbox 2863 3353 3048 3410; x_wconf 90' lang='lat' dir='ltr'><strong>nuper</strong></span> <span class='ocrx_word' id='word_1_399' title='bbox 3079 3337 3210 3394; x_wconf 88' lang='lat' dir='ltr'><strong>illas</strong></span> <span class='ocrx_word' id='word_1_400' title='bbox 3229 3337 3289 3394; x_wconf 92' lang='lat' dir='ltr'><strong>in</strong></span> <span class='ocrx_word' id='word_1_401' title='bbox 3311 3343 3510 3412; x_wconf 89' lang='lat' dir='ltr'><strong>partes</strong></span> <span class='ocrx_word' id='word_1_402' title='bbox 3524 3340 3599 3397; x_wconf 91' lang='lat' dir='ltr'><strong>de</strong></span> <span class='ocrx_word' id='word_1_403' title='bbox 3619 3342 3813 3414; x_wconf 82' lang='lat' dir='ltr'><strong>Aqui-</strong></span> 
     </span>
    </p>
   </div>
   <div class='ocr_carea' id='block_1_66' title="bbox 408 3405 3815 3501">
    <p class='ocr_par' dir='ltr' id='par_1_66' title="bbox 408 3405 3815 3501">
     <span class='ocr_line' id='line_1_66' title="bbox 408 3405 3815 3501; baseline -0.003 -15"><span class='ocrx_word' id='word_1_404' title='bbox 408 3405 668 3501; x_wconf 62' lang='lat' dir='ltr'><strong>liamque</strong></span> <span class='ocrx_word' id='word_1_405' title='bbox 698 3426 806 3482; x_wconf 91' lang='lat' dir='ltr'><strong>sub</strong></span> <span class='ocrx_word' id='word_1_406' title='bbox 837 3424 1056 3480; x_wconf 91' lang='lat' dir='ltr'><strong>ditione</strong></span> <span class='ocrx_word' id='word_1_407' title='bbox 1085 3421 1176 3479; x_wconf 91' lang='lat' dir='ltr'><strong>sui</strong></span> <span class='ocrx_word' id='word_1_408' title='bbox 1198 3422 1515 3488; x_wconf 90' lang='lat' dir='ltr'><strong>retinens,a</strong></span> <span class='ocrx_word' id='word_1_409' title='bbox 1534 3422 1712 3478; x_wconf 90' lang='lat' dir='ltr'><strong>tantis</strong></span> <span class='ocrx_word' id='word_1_410' title='bbox 1732 3439 1858 3478; x_wconf 89' lang='lat' dir='ltr'><strong>eam</strong></span> <span class='ocrx_word' id='word_1_411' title='bbox 1883 3426 2048 3479; x_wconf 89' lang='lat' dir='ltr'><strong>eruat</strong></span> <span class='ocrx_word' id='word_1_412' title='bbox 2076 3405 2120 3472; x_wconf 81' lang='lat' dir='ltr'><strong>C</strong></span> <span class='ocrx_word' id='word_1_413' title='bbox 2157 3429 2289 3485; x_wconf 82' lang='lat' dir='ltr'><strong>Ione</strong></span> <span class='ocrx_word' id='word_1_414' title='bbox 2318 3425 2788 3493; x_wconf 81' lang='lat' dir='ltr'><strong>adventantibus,</strong></span> <span class='ocrx_word' id='word_1_415' title='bbox 2823 3442 2926 3498; x_wconf 85' lang='lat' dir='ltr'><strong>per</strong></span> <span class='ocrx_word' id='word_1_416' title='bbox 2945 3405 3332 3482; x_wconf 39' lang='lat' dir='ltr'><strong>&#39;continuum-</strong></span> <span class='ocrx_word' id='word_1_417' title='bbox 3378 3444 3654 3486; x_wconf 65' lang='lat' dir='ltr'><strong>mensem</strong></span> <span class='ocrx_word' id='word_1_418' title='bbox 3689 3405 3815 3487; x_wconf 59' lang='lat' dir='ltr'><strong>ﬁla.</strong></span> 
     </span>
    </p>
   </div>
   <div class='ocr_carea' id='block_1_67' title="bbox 404 3511 2045 3593">
    <p class='ocr_par' dir='ltr' id='par_1_67' title="bbox 404 3511 2045 3593">
     <span class='ocr_line' id='line_1_67' title="bbox 404 3511 2045 3593; baseline -0.005 -17"><span class='ocrx_word' id='word_1_419' title='bbox 404 3519 691 3593; x_wconf 84' lang='lat' dir='ltr'><strong>tyrannis.</strong></span> <span class='ocrx_word' id='word_1_420' title='bbox 722 3515 876 3571; x_wconf 73' lang='grc' dir='ltr'><strong>ιω</strong></span> <span class='ocrx_word' id='word_1_421' title='bbox 907 3513 1068 3578; x_wconf 86' lang='lat' dir='ltr'><strong>Quod</strong></span> <span class='ocrx_word' id='word_1_422' title='bbox 1098 3511 1217 3578; x_wconf 91' lang='lat' dir='ltr'><strong>ille,</strong></span> <span class='ocrx_word' id='word_1_423' title='bbox 1247 3511 1380 3567; x_wconf 89' lang='lat' dir='ltr'><strong>aliis</strong></span> <span class='ocrx_word' id='word_1_424' title='bbox 1411 3512 1781 3584; x_wconf 64' lang='lat' dir='ltr'><strong>praepeditus,</strong></span> <span class='ocrx_word' id='word_1_425' title='bbox 1801 3513 1871 3568; x_wconf 90' lang='lat' dir='ltr'><strong>ad</strong></span> <span class='ocrx_word' id='word_1_426' title='bbox 1895 3530 2045 3584; x_wconf 70' lang='lat' dir='ltr'><strong>prae-</strong></span> 
     </span>
    </p>
   </div>
   <div class='ocr_carea' id='block_1_68' title="bbox 406 3601 2043 3672">
    <p class='ocr_par' dir='ltr' id='par_1_68' title="bbox 406 3601 2043 3672">
     <span class='ocr_line' id='line_1_68' title="bbox 406 3601 2043 3672; baseline -0.004 -7"><span class='ocrx_word' id='word_1_427' title='bbox 406 3623 544 3665; x_wconf 88' lang='lat' dir='ltr'><strong>sens</strong></span> <span class='ocrx_word' id='word_1_428' title='bbox 557 3601 1220 3662; x_wconf 84' lang='lat' dir='ltr'><strong>faceredistulit.ltcrum</strong></span> <span class='ocrx_word' id='word_1_429' title='bbox 1241 3606 1528 3656; x_wconf 90' lang='lat' dir='ltr'><strong>conventu</strong></span> <span class='ocrx_word' id='word_1_430' title='bbox 1556 3601 1710 3672; x_wconf 89' lang='lat' dir='ltr'><strong>apud</strong></span> <span class='ocrx_word' id='word_1_431' title='bbox 1744 3601 2043 3659; x_wconf 86' lang='lat' dir='ltr'><strong>Forcheim</strong></span> 
     </span>
    </p>
   </div>
   <div class='ocr_carea' id='block_1_69' title="bbox 409 3687 2044 3760">
    <p class='ocr_par' dir='ltr' id='par_1_69' title="bbox 409 3687 2044 3760">
     <span class='ocr_line' id='line_1_69' title="bbox 409 3687 2044 3760; baseline -0.002 -8"><span class='ocrx_word' id='word_1_432' title='bbox 409 3698 556 3752; x_wconf 87' lang='lat' dir='ltr'><strong>acto.</strong></span> <span class='ocrx_word' id='word_1_433' title='bbox 605 3690 873 3748; x_wconf 89' lang='lat' dir='ltr'><strong>Ludovici</strong></span> <span class='ocrx_word' id='word_1_434' title='bbox 920 3688 1287 3760; x_wconf 89' lang='lat' dir='ltr'><strong>imperatoris</strong></span> <span class='ocrx_word' id='word_1_435' title='bbox 1318 3687 1494 3743; x_wconf 64' lang='lat' dir='ltr'><strong>Italia:</strong></span> <span class='ocrx_word' id='word_1_436' title='bbox 1546 3688 1748 3755; x_wconf 81' lang='lat' dir='ltr'><strong>tiliam,</strong></span> <span class='ocrx_word' id='word_1_437' title='bbox 1801 3690 2044 3748; x_wconf 91' lang='lat' dir='ltr'><strong>Bosonis</strong></span> 
     </span>
    </p>
   </div>
   <div class='ocr_carea' id='block_1_70' title="bbox 409 3776 2045 3852">
    <p class='ocr_par' dir='ltr' id='par_1_70' title="bbox 409 3776 2045 3852">
     <span class='ocr_line' id='line_1_70' title="bbox 409 3776 2045 3852; baseline -0.002 -13"><span class='ocrx_word' id='word_1_438' title='bbox 409 3782 666 3850; x_wconf 91' lang='lat' dir='ltr'><strong>viduam,</strong></span> <span class='ocrx_word' id='word_1_439' title='bbox 699 3780 771 3835; x_wconf 89' lang='lat' dir='ltr'><strong>ad</strong></span> <span class='ocrx_word' id='word_1_440' title='bbox 803 3794 866 3834; x_wconf 89' lang='lat' dir='ltr'><strong>se</strong></span> <span class='ocrx_word' id='word_1_441' title='bbox 896 3793 1028 3834; x_wconf 90' lang='lat' dir='ltr'><strong>cum</strong></span> <span class='ocrx_word' id='word_1_442' title='bbox 1064 3776 1407 3833; x_wconf 87' lang='lat' dir='ltr'><strong>muneribus</strong></span> <span class='ocrx_word' id='word_1_443' title='bbox 1443 3776 1764 3832; x_wconf 89' lang='lat' dir='ltr'><strong>venientem</strong></span> <span class='ocrx_word' id='word_1_444' title='bbox 1797 3779 2045 3852; x_wconf 87' lang='lat' dir='ltr'><strong>benigne</strong></span> 
     </span>
    </p>
   </div>
   <div class='ocr_carea' id='block_1_71' title="bbox 409 3864 2043 3944">
    <p class='ocr_par' dir='ltr' id='par_1_71' title="bbox 409 3864 2043 3944">
     <span class='ocr_line' id='line_1_71' title="bbox 409 3864 2043 3944; baseline -0.002 -16"><span class='ocrx_word' id='word_1_445' title='bbox 409 3869 686 3944; x_wconf 88' lang='lat' dir='ltr'><strong>suscepit.</strong></span> <span class='ocrx_word' id='word_1_446' title='bbox 739 3867 877 3924; x_wconf 92' lang='lat' dir='ltr'><strong>Inde</strong></span> <span class='ocrx_word' id='word_1_447' title='bbox 944 3864 1364 3933; x_wconf 90' lang='lat' dir='ltr'><strong>Constantiam,</strong></span> <span class='ocrx_word' id='word_1_448' title='bbox 1421 3865 1805 3938; x_wconf 84' lang='lat' dir='ltr'><strong>Augiamque,</strong></span> <span class='ocrx_word' id='word_1_449' title='bbox 1841 3868 2043 3924; x_wconf 86' lang='lat' dir='ltr'><strong>orandi</strong></span> 
     </span>
    </p>
   </div>
   <div class='ocr_carea' id='block_1_72' title="bbox 403 3953 2041 4034">
    <p class='ocr_par' dir='ltr' id='par_1_72' title="bbox 403 3953 2041 4034">
     <span class='ocr_line' id='line_1_72' title="bbox 403 3953 2041 4034; baseline -0.002 -18"><span class='ocrx_word' id='word_1_450' title='bbox 403 3959 613 4034; x_wconf 88' lang='lat' dir='ltr'><strong>gratia,</strong></span> <span class='ocrx_word' id='word_1_451' title='bbox 647 3957 792 4014; x_wconf 91' lang='lat' dir='ltr'><strong>adiit</strong></span> <span class='ocrx_word' id='word_1_452' title='bbox 846 3955 1097 4027; x_wconf 87' lang='lat' dir='ltr'><strong>indeque</strong></span> <span class='ocrx_word' id='word_1_453' title='bbox 1158 3953 1534 4010; x_wconf 83' lang='lat' dir='ltr'><strong>Ratisbonam</strong></span> <span class='ocrx_word' id='word_1_454' title='bbox 1593 3953 1781 4010; x_wconf 90' lang='lat' dir='ltr'><strong>rediit.</strong></span> <span class='ocrx_word' id='word_1_455' title='bbox 1841 3955 2041 4012; x_wconf 83' lang='lat' dir='ltr'><strong>Annal.</strong></span> 
     </span>
    </p>
   </div>
   <div class='ocr_carea' id='block_1_73' title="bbox 404 4041 2042 4118">
    <p class='ocr_par' dir='ltr' id='par_1_73' title="bbox 404 4041 2042 4118">
     <span class='ocr_line' id='line_1_73' title="bbox 404 4041 2042 4118; baseline -0.003 -13"><span class='ocrx_word' id='word_1_456' title='bbox 404 4048 569 4108; x_wconf 85' lang='lat' dir='ltr'><strong>Fuld.</strong></span> <span class='ocrx_word' id='word_1_457' title='bbox 595 4079 661 4088; x_wconf 99' lang='lat'>—</span> <span class='ocrx_word' id='word_1_458' title='bbox 691 4045 857 4118; x_wconf 85' lang='lat' dir='ltr'><strong>Apud</strong></span> <span class='ocrx_word' id='word_1_459' title='bbox 891 4048 1160 4100; x_wconf 89' lang='lat' dir='ltr'><strong>sanctum</strong></span> <span class='ocrx_word' id='word_1_460' title='bbox 1193 4041 1421 4098; x_wconf 90' lang='lat' dir='ltr'><strong>Gallum</strong></span> <span class='ocrx_word' id='word_1_461' title='bbox 1462 4046 1596 4114; x_wconf 90' lang='lat' dir='ltr'><strong>post</strong></span> <span class='ocrx_word' id='word_1_462' title='bbox 1640 4042 2042 4100; x_wconf 90' lang='lat' dir='ltr'><strong>Bernhardum</strong></span> 
     </span>
    </p>
   </div>
   <div class='ocr_carea' id='block_1_74' title="bbox 405 4129 2042 4205">
    <p class='ocr_par' dir='ltr' id='par_1_74' title="bbox 405 4129 2042 4205">
     <span class='ocr_line' id='line_1_74' title="bbox 405 4129 2042 4205; baseline -0.003 -12"><span class='ocrx_word' id='word_1_463' title='bbox 405 4136 679 4194; x_wconf 91' lang='lat' dir='ltr'><strong>Salomon</strong></span> <span class='ocrx_word' id='word_1_464' title='bbox 710 4134 890 4190; x_wconf 86' lang='lat' dir='ltr'><strong>abbas</strong></span> <span class='ocrx_word' id='word_1_465' title='bbox 917 4129 1150 4205; x_wconf 64' lang='lat' dir='ltr'><strong>praefuit</strong></span> <span class='ocrx_word' id='word_1_466' title='bbox 1179 4129 1348 4186; x_wconf 89' lang='lat' dir='ltr'><strong>annis</strong></span> <span class='ocrx_word' id='word_1_467' title='bbox 1379 4147 1510 4186; x_wconf 85' lang='lat' dir='ltr'><strong>xxx.</strong></span> <span class='ocrx_word' id='word_1_468' title='bbox 1528 4129 1801 4186; x_wconf 88' lang='lat' dir='ltr'><strong>Salomon</strong></span> <span class='ocrx_word' id='word_1_469' title='bbox 1834 4149 2042 4188; x_wconf 89' lang='lat' dir='ltr'><strong>secun-</strong></span> 
     </span>
    </p>
   </div>
   <div class='ocr_carea' id='block_1_75' title="bbox 405 4218 2042 4292">
    <p class='ocr_par' dir='ltr' id='par_1_75' title="bbox 405 4218 2042 4292">
     <span class='ocr_line' id='line_1_75' title="bbox 405 4218 2042 4292; baseline -0.002 -11"><span class='ocrx_word' id='word_1_470' title='bbox 405 4225 520 4281; x_wconf 92' lang='lat' dir='ltr'><strong>dus</strong></span> <span class='ocrx_word' id='word_1_471' title='bbox 549 4221 896 4280; x_wconf 73' lang='lat' dir='ltr'><strong>Constantia:</strong></span> <span class='ocrx_word' id='word_1_472' title='bbox 921 4219 1267 4276; x_wconf 90' lang='lat' dir='ltr'><strong>venerabilis</strong></span> <span class='ocrx_word' id='word_1_473' title='bbox 1296 4219 1605 4292; x_wconf 90' lang='lat' dir='ltr'><strong>episcopus</strong></span> <span class='ocrx_word' id='word_1_474' title='bbox 1634 4218 1905 4292; x_wconf 90' lang='lat' dir='ltr'><strong>obiit;pro</strong></span> <span class='ocrx_word' id='word_1_475' title='bbox 1927 4237 2042 4292; x_wconf 93' lang='lat' dir='ltr'><strong>quo</strong></span> 
     </span>
    </p>
   </div>
   <div class='ocr_carea' id='block_1_76' title="bbox 405 4306 2042 4370">
    <p class='ocr_par' dir='ltr' id='par_1_76' title="bbox 405 4306 2042 4370">
     <span class='ocr_line' id='line_1_76' title="bbox 405 4306 2042 4370; baseline -0.002 0"><span class='ocrx_word' id='word_1_476' title='bbox 405 4311 616 4370; x_wconf 86' lang='lat' dir='ltr'><strong>tertius</strong></span> <span class='ocrx_word' id='word_1_477' title='bbox 663 4309 935 4367; x_wconf 87' lang='lat' dir='ltr'><strong>Salomon</strong></span> <span class='ocrx_word' id='word_1_478' title='bbox 988 4310 1059 4365; x_wconf 91' lang='lat' dir='ltr'><strong>de</strong></span> <span class='ocrx_word' id='word_1_479' title='bbox 1123 4307 1386 4364; x_wconf 71' lang='lat' dir='ltr'><strong>coenobio</strong></span> <span class='ocrx_word' id='word_1_480' title='bbox 1434 4307 1620 4364; x_wconf 89' lang='lat' dir='ltr'><strong>sancti</strong></span> <span class='ocrx_word' id='word_1_481' title='bbox 1665 4306 1813 4364; x_wconf 91' lang='lat' dir='ltr'><strong>Galli</strong></span> <span class='ocrx_word' id='word_1_482' title='bbox 1861 4309 2042 4366; x_wconf 88' lang='lat' dir='ltr'><strong>abbas</strong></span> 
     </span>
    </p>
   </div>
   <div class='ocr_carea' id='block_1_77' title="bbox 403 4396 2038 4475">
    <p class='ocr_par' dir='ltr' id='par_1_77' title="bbox 403 4396 2038 4475">
     <span class='ocr_line' id='line_1_77' title="bbox 403 4396 2038 4475; baseline -0.004 -15"><span class='ocrx_word' id='word_1_483' title='bbox 403 4401 715 4475; x_wconf 88' lang='lat' dir='ltr'><strong>episcopus</strong></span> <span class='ocrx_word' id='word_1_484' title='bbox 755 4403 1078 4472; x_wconf 90' lang='lat' dir='ltr'><strong>promotus,</strong></span> <span class='ocrx_word' id='word_1_485' title='bbox 1131 4396 1363 4469; x_wconf 67' lang='lat' dir='ltr'><strong>prefuit</strong></span> <span class='ocrx_word' id='word_1_486' title='bbox 1426 4411 1610 4452; x_wconf 89' lang='lat' dir='ltr'><strong>annos</strong></span> <span class='ocrx_word' id='word_1_487' title='bbox 1667 4411 1799 4451; x_wconf 87' lang='lat' dir='ltr'><strong>xxx.</strong></span> <span class='ocrx_word' id='word_1_488' title='bbox 1851 4397 2038 4470; x_wconf 82' lang='lat' dir='ltr'><strong>Hepid.</strong></span> 
     </span>
    </p>
   </div>
   <div class='ocr_carea' id='block_1_78' title="bbox 403 4489 1002 4558">
    <p class='ocr_par' dir='ltr' id='par_1_78' title="bbox 403 4489 1002 4558">
     <span class='ocr_line' id='line_1_78' title="bbox 403 4489 1002 4558; baseline -0.01 -10"><span class='ocrx_word' id='word_1_489' title='bbox 403 4491 603 4549; x_wconf 85' lang='lat' dir='ltr'><strong>Annal.</strong></span> <span class='ocrx_word' id='word_1_490' title='bbox 635 4489 752 4545; x_wconf 72' lang='lat' dir='ltr'><strong>Met.</strong></span> <span class='ocrx_word' id='word_1_491' title='bbox 787 4489 862 4543; x_wconf 87' lang='lat' dir='ltr'><strong>al.</strong></span> <span class='ocrx_word' id='word_1_492' title='bbox 892 4504 1002 4558; x_wconf 85' lang='lat' dir='ltr'><strong>seq.</strong></span> 
     </span>
    </p>
   </div>
   <div class='ocr_carea' id='block_1_79' title="bbox 470 4573 2043 4647">
    <p class='ocr_par' dir='ltr' id='par_1_79' title="bbox 470 4573 2043 4647">
     <span class='ocr_line' id='line_1_79' title="bbox 470 4573 2043 4647; baseline -0.003 -11"><span class='ocrx_word' id='word_1_493' title='bbox 470 4579 564 4636; x_wconf 81' lang='lat' dir='ltr'>89l</span> <span class='ocrx_word' id='word_1_494' title='bbox 625 4575 933 4636; x_wconf 84' lang='lat' dir='ltr'><strong>Embricho</strong></span> <span class='ocrx_word' id='word_1_495' title='bbox 978 4573 1416 4631; x_wconf 81' lang='lat' dir='ltr'><strong>Ratisbonensis</strong></span> <span class='ocrx_word' id='word_1_496' title='bbox 1461 4573 1769 4647; x_wconf 88' lang='lat' dir='ltr'><strong>episcopus</strong></span> <span class='ocrx_word' id='word_1_497' title='bbox 1821 4573 1937 4630; x_wconf 90' lang='lat' dir='ltr'><strong>vita</strong></span> <span class='ocrx_word' id='word_1_498' title='bbox 1983 4579 2043 4631; x_wconf 91' lang='lat' dir='ltr'><strong>et</strong></span> 
     </span>
    </p>
   </div>
   <div class='ocr_carea' id='block_1_80' title="bbox 402 4661 2042 4735">
    <p class='ocr_par' dir='ltr' id='par_1_80' title="bbox 402 4661 2042 4735">
     <span class='ocr_line' id='line_1_80' title="bbox 402 4661 2042 4735; baseline -0.004 -10"><span class='ocrx_word' id='word_1_499' title='bbox 402 4672 569 4726; x_wconf 67' lang='lat' dir='ltr'><strong>etate</strong></span> <span class='ocrx_word' id='word_1_500' title='bbox 597 4666 885 4723; x_wconf 89' lang='lat' dir='ltr'><strong>verendus</strong></span> <span class='ocrx_word' id='word_1_501' title='bbox 915 4665 1080 4732; x_wconf 89' lang='lat' dir='ltr'><strong>obiit,</strong></span> <span class='ocrx_word' id='word_1_502' title='bbox 1124 4661 1369 4734; x_wconf 90' lang='lat' dir='ltr'><strong>ipsaque</strong></span> <span class='ocrx_word' id='word_1_503' title='bbox 1400 4662 1560 4727; x_wconf 90' lang='lat' dir='ltr'><strong>urbs,</strong></span> <span class='ocrx_word' id='word_1_504' title='bbox 1609 4663 1863 4735; x_wconf 86' lang='lat' dir='ltr'><strong>exceptis</strong></span> <span class='ocrx_word' id='word_1_505' title='bbox 1891 4663 2042 4718; x_wconf 86' lang='lat' dir='ltr'><strong>divi-</strong></span> 
     </span>
    </p>
   </div>
   <div class='ocr_carea' id='block_1_81' title="bbox 2155 3514 3815 3588">
    <p class='ocr_par' dir='ltr' id='par_1_81' title="bbox 2155 3514 3815 3588">
     <span class='ocr_line' id='line_1_81' title="bbox 2155 3514 3815 3588; baseline 0.001 -14"><span class='ocrx_word' id='word_1_506' title='bbox 2155 3517 2462 3574; x_wconf 90' lang='lat' dir='ltr'><strong>rahensem</strong></span> <span class='ocrx_word' id='word_1_507' title='bbox 2508 3516 2770 3570; x_wconf 87' lang='lat' dir='ltr'><strong>devastat</strong></span> <span class='ocrx_word' id='word_1_508' title='bbox 2814 3514 3148 3586; x_wconf 88' lang='lat' dir='ltr'><strong>regionem:</strong></span> <span class='ocrx_word' id='word_1_509' title='bbox 3185 3515 3312 3588; x_wconf 89' lang='lat' dir='ltr'><strong>ipse</strong></span> <span class='ocrx_word' id='word_1_510' title='bbox 3357 3515 3540 3572; x_wconf 88' lang='lat' dir='ltr'><strong>etiam</strong></span> <span class='ocrx_word' id='word_1_511' title='bbox 3598 3519 3815 3576; x_wconf 84' lang='lat' dir='ltr'><strong>eodem</strong></span> 
     </span>
    </p>
   </div>
   <div class='ocr_carea' id='block_1_82' title="bbox 2153 3602 3813 3678">
    <p class='ocr_par' dir='ltr' id='par_1_82' title="bbox 2153 3602 3813 3678">
     <span class='ocr_line' id='line_1_82' title="bbox 2153 3602 3813 3678; baseline 0.001 -16"><span class='ocrx_word' id='word_1_512' title='bbox 2153 3612 2412 3678; x_wconf 91' lang='lat' dir='ltr'><strong>tempore</strong></span> <span class='ocrx_word' id='word_1_513' title='bbox 2444 3605 2696 3676; x_wconf 89' lang='lat' dir='ltr'><strong>priscam</strong></span> <span class='ocrx_word' id='word_1_514' title='bbox 2717 3618 2850 3658; x_wconf 90' lang='lat' dir='ltr'><strong>cum</strong></span> <span class='ocrx_word' id='word_1_515' title='bbox 2873 3602 3147 3676; x_wconf 88' lang='lat' dir='ltr'><strong>Vulgaris</strong></span> <span class='ocrx_word' id='word_1_516' title='bbox 3177 3609 3416 3661; x_wconf 89' lang='lat' dir='ltr'><strong>renovat</strong></span> <span class='ocrx_word' id='word_1_517' title='bbox 3453 3605 3813 3664; x_wconf 87' lang='lat' dir='ltr'><strong>amicitiam.</strong></span> 
     </span>
    </p>
   </div>
   <div class='ocr_carea' id='block_1_83' title="bbox 2153 3691 3811 3767">
    <p class='ocr_par' dir='ltr' id='par_1_83' title="bbox 2153 3691 3811 3767">
     <span class='ocr_line' id='line_1_83' title="bbox 2153 3691 3811 3767; baseline 0.001 -15"><span class='ocrx_word' id='word_1_518' title='bbox 2153 3695 2306 3767; x_wconf 88' lang='lat' dir='ltr'><strong>Popo</strong></span> <span class='ocrx_word' id='word_1_519' title='bbox 2337 3695 2551 3750; x_wconf 89' lang='lat' dir='ltr'><strong>ducatu</strong></span> <span class='ocrx_word' id='word_1_520' title='bbox 2583 3691 2916 3764; x_wconf 71' lang='lat' dir='ltr'><strong>Thuringiaz</strong></span> <span class='ocrx_word' id='word_1_521' title='bbox 2965 3691 3228 3765; x_wconf 90' lang='lat' dir='ltr'><strong>privatus</strong></span> <span class='ocrx_word' id='word_1_522' title='bbox 3259 3697 3368 3750; x_wconf 91' lang='lat' dir='ltr'><strong>est.</strong></span> <span class='ocrx_word' id='word_1_523' title='bbox 3398 3694 3611 3751; x_wconf 86' lang='lat' dir='ltr'><strong>Annal.</strong></span> <span class='ocrx_word' id='word_1_524' title='bbox 3651 3697 3811 3753; x_wconf 82' lang='lat' dir='ltr'><strong>Fuld.</strong></span> 
     </span>
    </p>
   </div>
   <div class='ocr_carea' id='block_1_84' title="bbox 2152 3779 3812 3854">
    <p class='ocr_par' dir='ltr' id='par_1_84' title="bbox 2152 3779 3812 3854">
     <span class='ocr_line' id='line_1_84' title="bbox 2152 3779 3812 3854; baseline 0.004 -17"><span class='ocrx_word' id='word_1_525' title='bbox 2152 3815 2220 3824; x_wconf 94' lang='lat'><em>—</em></span> <span class='ocrx_word' id='word_1_526' title='bbox 2252 3783 2444 3838; x_wconf 70' lang='lat' dir='ltr'><strong>Romae</strong></span> <span class='ocrx_word' id='word_1_527' title='bbox 2491 3784 2623 3854; x_wconf 92' lang='lat' dir='ltr'><strong>post</strong></span> <span class='ocrx_word' id='word_1_528' title='bbox 2669 3779 3030 3852; x_wconf 89' lang='lat' dir='ltr'><strong>Stephanum</strong></span> <span class='ocrx_word' id='word_1_529' title='bbox 3071 3781 3412 3854; x_wconf 88' lang='lat' dir='ltr'><strong>Formosus,</strong></span> <span class='ocrx_word' id='word_1_530' title='bbox 3444 3781 3618 3854; x_wconf 92' lang='lat' dir='ltr'><strong>prius</strong></span> <span class='ocrx_word' id='word_1_531' title='bbox 3671 3787 3812 3842; x_wconf 89' lang='lat' dir='ltr'><strong>Por-</strong></span> 
     </span>
    </p>
   </div>
   <div class='ocr_carea' id='block_1_85' title="bbox 2153 3868 3814 3942">
    <p class='ocr_par' dir='ltr' id='par_1_85' title="bbox 2153 3868 3814 3942">
     <span class='ocr_line' id='line_1_85' title="bbox 2153 3868 3814 3942; baseline 0.001 -14"><span class='ocrx_word' id='word_1_532' title='bbox 2153 3871 2379 3928; x_wconf 90' lang='lat' dir='ltr'><strong>tuensis</strong></span> <span class='ocrx_word' id='word_1_533' title='bbox 2409 3870 2718 3942; x_wconf 89' lang='lat' dir='ltr'><strong>episcopus</strong></span> <span class='ocrx_word' id='word_1_534' title='bbox 2771 3885 2921 3940; x_wconf 90' lang='lat' dir='ltr'><strong>papa</strong></span> <span class='ocrx_word' id='word_1_535' title='bbox 2936 3868 3129 3938; x_wconf 86' lang='lat' dir='ltr'><strong>CXIII,</strong></span> <span class='ocrx_word' id='word_1_536' title='bbox 3153 3869 3304 3925; x_wconf 88' lang='lat' dir='ltr'><strong>sedit</strong></span> <span class='ocrx_word' id='word_1_537' title='bbox 3329 3870 3504 3927; x_wconf 88' lang='lat' dir='ltr'><strong>annis</strong></span> <span class='ocrx_word' id='word_1_538' title='bbox 3552 3889 3814 3942; x_wconf 81' lang='lat' dir='ltr'><strong>rx,men-</strong></span> 
     </span>
    </p>
   </div>
   <div class='ocr_carea' id='block_1_86' title="bbox 2153 3959 2620 4028">
    <p class='ocr_par' dir='ltr' id='par_1_86' title="bbox 2153 3959 2620 4028">
     <span class='ocr_line' id='line_1_86' title="bbox 2153 3959 2620 4028; baseline -0.013 -11"><span class='ocrx_word' id='word_1_539' title='bbox 2153 3961 2317 4017; x_wconf 90' lang='lat' dir='ltr'><strong>sibus</strong></span> <span class='ocrx_word' id='word_1_540' title='bbox 2347 3977 2424 4014; x_wconf 82' lang='lat' dir='ltr'><strong>vn</strong></span> <span class='ocrx_word' id='word_1_541' title='bbox 2453 3959 2620 4028; x_wconf 89' lang='grc'>(409).</span> 
     </span>
    </p>
   </div>
   <div class='ocr_carea' id='block_1_87' title="bbox 2221 4045 3816 4121">
    <p class='ocr_par' dir='ltr' id='par_1_87' title="bbox 2221 4045 3816 4121">
     <span class='ocr_line' id='line_1_87' title="bbox 2221 4045 3816 4121; baseline 0.004 -18"><span class='ocrx_word' id='word_1_542' title='bbox 2221 4049 2326 4104; x_wconf 86' lang='grc'>893</span> <span class='ocrx_word' id='word_1_543' title='bbox 2355 4047 2538 4121; x_wconf 87' lang='lat' dir='ltr'><strong>Engil,</strong></span> <span class='ocrx_word' id='word_1_544' title='bbox 2566 4045 2791 4103; x_wconf 90' lang='lat' dir='ltr'><strong>scalcus</strong></span> <span class='ocrx_word' id='word_1_545' title='bbox 2807 4045 3067 4102; x_wconf 89' lang='lat' dir='ltr'><strong>marchio</strong></span> <span class='ocrx_word' id='word_1_546' title='bbox 3100 4045 3412 4104; x_wconf 71' lang='lat' dir='ltr'><strong>Pannonia:</strong></span> <span class='ocrx_word' id='word_1_547' title='bbox 3433 4049 3676 4120; x_wconf 85' lang='lat' dir='ltr'><strong>judicio</strong></span> <span class='ocrx_word' id='word_1_548' title='bbox 3707 4053 3816 4108; x_wconf 84' lang='lat' dir='ltr'><strong>No-</strong></span> 
     </span>
    </p>
   </div>
   <div class='ocr_carea' id='block_1_88' title="bbox 2151 4133 3814 4208">
    <p class='ocr_par' dir='ltr' id='par_1_88' title="bbox 2151 4133 3814 4208">
     <span class='ocr_line' id='line_1_88' title="bbox 2151 4133 3814 4208; baseline 0.002 -14"><span class='ocrx_word' id='word_1_549' title='bbox 2151 4138 2404 4194; x_wconf 89' lang='lat' dir='ltr'><strong>ricorum</strong></span> <span class='ocrx_word' id='word_1_550' title='bbox 2435 4139 2770 4201; x_wconf 66' lang='lat' dir='ltr'><strong>excecatus,</strong></span> <span class='ocrx_word' id='word_1_551' title='bbox 2815 4138 2873 4190; x_wconf 90' lang='lat' dir='ltr'><strong>et</strong></span> <span class='ocrx_word' id='word_1_552' title='bbox 2911 4133 3192 4206; x_wconf 88' lang='lat' dir='ltr'><strong>patruelis</strong></span> <span class='ocrx_word' id='word_1_553' title='bbox 3238 4137 3369 4208; x_wconf 88' lang='lat' dir='ltr'><strong>ejus</strong></span> <span class='ocrx_word' id='word_1_554' title='bbox 3420 4137 3814 4198; x_wconf 87' lang='lat' dir='ltr'><strong>Wilihelmus</strong></span> 
     </span>
    </p>
   </div>
   <div class='ocr_carea' id='block_1_89' title="bbox 2149 4223 3810 4286">
    <p class='ocr_par' dir='ltr' id='par_1_89' title="bbox 2149 4223 3810 4286">
     <span class='ocr_line' id='line_1_89' title="bbox 2149 4223 3810 4286; baseline 0.002 -2"><span class='ocrx_word' id='word_1_555' title='bbox 2149 4224 2468 4284; x_wconf 88' lang='lat' dir='ltr'><strong>decollatus</strong></span> <span class='ocrx_word' id='word_1_556' title='bbox 2498 4228 2606 4280; x_wconf 88' lang='lat' dir='ltr'><strong>est.</strong></span> <span class='ocrx_word' id='word_1_557' title='bbox 2655 4223 2932 4279; x_wconf 80' lang='lat' dir='ltr'><strong>Arnclfus</strong></span> <span class='ocrx_word' id='word_1_558' title='bbox 2978 4239 3076 4278; x_wconf 86' lang='lat' dir='ltr'><strong>rex</strong></span> <span class='ocrx_word' id='word_1_559' title='bbox 3125 4223 3537 4282; x_wconf 85' lang='lat' dir='ltr'><strong>Marahensem</strong></span> <span class='ocrx_word' id='word_1_560' title='bbox 3587 4227 3810 4286; x_wconf 90' lang='lat' dir='ltr'><strong>iterum</strong></span> 
     </span>
    </p>
   </div>
   <div class='ocr_carea' id='block_1_90' title="bbox 2149 4311 3808 4390">
    <p class='ocr_par' dir='ltr' id='par_1_90' title="bbox 2149 4311 3808 4390">
     <span class='ocr_line' id='line_1_90' title="bbox 2149 4311 3808 4390; baseline 0.001 -18"><span class='ocrx_word' id='word_1_561' title='bbox 2149 4313 2683 4386; x_wconf 78' lang='lat' dir='ltr'><strong>vastatregionem.</strong></span> <span class='ocrx_word' id='word_1_562' title='bbox 2711 4311 2826 4384; x_wconf 89' lang='lat' dir='ltr'><strong>Ipsi</strong></span> <span class='ocrx_word' id='word_1_563' title='bbox 2860 4311 2981 4384; x_wconf 89' lang='lat' dir='ltr'><strong>regi</strong></span> <span class='ocrx_word' id='word_1_564' title='bbox 3009 4328 3078 4368; x_wconf 87' lang='lat' dir='ltr'><strong>ex</strong></span> <span class='ocrx_word' id='word_1_565' title='bbox 3104 4311 3251 4370; x_wconf 90' lang='lat' dir='ltr'><strong>Vota</strong></span> <span class='ocrx_word' id='word_1_566' title='bbox 3271 4313 3419 4386; x_wconf 71' lang='grc'>(410)</span> <span class='ocrx_word' id='word_1_567' title='bbox 3451 4317 3670 4390; x_wconf 87' lang='lat' dir='ltr'><strong>regina</strong></span> <span class='ocrx_word' id='word_1_568' title='bbox 3700 4323 3808 4374; x_wconf 88' lang='lat' dir='ltr'><strong>Lu-</strong></span> 
     </span>
    </p>
   </div>
   <div class='ocr_carea' id='block_1_91' title="bbox 2150 4399 3809 4480">
    <p class='ocr_par' dir='ltr' id='par_1_91' title="bbox 2150 4399 3809 4480">
     <span class='ocr_line' id='line_1_91' title="bbox 2150 4399 3809 4480; baseline 0.002 -18"><span class='ocrx_word' id='word_1_569' title='bbox 2150 4404 2388 4461; x_wconf 89' lang='lat' dir='ltr'><strong>dovicus</strong></span> <span class='ocrx_word' id='word_1_570' title='bbox 2418 4401 2574 4457; x_wconf 76' lang='lat' dir='ltr'><strong>{ilius</strong></span> <span class='ocrx_word' id='word_1_571' title='bbox 2596 4399 2876 4468; x_wconf 88' lang='lat' dir='ltr'><strong>nascitur,</strong></span> <span class='ocrx_word' id='word_1_572' title='bbox 2909 4403 2966 4456; x_wconf 88' lang='lat' dir='ltr'><strong>et</strong></span> <span class='ocrx_word' id='word_1_573' title='bbox 2995 4416 3030 4456; x_wconf 90' lang='lat' dir='ltr'><strong>a</strong></span> <span class='ocrx_word' id='word_1_574' title='bbox 3059 4399 3307 4458; x_wconf 86' lang='lat' dir='ltr'><strong>Hattone</strong></span> <span class='ocrx_word' id='word_1_575' title='bbox 3353 4403 3809 4480; x_wconf 89' lang='lat' dir='ltr'><strong>archiepiscopo</strong></span> 
     </span>
    </p>
   </div>
   <div class='ocr_carea' id='block_1_92' title="bbox 2150 4487 3810 4566">
    <p class='ocr_par' dir='ltr' id='par_1_92' title="bbox 2150 4487 3810 4566">
     <span class='ocr_line' id='line_1_92' title="bbox 2150 4487 3810 4566; baseline 0 -16"><span class='ocrx_word' id='word_1_576' title='bbox 2150 4492 2329 4550; x_wconf 89' lang='lat' dir='ltr'><strong>nobili</strong></span> <span class='ocrx_word' id='word_1_577' title='bbox 2360 4489 2706 4563; x_wconf 90' lang='lat' dir='ltr'><strong>baptizatur,</strong></span> <span class='ocrx_word' id='word_1_578' title='bbox 2737 4493 2796 4544; x_wconf 87' lang='lat' dir='ltr'><strong>et</strong></span> <span class='ocrx_word' id='word_1_579' title='bbox 2837 4505 3001 4544; x_wconf 89' lang='lat' dir='ltr'><strong>sacro</strong></span> <span class='ocrx_word' id='word_1_580' title='bbox 3048 4487 3365 4546; x_wconf 89' lang='lat' dir='ltr'><strong>chrismate</strong></span> <span class='ocrx_word' id='word_1_581' title='bbox 3413 4493 3690 4566; x_wconf 85' lang='lat' dir='ltr'><strong>ungitur.</strong></span> <span class='ocrx_word' id='word_1_582' title='bbox 3739 4524 3810 4536; x_wconf 84' lang='lat'><strong><em>——</em></strong></span> 
     </span>
    </p>
   </div>
   <div class='ocr_carea' id='block_1_93' title="bbox 2149 4577 3806 4652">
    <p class='ocr_par' dir='ltr' id='par_1_93' title="bbox 2149 4577 3806 4652">
     <span class='ocr_line' id='line_1_93' title="bbox 2149 4577 3806 4652; baseline 0 -14"><span class='ocrx_word' id='word_1_583' title='bbox 2149 4584 2462 4638; x_wconf 90' lang='lat' dir='ltr'><strong>Formosus</strong></span> <span class='ocrx_word' id='word_1_584' title='bbox 2492 4577 2866 4650; x_wconf 89' lang='lat' dir='ltr'><strong>papa,missis</strong></span> <span class='ocrx_word' id='word_1_585' title='bbox 2885 4577 3218 4650; x_wconf 90' lang='lat' dir='ltr'><strong>epistoliset</strong></span> <span class='ocrx_word' id='word_1_586' title='bbox 3245 4577 3806 4652; x_wconf 81' lang='lat' dir='ltr'><strong>legatis,Arnolfum</strong></span> 
     </span>
    </p>
   </div>
   <div class='ocr_carea' id='block_1_94' title="bbox 2149 4665 3805 4743">
    <p class='ocr_par' dir='ltr' id='par_1_94' title="bbox 2149 4665 3805 4743">
     <span class='ocr_line' id='line_1_94' title="bbox 2149 4665 3805 4743; baseline 0.001 -17"><span class='ocrx_word' id='word_1_587' title='bbox 2149 4686 2344 4742; x_wconf 88' lang='lat' dir='ltr'><strong>regem</strong></span> <span class='ocrx_word' id='word_1_588' title='bbox 2371 4668 2444 4723; x_wconf 89' lang='lat' dir='ltr'><strong>ad</strong></span> <span class='ocrx_word' id='word_1_589' title='bbox 2475 4665 2931 4737; x_wconf 88' lang='lat' dir='ltr'><strong>suscipiendam,</strong></span> <span class='ocrx_word' id='word_1_590' title='bbox 2977 4668 3035 4720; x_wconf 90' lang='lat' dir='ltr'><strong>et</strong></span> <span class='ocrx_word' id='word_1_591' title='bbox 3080 4667 3400 4722; x_wconf 86' lang='lat' dir='ltr'><strong>eruendam</strong></span> <span class='ocrx_word' id='word_1_592' title='bbox 3430 4685 3465 4723; x_wconf 90' lang='lat' dir='ltr'><strong>a</strong></span> <span class='ocrx_word' id='word_1_593' title='bbox 3507 4671 3805 4743; x_wconf 86' lang='lat' dir='ltr'><strong>tyrannis,</strong></span> 
     </span>
    </p>
   </div>
   <div class='ocr_carea' id='block_1_95' title="bbox 403 4751 3804 4836">
    <p class='ocr_par' dir='ltr' id='par_1_95' title="bbox 403 4751 3804 4836">
     <span class='ocr_line' id='line_1_95' title="bbox 403 4751 3804 4836; baseline 0 -22"><span class='ocrx_word' id='word_1_594' title='bbox 403 4758 561 4815; x_wconf 89' lang='lat' dir='ltr'><strong>nitus</strong></span> <span class='ocrx_word' id='word_1_595' title='bbox 591 4754 777 4812; x_wconf 87' lang='lat' dir='ltr'><strong>sancti</strong></span> <span class='ocrx_word' id='word_1_596' title='bbox 803 4751 1222 4809; x_wconf 85' lang='lat' dir='ltr'><strong>Emmerammi</strong></span> <span class='ocrx_word' id='word_1_597' title='bbox 1252 4751 1557 4822; x_wconf 88' lang='lat' dir='ltr'><strong>sanctique</strong></span> <span class='ocrx_word' id='word_1_598' title='bbox 1575 4753 1836 4808; x_wconf 89' lang='lat' dir='ltr'><strong>Cassiani</strong></span> <span class='ocrx_word' id='word_1_599' title='bbox 1869 4753 2044 4810; x_wconf 88' lang='lat' dir='ltr'><strong>eccle.</strong></span> <span class='ocrx_word' id='word_1_600' title='bbox 2074 4771 2120 4836; x_wconf 76' lang='grc' dir='ltr'>ι)</span> <span class='ocrx_word' id='word_1_601' title='bbox 2153 4757 2520 4827; x_wconf 86' lang='lat' dir='ltr'><strong>maximeque</strong></span> <span class='ocrx_word' id='word_1_602' title='bbox 2553 4771 2588 4809; x_wconf 90' lang='lat' dir='ltr'><strong>a</strong></span> <span class='ocrx_word' id='word_1_603' title='bbox 2617 4754 2885 4822; x_wconf 87' lang='lat' dir='ltr'><strong>Widone,</strong></span> <span class='ocrx_word' id='word_1_604' title='bbox 2917 4753 3146 4809; x_wconf 87' lang='lat' dir='ltr'><strong>Italiam</strong></span> <span class='ocrx_word' id='word_1_605' title='bbox 3178 4771 3540 4829; x_wconf 88' lang='lat' dir='ltr'><strong>magnopere</strong></span> <span class='ocrx_word' id='word_1_606' title='bbox 3573 4759 3804 4816; x_wconf 90' lang='lat' dir='ltr'><strong>invitat.</strong></span> 
     </span>
    </p>
   </div>
   <div class='ocr_carea' id='block_1_96' title="bbox 403 4839 2040 4916">
    <p class='ocr_par' dir='ltr' id='par_1_96' title="bbox 403 4839 2040 4916">
     <span class='ocr_line' id='line_1_96' title="bbox 403 4839 2040 4916; baseline -0.005 -12"><span class='ocrx_word' id='word_1_607' title='bbox 403 4849 510 4906; x_wconf 90' lang='lat' dir='ltr'><strong>siis</strong></span> <span class='ocrx_word' id='word_1_608' title='bbox 541 4864 598 4903; x_wconf 84' lang='lat' dir='ltr'><strong>1v</strong></span> <span class='ocrx_word' id='word_1_609' title='bbox 627 4846 760 4902; x_wconf 90' lang='lat' dir='ltr'><strong>idus</strong></span> <span class='ocrx_word' id='word_1_610' title='bbox 791 4841 1037 4914; x_wconf 84' lang='lat' dir='ltr'><strong>Augusti</strong></span> <span class='ocrx_word' id='word_1_611' title='bbox 1067 4839 1334 4895; x_wconf 85' lang='lat' dir='ltr'><strong>incendio</strong></span> <span class='ocrx_word' id='word_1_612' title='bbox 1363 4846 1484 4896; x_wconf 89' lang='lat' dir='ltr'><strong>tota</strong></span> <span class='ocrx_word' id='word_1_613' title='bbox 1513 4843 1849 4916; x_wconf 84' lang='lat' dir='ltr'><strong>conflagrat.</strong></span> <span class='ocrx_word' id='word_1_614' title='bbox 1875 4850 2040 4909; x_wconf 65' lang='lat' dir='ltr'><strong>Non-</strong></span> 
     </span>
    </p>
   </div>
   <div class='ocr_carea' id='block_1_97' title="bbox 1430 4938 2730 5010">
    <p class='ocr_par' dir='ltr' id='par_1_97' title="bbox 1430 4938 2730 5010">
     <span class='ocr_line' id='line_1_97' title="bbox 1430 4938 2730 5010; baseline 0.003 -18"><span class='ocrx_word' id='word_1_615' title='bbox 1430 4938 1898 5002; x_wconf 86' lang='lat' dir='ltr'><strong>COMPENDIUM</strong></span> <span class='ocrx_word' id='word_1_616' title='bbox 1936 4949 2028 5006; x_wconf 83' lang='lat' dir='ltr'><strong>EX</strong></span> <span class='ocrx_word' id='word_1_617' title='bbox 2066 4948 2316 5010; x_wconf 85' lang='lat' dir='ltr'><strong>CODICE</strong></span> <span class='ocrx_word' id='word_1_618' title='bbox 2355 4940 2730 5000; x_wconf 74' lang='lat' dir='ltr'><strong>BERNOLDI.</strong></span> 
     </span>
    </p>
   </div>
   <div class='ocr_carea' id='block_1_98' title="bbox 466 5039 2035 5114">
    <p class='ocr_par' dir='ltr' id='par_1_98' title="bbox 466 5039 2035 5114">
     <span class='ocr_line' id='line_1_98' title="bbox 466 5039 2035 5114; baseline 0.004 -17"><span class='ocrx_word' id='word_1_619' title='bbox 466 5047 574 5102; x_wconf 89' lang='lat'>890</span> <span class='ocrx_word' id='word_1_620' title='bbox 617 5042 877 5111; x_wconf 82' lang='lat' dir='ltr'><strong>Arnolfus</strong></span> <span class='ocrx_word' id='word_1_621' title='bbox 932 5053 1032 5093; x_wconf 74' lang='lat' dir='ltr'><strong>rex</strong></span> <span class='ocrx_word' id='word_1_622' title='bbox 1078 5054 1148 5093; x_wconf 73' lang='lat' dir='ltr'><strong>ex</strong></span> <span class='ocrx_word' id='word_1_623' title='bbox 1180 5044 1336 5108; x_wconf 82' lang='lat' dir='ltr'><strong>parte</strong></span> <span class='ocrx_word' id='word_1_624' title='bbox 1384 5039 1665 5108; x_wconf 79' lang='lat' dir='ltr'><strong>apostolici</strong></span> <span class='ocrx_word' id='word_1_625' title='bbox 1707 5053 1932 5114; x_wconf 81' lang='lat' dir='ltr'><strong>rogatur</strong></span> <span class='ocrx_word' id='word_1_626' title='bbox 1974 5053 2035 5104; x_wconf 76' lang='lat' dir='ltr'><strong>ut</strong></span> 
     </span>
    </p>
   </div>
   <div class='ocr_carea' id='block_1_99' title="bbox 393 5127 1946 5203">
    <p class='ocr_par' dir='ltr' id='par_1_99' title="bbox 393 5127 1946 5203">
     <span class='ocr_line' id='line_1_99' title="bbox 393 5127 1946 5203; baseline 0 -11"><span class='ocrx_word' id='word_1_627' title='bbox 393 5137 621 5192; x_wconf 85' lang='lat' dir='ltr'><strong>Romam</strong></span> <span class='ocrx_word' id='word_1_628' title='bbox 650 5131 892 5194; x_wconf 80' lang='lat' dir='ltr'><strong>veniens,</strong></span> <span class='ocrx_word' id='word_1_629' title='bbox 921 5129 1140 5184; x_wconf 78' lang='lat' dir='ltr'><strong>Italiam</strong></span> <span class='ocrx_word' id='word_1_630' title='bbox 1169 5127 1278 5182; x_wconf 85' lang='lat' dir='ltr'><strong>sibi</strong></span> <span class='ocrx_word' id='word_1_631' title='bbox 1302 5127 1369 5182; x_wconf 85' lang='lat' dir='ltr'><strong>de</strong></span> <span class='ocrx_word' id='word_1_632' title='bbox 1390 5130 1645 5199; x_wconf 78' lang='lat' dir='ltr'><strong>tyrannis</strong></span> <span class='ocrx_word' id='word_1_633' title='bbox 1671 5129 1946 5203; x_wconf 77' lang='lat' dir='ltr'><strong>delendat.</strong></span> 
     </span>
    </p>
   </div>
   <div class='ocr_carea' id='block_1_100' title="bbox 462 5218 2039 5290">
    <p class='ocr_par' dir='ltr' id='par_1_100' title="bbox 462 5218 2039 5290">
     <span class='ocr_line' id='line_1_100' title="bbox 462 5218 2039 5290; baseline 0.003 -12"><span class='ocrx_word' id='word_1_634' title='bbox 462 5222 561 5278; x_wconf 88' lang='lat' dir='ltr'>89l</span> <span class='ocrx_word' id='word_1_635' title='bbox 598 5219 856 5290; x_wconf 76' lang='lat' dir='ltr'><strong>Amat/us</strong></span> <span class='ocrx_word' id='word_1_636' title='bbox 886 5234 984 5274; x_wconf 66' lang='lat' dir='ltr'><strong>rex</strong></span> <span class='ocrx_word' id='word_1_637' title='bbox 1015 5220 1380 5273; x_wconf 87' lang='lat' dir='ltr'><strong>Nortmannos</strong></span> <span class='ocrx_word' id='word_1_638' title='bbox 1407 5218 1478 5272; x_wconf 85' lang='lat' dir='ltr'><strong>ad</strong></span> <span class='ocrx_word' id='word_1_639' title='bbox 1500 5219 1924 5280; x_wconf 66' lang='lat' dir='ltr'><strong>internecioiwm</strong></span> <span class='ocrx_word' id='word_1_640' title='bbox 1951 5224 2039 5282; x_wconf 80' lang='lat' dir='ltr'><strong>de-</strong></span> 
     </span>
    </p>
   </div>
   <div class='ocr_carea' id='block_1_101' title="bbox 394 5311 546 5370">
    <p class='ocr_par' dir='ltr' id='par_1_101' title="bbox 394 5311 546 5370">
     <span class='ocr_line' id='line_1_101' title="bbox 394 5311 546 5370; baseline -0.013 -2"><span class='ocrx_word' id='word_1_641' title='bbox 394 5311 546 5370; x_wconf 72' lang='lat' dir='ltr'><strong>lavit.</strong></span> 
     </span>
    </p>
   </div>
   <div class='ocr_carea' id='block_1_102' title="bbox 2213 5039 3681 5118">
    <p class='ocr_par' dir='ltr' id='par_1_102' title="bbox 2213 5039 3681 5118">
     <span class='ocr_line' id='line_1_102' title="bbox 2213 5039 3681 5118; baseline 0.003 -17"><span class='ocrx_word' id='word_1_642' title='bbox 2213 5047 2318 5101; x_wconf 83' lang='lat'>892</span> <span class='ocrx_word' id='word_1_643' title='bbox 2349 5044 2532 5099; x_wconf 67' lang='lat' dir='ltr'><strong>Romae</strong></span> <span class='ocrx_word' id='word_1_644' title='bbox 2553 5048 2674 5111; x_wconf 87' lang='lat' dir='ltr'><strong>post</strong></span> <span class='ocrx_word' id='word_1_645' title='bbox 2705 5039 3104 5112; x_wconf 81' lang='lat' dir='ltr'><strong>Stephanum...</strong></span> <span class='ocrx_word' id='word_1_646' title='bbox 3138 5043 3416 5100; x_wconf 72' lang='lat' dir='ltr'><strong>mensibus</strong></span> <span class='ocrx_word' id='word_1_647' title='bbox 3442 5055 3681 5118; x_wconf 79' lang='lat' dir='ltr'><strong>septem.</strong></span> 
     </span>
    </p>
   </div>
   <div class='ocr_carea' id='block_1_103' title="bbox 2215 5131 3808 5210">
    <p class='ocr_par' dir='ltr' id='par_1_103' title="bbox 2215 5131 3808 5210">
     <span class='ocr_line' id='line_1_103' title="bbox 2215 5131 3808 5210; baseline 0.001 -20"><span class='ocrx_word' id='word_1_648' title='bbox 2215 5134 2321 5190; x_wconf 88' lang='lat'>893</span> <span class='ocrx_word' id='word_1_649' title='bbox 2351 5135 2638 5188; x_wconf 73' lang='lat' dir='ltr'><strong>Formosus</strong></span> <span class='ocrx_word' id='word_1_650' title='bbox 2663 5145 2804 5200; x_wconf 82' lang='lat' dir='ltr'><strong>pape</strong></span> <span class='ocrx_word' id='word_1_651' title='bbox 2838 5131 3135 5199; x_wconf 75' lang='lat' dir='ltr'><strong>.4rnol/‘um</strong></span> <span class='ocrx_word' id='word_1_652' title='bbox 3165 5147 3348 5201; x_wconf 83' lang='lat' dir='ltr'><strong>regem</strong></span> <span class='ocrx_word' id='word_1_653' title='bbox 3375 5133 3449 5189; x_wconf 81' lang='lat' dir='ltr'><strong>ad</strong></span> <span class='ocrx_word' id='word_1_654' title='bbox 3491 5139 3808 5210; x_wconf 78' lang='lat' dir='ltr'><strong>suscipien-</strong></span> 
     </span>
    </p>
   </div>
   <div class='ocr_carea' id='block_1_104' title="bbox 2144 5215 3508 5290">
    <p class='ocr_par' dir='ltr' id='par_1_104' title="bbox 2144 5215 3508 5290">
     <span class='ocr_line' id='line_1_104' title="bbox 2144 5215 3508 5290; baseline -0.003 -10"><span class='ocrx_word' id='word_1_655' title='bbox 2144 5225 2272 5280; x_wconf 87' lang='lat' dir='ltr'><strong>dam</strong></span> <span class='ocrx_word' id='word_1_656' title='bbox 2300 5226 2350 5278; x_wconf 85' lang='lat' dir='ltr'><strong>et</strong></span> <span class='ocrx_word' id='word_1_657' title='bbox 2381 5237 2415 5274; x_wconf 91' lang='lat' dir='ltr'><strong>a</strong></span> <span class='ocrx_word' id='word_1_658' title='bbox 2435 5219 2690 5290; x_wconf 81' lang='lat' dir='ltr'><strong>tyrannis</strong></span> <span class='ocrx_word' id='word_1_659' title='bbox 2710 5215 3009 5274; x_wconf 79' lang='lat' dir='ltr'><strong>eruendam</strong></span> <span class='ocrx_word' id='word_1_660' title='bbox 3033 5218 3256 5274; x_wconf 85' lang='lat' dir='ltr'><strong>Italiam</strong></span> <span class='ocrx_word' id='word_1_661' title='bbox 3285 5219 3508 5276; x_wconf 82' lang='lat' dir='ltr'><strong>invitat.</strong></span> 
     </span>
    </p>
   </div>
   <div class='ocr_carea' id='block_1_105' title="bbox 1983 5401 2215 5458">
    <p class='ocr_par' dir='ltr' id='par_1_105' title="bbox 1983 5401 2215 5458">
     <span class='ocr_line' id='line_1_105' title="bbox 1983 5401 2215 5458; baseline 0 -2"><span class='ocrx_word' id='word_1_662' title='bbox 1983 5401 2215 5458; x_wconf 65' lang='lat' dir='ltr'><strong>NOTAE.</strong></span> 
     </span>
    </p>
   </div>
   <div class='ocr_carea' id='block_1_106' title="bbox 467 5484 2036 5562">
    <p class='ocr_par' dir='ltr' id='par_1_106' title="bbox 467 5484 2036 5562">
     <span class='ocr_line' id='line_1_106' title="bbox 467 5484 2036 5562; baseline 0.003 -22"><span class='ocrx_word' id='word_1_663' title='bbox 467 5486 623 5562; x_wconf 55' lang='lat'><strong>{407)</strong></span> <span class='ocrx_word' id='word_1_664' title='bbox 652 5486 774 5542; x_wconf 87' lang='lat' dir='ltr'><strong>Non</strong></span> <span class='ocrx_word' id='word_1_665' title='bbox 803 5485 1122 5562; x_wconf 73' lang='lat' dir='ltr'><strong>omniahic</strong></span> <span class='ocrx_word' id='word_1_666' title='bbox 1153 5485 1446 5562; x_wconf 76' lang='lat' dir='ltr'><strong>recensita</strong></span> <span class='ocrx_word' id='word_1_667' title='bbox 1474 5484 1822 5562; x_wconf 76' lang='lat' dir='ltr'><strong>hujusanni</strong></span> <span class='ocrx_word' id='word_1_668' title='bbox 1854 5493 2036 5558; x_wconf 88' lang='lat' dir='ltr'><strong>sunt;</strong></span> 
     </span>
    </p>
   </div>
   <div class='ocr_carea' id='block_1_107' title="bbox 394 5553 2035 5631">
    <p class='ocr_par' dir='ltr' id='par_1_107' title="bbox 394 5553 2035 5631">
     <span class='ocr_line' id='line_1_107' title="bbox 394 5553 2035 5631; baseline -0.001 -15"><span class='ocrx_word' id='word_1_669' title='bbox 394 5553 716 5616; x_wconf 77' lang='lat' dir='ltr'><strong>Ludovicus</strong></span> <span class='ocrx_word' id='word_1_670' title='bbox 744 5559 899 5614; x_wconf 89' lang='lat' dir='ltr'><strong>enim</strong></span> <span class='ocrx_word' id='word_1_671' title='bbox 933 5557 1188 5631; x_wconf 91' lang='lat' dir='ltr'><strong>primum</strong></span> <span class='ocrx_word' id='word_1_672' title='bbox 1218 5559 1325 5612; x_wconf 87' lang='lat'><strong>890</strong></span> <span class='ocrx_word' id='word_1_673' title='bbox 1357 5573 1457 5612; x_wconf 90' lang='lat' dir='ltr'><strong>rex</strong></span> <span class='ocrx_word' id='word_1_674' title='bbox 1484 5553 1840 5613; x_wconf 82' lang='lat' dir='ltr'><strong>Arelatensis</strong></span> <span class='ocrx_word' id='word_1_675' title='bbox 1870 5553 2035 5616; x_wconf 53' lang='lat' dir='ltr'><strong>crea-&#39;</strong></span> 
     </span>
    </p>
   </div>
   <div class='ocr_carea' id='block_1_108' title="bbox 396 5635 2038 5776">
    <p class='ocr_par' dir='ltr' id='par_1_108' title="bbox 396 5635 2038 5776">
     <span class='ocr_line' id='line_1_108' title="bbox 396 5635 2038 5776; baseline -0.001 -18"><span class='ocrx_word' id='word_1_676' title='bbox 396 5635 944 5776; x_wconf 33' lang='lat' dir='ltr'><strong>luagglnnnnlista</strong></span> <span class='ocrx_word' id='word_1_677' title='bbox 975 5697 1284 5776; x_wconf 61' lang='lat' dir='ltr'><strong>Euldensis</strong></span> <span class='ocrx_word' id='word_1_678' title='bbox 1316 5695 1751 5776; x_wconf 75' lang='lat' dir='ltr'><strong>fluvium_Cly_l_a</strong></span> <span class='ocrx_word' id='word_1_679' title='bbox 1781 5697 2038 5776; x_wconf 77' lang='lat' dir='ltr'><strong>appellat</strong></span> 
     </span>
    </p>
   </div>
   <div class='ocr_carea' id='block_1_109' title="bbox 395 5766 2034 5854">
    <p class='ocr_par' dir='ltr' id='par_1_109' title="bbox 395 5766 2034 5854">
     <span class='ocr_line' id='line_1_109' title="bbox 395 5766 2034 5854; baseline -0.007 -15"><span class='ocrx_word' id='word_1_680' title='bbox 395 5766 613 5844; x_wconf 76' lang='lat' dir='ltr'><strong>in‘locé</strong></span> <span class='ocrx_word' id='word_1_681' title='bbox 634 5773 735 5854; x_wconf 88' lang='lat' dir='ltr'><strong>qui</strong></span> <span class='ocrx_word' id='word_1_682' title='bbox 764 5770 1108 5834; x_wconf 81' lang='lat' dir='ltr'><strong>Lovonnium</strong></span> <span class='ocrx_word' id='word_1_683' title='bbox 1151 5766 1392 5848; x_wconf 72' lang='lat' dir='ltr'><strong>dicitur;</strong></span> <span class='ocrx_word' id='word_1_684' title='bbox 1441 5767 1599 5848; x_wconf 87' lang='lat' dir='ltr'><strong>quod</strong></span> <span class='ocrx_word' id='word_1_685' title='bbox 1649 5766 1746 5828; x_wconf 77' lang='lat' dir='ltr'><strong>alii</strong></span> <span class='ocrx_word' id='word_1_686' title='bbox 1795 5766 2034 5852; x_wconf 72' lang='lat' dir='ltr'><strong>quidem</strong></span> 
     </span>
    </p>
   </div>
   <div class='ocr_carea' id='block_1_110' title="bbox 2143 5483 3805 5547">
    <p class='ocr_par' dir='ltr' id='par_1_110' title="bbox 2143 5483 3805 5547">
     <span class='ocr_line' id='line_1_110' title="bbox 2143 5483 3805 5547; baseline 0.001 -3"><span class='ocrx_word' id='word_1_687' title='bbox 2143 5489 2300 5546; x_wconf 88' lang='lat' dir='ltr'><strong>varie</strong></span> <span class='ocrx_word' id='word_1_688' title='bbox 2324 5487 2817 5547; x_wconf 88' lang='lat' dir='ltr'><strong>interpretantur:</strong></span> <span class='ocrx_word' id='word_1_689' title='bbox 2841 5483 3230 5540; x_wconf 82' lang='lat' dir='ltr'><strong>verosimilius</strong></span> <span class='ocrx_word' id='word_1_690' title='bbox 3253 5489 3451 5542; x_wconf 88' lang='lat' dir='ltr'><strong>autem</strong></span> <span class='ocrx_word' id='word_1_691' title='bbox 3474 5492 3571 5544; x_wconf 88' lang='lat' dir='ltr'><strong>est</strong></span> <span class='ocrx_word' id='word_1_692' title='bbox 3589 5489 3805 5547; x_wconf 83' lang='lat' dir='ltr'><strong>ﬂuvius</strong></span> 
     </span>
    </p>
   </div>
   <div class='ocr_carea' id='block_1_111' title="bbox 2143 5503 3805 5637">
    <p class='ocr_par' dir='ltr' id='par_1_111' title="bbox 2143 5503 3805 5637">
     <span class='ocr_line' id='line_1_111' title="bbox 2143 5503 3805 5547; baseline 0.001 -3"><span class='ocrx_word' id='word_1_693' title='bbox 2143 5504 2300 5546; x_wconf 79' lang='lat' dir='ltr'><strong>varie</strong></span> <span class='ocrx_word' id='word_1_694' title='bbox 2324 5503 2475 5542; x_wconf 82' lang='lat' dir='ltr'><strong>mter</strong></span> <span class='ocrx_word' id='word_1_695' title='bbox 2519 5503 2783 5541; x_wconf 78' lang='lat' dir='ltr'><strong>reranrur</strong></span> <span class='ocrx_word' id='word_1_696' title='bbox 2804 5503 2817 5537; x_wconf 91' lang='lat'><strong>:</strong></span> <span class='ocrx_word' id='word_1_697' title='bbox 2841 5503 3230 5540; x_wconf 76' lang='lat' dir='ltr'><strong>verosmnuus</strong></span> <span class='ocrx_word' id='word_1_698' title='bbox 3253 5503 3451 5542; x_wconf 78' lang='lat' dir='ltr'><strong>autem</strong></span> <span class='ocrx_word' id='word_1_699' title='bbox 3474 5503 3571 5544; x_wconf 84' lang='lat' dir='ltr'><strong>est</strong></span> <span class='ocrx_word' id='word_1_700' title='bbox 3589 5503 3805 5547; x_wconf 82' lang='lat' dir='ltr'><strong>uuvms</strong></span> 
     </span>
     <span class='ocr_line' id='line_1_112' title="bbox 2143 5503 3805 5637; baseline 0.001 -23"><span class='ocrx_word' id='word_1_701' title='bbox 2143 5560 2280 5637; x_wconf 84' lang='lat' dir='ltr'><strong>_Dyla</strong></span> <span class='ocrx_word' id='word_1_702' title='bbox 2304 5575 2418 5637; x_wconf 69' lang='lat' dir='ltr'><strong>seu</strong></span> <span class='ocrx_word' id='word_1_703' title='bbox 2448 5503 2648 5637; x_wconf 64' lang='lat' dir='ltr'><strong>Tllglia</strong></span> <span class='ocrx_word' id='word_1_704' title='bbox 2663 5556 2729 5637; x_wconf 80' lang='lat' dir='ltr'><strong>_in</strong></span> <span class='ocrx_word' id='word_1_705' title='bbox 2754 5555 3200 5637; x_wconf 50' lang='lat' dir='ltr'><strong>Brabantiagui</strong></span> <span class='ocrx_word' id='word_1_706' title='bbox 3223 5561 3578 5637; x_wconf 67' lang='lat' dir='ltr'><strong>Lovanniam</strong></span> <span class='ocrx_word' id='word_1_707' title='bbox 3596 5563 3805 5637; x_wconf 78' lang='lat' dir='ltr'><strong>urbem</strong></span> 
     </span>
    </p>
   </div>
   <div class='ocr_carea' id='block_1_112' title="bbox 2143 5627 3802 5694">
    <p class='ocr_par' dir='ltr' id='par_1_112' title="bbox 2143 5627 3802 5694">
     <span class='ocr_line' id='line_1_113' title="bbox 2143 5627 3802 5694; baseline 0 -6"><span class='ocrx_word' id='word_1_708' title='bbox 2143 5627 2446 5694; x_wconf 78' lang='lat' dir='ltr'><strong>interfluit,</strong></span> <span class='ocrx_word' id='word_1_709' title='bbox 2481 5627 2566 5683; x_wconf 89' lang='lat' dir='ltr'><strong>uti</strong></span> <span class='ocrx_word' id='word_1_710' title='bbox 2599 5627 2776 5682; x_wconf 85' lang='lat' dir='ltr'><strong>etiam</strong></span> <span class='ocrx_word' id='word_1_711' title='bbox 2815 5632 3058 5681; x_wconf 79' lang='lat' dir='ltr'><strong>vocatur</strong></span> <span class='ocrx_word' id='word_1_712' title='bbox 3085 5627 3143 5682; x_wconf 89' lang='lat' dir='ltr'><strong>in</strong></span> <span class='ocrx_word' id='word_1_713' title='bbox 3171 5627 3387 5684; x_wconf 84' lang='lat' dir='ltr'><strong>Annal.</strong></span> <span class='ocrx_word' id='word_1_714' title='bbox 3412 5632 3802 5692; x_wconf 78' lang='lat' dir='ltr'><strong>Metensibus.</strong></span> 
     </span>
    </p>
   </div>
   <div class='ocr_carea' id='block_1_113' title="bbox 2240 5697 3414 5774">
    <p class='ocr_par' dir='ltr' id='par_1_113' title="bbox 2240 5697 3414 5774">
     <span class='ocr_line' id='line_1_114' title="bbox 2240 5697 3414 5774; baseline 0.002 -17"><span class='ocrx_word' id='word_1_715' title='bbox 2240 5703 2360 5774; x_wconf 79' lang='grc'>400)</span> <span class='ocrx_word' id='word_1_716' title='bbox 2385 5701 2505 5774; x_wconf 80' lang='lat' dir='ltr'><strong>Hoc</strong></span> <span class='ocrx_word' id='word_1_717' title='bbox 2531 5699 2607 5774; x_wconf 74' lang='lat' dir='ltr'><strong>ad</strong></span> <span class='ocrx_word' id='word_1_718' title='bbox 2630 5713 2857 5774; x_wconf 72' lang='lat' dir='ltr'><strong>annum</strong></span> <span class='ocrx_word' id='word_1_719' title='bbox 2885 5697 3136 5774; x_wconf 67' lang='lat' dir='ltr'><strong>priorem</strong></span> <span class='ocrx_word' id='word_1_720' title='bbox 3168 5703 3414 5774; x_wconf 82' lang='lat' dir='ltr'><strong>spectat.</strong></span> 
     </span>
    </p>
   </div>
   <div class='ocr_carea' id='block_1_114' title="bbox 2237 5767 3206 5836">
    <p class='ocr_par' dir='ltr' id='par_1_114' title="bbox 2237 5767 3206 5836">
     <span class='ocr_line' id='line_1_115' title="bbox 2237 5767 3206 5836; baseline -0.005 -2"><span class='ocrx_word' id='word_1_721' title='bbox 2237 5767 2362 5836; x_wconf 72' lang='grc' dir='ltr'>ΗΟ)</span> <span class='ocrx_word' id='word_1_722' title='bbox 2393 5770 2542 5830; x_wconf 78' lang='lat' dir='ltr'><strong>Aliis</strong></span> <span class='ocrx_word' id='word_1_723' title='bbox 2571 5768 2695 5830; x_wconf 86' lang='lat' dir='ltr'><strong>Oda</strong></span> <span class='ocrx_word' id='word_1_724' title='bbox 2725 5767 2941 5830; x_wconf 79' lang='lat' dir='ltr'><strong>dicitur</strong></span> <span class='ocrx_word' id='word_1_725' title='bbox 2963 5767 3050 5829; x_wconf 82' lang='lat' dir='ltr'><strong>vel</strong></span> <span class='ocrx_word' id='word_1_726' title='bbox 3078 5767 3206 5836; x_wconf 74' lang='lat' dir='ltr'><strong>Uta.</strong></span> 
     </span>
    </p>
   </div>
  </div>
