3894 6344
145 444 252 511 205

1334 439 1806 512 CHRONICON.
1852 477 1931 492 —-
1974 440 2164 510 S/EC.
2209 442 2311 511 IX.

3396 440 3515 513 206

1494 604 1724 663 CODEX
1762 603 2157 662 AUGIENSIS.

141 715 296 782 Quod
327 712 425 769 ille
457 727 726 769 annuens
754 714 976 785 legatos
1004 714 1345 769 muneribus
1384 715 1630 770 donatos
1674 731 1767 769 re-
1798 713 1853 780 Α
1887 713 2090 768 mitem
2122 713 2407 769 decollare
2445 714 2650 784 jussit.
2681 715 2880 770 Annal.
2908 715 3075 771 Fuld.
3109 745 3175 755 -—
3209 715 3519 771 Formosus

141 800 536 861 mittit.Hiems
557 806 793 868 sava,et
814 801 1047 858 diutina
1066 802 1174 857 hoc
1198 820 1347 857 anno
1372 803 1540 858 facta.
1564 804 1765 858 Annal.

200 981 301 1038 894
326 979 677 1036 Tonitruum
710 995 992 1051 magnum
1041 997 1073 1033 ν
1124 979 1246 1035 Kal.
1302 980 1466 1035 Febr.
1529 980 1766 1035 factum.

140 1069 332 1127 Annal.
365 1068 601 1124 Fuld.—
634 1069 883 1125 Widone
916 1068 1091 1124 Italian
1124 1074 1366 1141 tyranno
1400 1072 1774 1133 mortuo,An-

134 1158 400 1233 gildruda
429 1157 885 1230 [al.,Agiltruda]
918 1157 1093 1213 vidua
1122 1159 1249 1227 ejus
1281 1174 1413 1212 cum
1447 1156 1562 1211 ﬁlio
1598 1158 1771 1212 Lant-

132 1250 291 1321 perto
324 1246 700 1319 tyrannidem
732 1246 963 1302 invasit.
992 1248 1208 1316 Regina.
1241 1246 1564 1317 Luitprand.
1602 1245 1766 1315 (411).

200 1334 305 1391 895
331 1334 607 1390 Arnolfus
640 1351 735 1390 rex
765 1334 1164 1405 Hildigardam
1198 1334 1467 1389 Ludovici
1499 1335 1650 1405 regis
1671 1350 1769 1405 pa-

132 1423 242 1481 trui
274 1422 368 1478 sui
400 1422 606 1490 ﬁliam,
641 1424 811 1493 cujus
864 1423 1115 1478 maxime
1165 1422 1485 1488 molimine,
1547 1423 1769 1492 dejecto

130 1509 347 1576 Carolo,
383 1528 483 1566 rex
512 1511 701 1567 factus
726 1511 934 1578 fuerat,
995 1511 1194 1566 exsilio
1253 1512 1510 1566 damnat.
1570 1511 1767 1565 Annal.

125 1600 245 1656 Hel.
275 1616 372 1654 an.
404 1600 849 1671 praec.Synodus
883 1617 1097 1673 magna
1119 1601 1271 1670 apud
1298 1600 1629 1667 Triburiam
1653 1600 1769 1655 col-

125 1689 285 1746 lecta.
325 1689 511 1758 Cana,
545 1688 745 1755 Germ,
770 1693 911 1744 tom.
948 1690 1016 1756 II,
1050 1706 1106 1761 p.
1157 1691 1281 1743 388.
1342 1688 1614 1744 Arnolfus
1673 1706 1771 1744 rex

126 1794 254 1834 cum
286 1777 659 1845 0done,tunc
691 1776 1012 1833 Galliarum
1046 1778 1277 1847 rege,ad
1310 1778 1648 1832 seveniente
1672 1794 1769 1849 pa-

124 1883 246 1923 cem
286 1865 512 1934 firmat,
568 1864 855 1936 Caeloque
912 1864 1029 1920 ﬁlio
1087 1866 1237 1936 regis
1284 1865 1555 1920 Ludovici
1609 1864 1770 1919 Balbi

124 1972 236 2011 non
272 1956 421 2011 l‘l‘l
470 1953 655 2010 multo
687 1959 820 2026 post
867 1954 1192 2009 advenienti
1240 1959 1296 2008 et
1344 1971 1589 2009 munera
1635 1956 1771 2008 offe-

122 2043 267 2100 renti
299 2042 590 2099 auxilium
622 2044 886 2137 denegat.
920 2043 1048 2113 Ipse
1078 2044 1251 2097 etiam
1300 2042 1767 2110 Zuentibaldum,
1802 2073 1851 2137 Β

124 2150 187 2189 ex
219 2131 553 2189 concubina
593 2130 780 2186 ﬁlium
816 2148 1011 2198 suum,
1046 2148 1239 2202 regem
1288 2147 1464 2202 super
1519 2131 1771 2186 Lotharii

122 2237 371 2295 regnum
406 2220 550 2292 ungi
583 2220 750 2275 fecit:
785 2220 1041 2291 itemque
1074 2236 1175 2291 per
1224 2219 1499 2290 epistolas
1558 2238 1591 2273 a
1642 2221 1771 2274 lior-

121 2327 284 2366 moso
315 2326 475 2381 papa
505 2313 740 2379 regatus
768 2308 994 2364 Italiam
1027 2313 1310 2363 autumno
1360 2309 1522 2380 petit,
1574 2308 1774 2362 Perin-

116 2399 477 2471 gariumque
509 2397 882 2469 perterritum
916 2397 988 2451 ad
1045 2396 1396 2451 deditionem
1446 2398 1773 2451 venientem

116 2503 494 2559 regnumque
526 2502 834 2558 pervasum
867 2484 1041 2540 Italia:
1076 2485 1411 2540 reddentem
1438 2485 1778 2555 suscepit,et

116 2576 448 2633 Waltfredo
495 2574 969 2646 Meginfredoque
1001 2574 1226 2628 comitit
1244 2591 1312 2627 us
1328 2573 1552 2627 Italiam
1575 2575 1656 2627 eis
1678 2574 1777 2627 Pa-

115 2666 257 2720 dum
292 2663 626 2730 distribuit,
660 2668 717 2719 et
746 2662 942 2717 omnia
970 2662 1273 2726 vastando,
1331 2661 1653 2732 divisisque
1704 2662 1776 2716 ad

116 2769 406 2826 superum
441 2752 816 2824 inferumque
850 2768 1009 2807 mare
1050 2750 1230 2821 copiis
1278 2751 1590 2817 transiens,
1653 2751 1778 2822 ipse

117 2842 389 2899 Natalem
417 2840 655 2897 Domini
687 2840 836 2896 lunae
863 2838 1775 2910 [forte,Lucze]celebravit.Annal.

116 2933 235 2990 let.
264 2930 436 2987 Fuld.

186 3020 296 3076 896
328 3020 556 3092 Magna
587 3017 914 3089 pluviarum
964 3017 1343 3073 inundatione
1366 3018 1615 3073 exercitu
1650 3019 1781 3073 fati-

121 3113 276 3182 gato,
312 3114 376 3166 et
409 3106 692 3180 plurimis
743 3107 909 3177 equis
940 3106 1073 3161 inde
1118 3106 1376 3173 amissis,
1436 3107 1781 3178 Perengario

119 3200 296 3255 etiam
331 3215 369 3253 a
396 3195 688 3253 ﬁdelitate
719 3196 846 3265 ejus
879 3196 1268 3260 deﬁciente,et
1299 3196 1369 3250 ad
1402 3195 1779 3266 Lantpertum

120 3304 178 3344 se
208 3280 591 3349 conferente,
620 3282 893 3339 Arnolfus
917 3300 1012 3338 rex
1041 3284 1276 3338 tandem
1311 3287 1552 3338 Romam
1600 3285 1778 3353 venit,

118 3392 398 3449 eamque,
428 3371 805 3446 Angildruda
834 3373 1101 3427 Widonis
1120 3372 1296 3427 vidua
1311 3388 1444 3427 cum
1466 3372 1583 3428 ﬁlio
1608 3374 1780 3428 Lant-

1880 818 2030 873 papa
2061 802 2153 856 die
2186 801 2417 857 Pascha:
2447 802 2610 868 obiit,
2643 819 2746 874 pro
2778 819 2892 875 quo
2933 806 3135 859 sextus
3190 802 3519 860 Bonifacius

1881 906 2030 960 papa
2059 889 2219 945 CXIV
2256 891 2557 946 ordinatus
2605 891 2834 947 decima
2876 891 3085 962 quinta
3142 890 3235 947 die
3263 891 3522 964 podagra

1881 977 2189 1033 defunctus
2207 982 2296 1034 est
2311 978 2424 1034 :cui
2446 983 2643 1035 sextus
2656 979 3342 1052 Stephanus,Campanize
3355 979 3519 1052 prius

1881 1066 2208 1138 episcopus,
2242 1084 2389 1138 papa
2436 1068 2594 1138 CXV,
2617 1068 2973 1124 substitutus
3006 1068 3159 1125 sedit
3211 1084 3433 1125 annum
3474 1086 3515 1125 ι.

1880 1154 1986 1219 Qui
2018 1155 2280 1225 tyrannis
2308 1156 2590 1224 favens,et
2611 1157 2904 1213 Arnolt‘um
2937 1157 3516 1226 odiens,Formosum

1881 1258 2092 1314 papam
2126 1248 2323 1299 octavo
2355 1248 2483 1314 post
2512 1244 2736 1301 obitum
2781 1262 2981 1302 mense
3022 1248 3323 1315 effossum,
3348 1251 3421 1326 .et
3453 1246 3515 1302 in

1881 1328 2023 1384 sella
2055 1329 2610 1402 positum,loquente
2642 1349 2742 1403 pro
2774 1349 2838 1387 eo
2868 1332 3515 1402 diacono,criminatum

1883 1420 2034 1475 172
2067 1423 2121 1473 et
2153 1420 2318 1489 quasi
2350 1420 2676 1475 convictum
2707 1421 3063 1491 degradavit,
3094 1426 3152 1476 et
3189 1439 3290 1493 per
3343 1438 3516 1478 crura

1881 1512 2260 1578 protractum,
2294 1507 2353 1562 in
2386 1506 2642 1563 Tiberim
2666 1509 3282 1581 projicipraacepitﬁed
3303 1510 3516 1566 divinis

1881 1613 1982 1667 per
2014 1596 2219 1651 merita
2248 1596 2296 1666 ej
2308 1614 2375 1649 us
2408 1597 2708 1652 miraculis
2736 1597 2920 1653 territi
2951 1599 3102 1654 cives
3122 1600 3387 1667 Romani,
3402 1616 3519 1656 non

1881 1683 2065 1739 multo
2096 1690 2227 1757 post
2257 1685 2619 1756 Stephanum
2650 1686 2824 1758 digne
2848 1686 3174 1744 cruciatum
3204 1689 3518 1759 ejecerunt,

1882 1775 2343 1845 Formosumque
2396 1774 2454 1829 in
2512 1774 2847 1846 sepulcrum
2878 1793 3055 1832 suum
3112 1781 3520 1848 reposuerunt.

1882 1863 2081 1917 Annal.
2113 1863 2273 1918 Fuld.
2308 1863 2512 1934 Luitpr.
2557 1896 2624 1903 ——
2674 1865 2885 1920 Eodem
2931 1882 3083 1921 anno
3126 1866 3339 1922 Graecis
3385 1880 3519 1922 cum

1882 1951 2229 2023 vagantibus
2261 1951 2527 2006 hostibus
2567 1952 2879 2024 Hungariis
2910 1969 3112 2025 pacem
3143 1954 3519 2025 facientibus,

1882 2040 2117 2113 Vulgari
2158 2041 2289 2095 irati
2322 2041 2598 2096 Graaciam
2649 2041 2908 2097 invasam
2957 2042 3519 2114 Constantinopolim

1882 2144 2069 2197 usque
2101 2128 2422 2182 devastant.
2472 2127 2665 2182 Iterim
2715 2128 2911 2184 Graeca
2964 2130 3181 2186 astutia
3242 2129 3518 2203 Hungarii

1882 2216 2125 2278 inducti,
2157 2220 2370 2270 terram
2394 2215 2781 2287 Vulgarorum
2818 2218 2986 2282 ferro,
3035 2220 3229 2289 praeda
3270 2220 3521 2293 igneque

1884 2305 2287 2375 pessumdant.
2319 2304 2556 2376 Vulgari
2582 2305 2911 2372 reversi,bis
2941 2307 3012 2362 ab
3043 2307 3127 2363 eis
3158 2325 3357 2381 pugna
3383 2309 3524 2367 victi

1883 2398 1939 2447 et
1970 2394 2124 2459 czesi,
2150 2397 2312 2463 terga
2342 2397 2595 2448 vertunt.
2627 2395 2817 2449 Tertio
2849 2395 3086 2450 demum
3117 2397 3379 2453 divinam
3402 2398 3523 2454 eni-

1883 2482 2015 2537 xius
2067 2481 2313 2552 gratiam
2347 2483 2585 2553 precati,
2617 2501 2689 2537 xx
2721 2483 2959 2539 milibus
2991 2502 3234 2541 suorum
3290 2487 3526 2544 amissis

1878 2575 2208 2636 cruentam,
2243 2570 2335 2624 vix
2366 2570 2690 2643 proﬂigatis
2720 2572 3010 2633 hostibus.
3050 2591 3314 2632 meruere
3341 2576 3527 2651 victo;-

1888 2659 2057 2714 riam.
2090 2664 2276 2714 Tanta
2301 2659 2476 2713 etiam
2501 2660 2684 2715 fames
2716 2660 2823 2716 hoc
2854 2678 3006 2719 anno
3036 2663 3210 2731 facta,
3240 2667 3305 2719 ut
3351 2664 3526 2720 innu-

1889 2747 2033 2802 meri
2065 2746 2258 2802 inedia
2288 2747 2559 2819 perirent,
2605 2748 2989 2821 hominesque
3019 2750 3331 2807 Christiani
3377 2768 3524 2809 non-

1887 2835 2010 2891 nuli
2040 2853 2100 2891 se
2132 2836 2378 2891 invicem
2428 2838 2811 2893 comederent.
2853 2838 3133 2896 Arnolfus
3186 2840 3522 2912 imperator,

1887 2926 2141 2995 quodam
2169 2924 2408 2980 aediﬁcio
2439 2925 2698 2991 cadente,
2732 2942 2867 2982 cum
2898 2927 3101 2983 multis
3116 2927 3250 2986 aliis
3275 2929 3526 3002 graviter

1892 3018 2197 3069 conterens
2228 3030 2457 3086 corpus,
2490 3014 2717 3070 cecidit.
2752 3016 2930 3070 Annal
2961 3017 3122 3073 Fuld.

1959 3103 2065 3157 897
2089 3102 2299 3174 Magna
2319 3103 2501 3159 fames
2522 3103 2578 3157 in
2608 3104 2875 3175 Bajoaria
2895 3104 3114 3162 multos
3134 3109 3520 3181 consumpsit.

1888 3192 2164 3248 Boemani
2196 3196 2398 3246 contra
2428 3191 2803 3249 Marahenses
2824 3194 2896 3248 ab
2917 3192 3154 3270 Arnolfo
3178 3196 3527 3270 imperatore

1888 3281 2169 3338 auxilium
2201 3283 2426 3350 petunt.
2459 3310 2528 3320 —-
2547 3284 2738 3335 Romae
2764 3287 2896 3352 post
2925 3266 3203 3355 Stephani
3224 3266 3524 3345 interitum

1894 3374 2194 3426 Romanus
2224 3385 2376 3440 papa
2403 3368 2565 3424 CXVI
2595 3370 2745 3424 sedit
2772 3371 3075 3426 mensibus
3096 3372 3271 3445 paulo
3291 3374 3424 3447 plus
3453 3392 3530 3448 Iv,

116 3431 290 3537 pertd
342 3431 754 3531 machinante,
804 3460 1129 3516 obseratam
1162 3460 1479 3526 inveniens,
1510 3462 1784 3517 mandato
1816 3431 1858 3496 Ο
1898 3464 1953 3515 et
1987 3462 2116 3530 post
2144 3431 2668 3512 huncTheodorus
2700 3458 2993 3514 secundus
3015 3431 3164 3532 papa
3179 3431 3370 3518 CXVII
3382 3431 3533 3519 sedit

118 3551 387 3609 Formosi
406 3548 1321 3624 papazintusinclusi,celebratis
1342 3550 1495 3620 apud
1514 3554 1781 3605 sanctum
1897 3547 2022 3602 dies
2064 3564 2156 3600 xx.
2207 3545 2344 3600 Post
2390 3561 2564 3616 quem
2606 3562 2797 3600 nonus
2851 3547 3105 3603 Joannes
3134 3566 3286 3622 papa
3314 3551 3531 3607 CXVIII

116 3640 515 3699 Pancratium
548 3637 791 3705 litaniis,
824 3655 952 3693 eam
985 3641 1300 3709 oppugnat,
1343 3643 1787 3710 expugnataque
1895 3636 2199 3691 ordinatus
2232 3633 2381 3689 sedit
2410 3651 2593 3689 annos
2628 3652 2665 3688 ιι
2697 3636 2866 3703 (413).
2893 3636 3171 3693 Arnolfus
3193 3639 3531 3711 imperator,

118 3729 293 3786 citius
326 3731 516 3795 urbe,
550 3726 877 3799 ingressus,
927 3743 961 3781 a
999 3727 1213 3781 domno
1268 3743 1416 3798 papa
1473 3726 1787 3782 honoriﬁce
1894 3724 2093 3780 habito
2123 3727 2432 3788 conventu,
2464 3722 2610 3778 nulli
2643 3724 2851 3789 ﬁdens,
2883 3732 3317 3784 sacramentum
3347 3729 3536 3786 ﬁdeli-

117 3823 470 3892 susceptus,
508 3816 941 3887 imperatorque
973 3818 1282 3870 coronatus
1309 3819 1396 3870 est
1427 3816 1655 3886 (1112),et
1675 3816 1789 3870 dis-
1896 3812 2031 3869 tatis
2062 3814 2253 3868 denuo
2278 3811 2391 3866 sibi
2423 3816 2479 3866 et
2506 3811 2623 3868 ﬁlio
2655 3813 2895 3884 parvulo
2927 3815 3216 3873 Ludovico
3247 3835 3281 3873 a
3308 3819 3535 3877 cunctis

117 3908 332 3978 positis
364 3905 457 3962 ibi
494 3904 697 3975 rebus,
728 3903 1199 3976 primoribusque
1237 3908 1599 3959 sacramento
1649 3904 1787 3958 sub-
1897 3901 2091 3972 exigit.
2127 3901 2327 3956 Annal.
2360 3899 2522 3957 Fuld.
3270 3908 3281 3915 ‘

118 3997 284 4066 actis,
327 3993 780 4068 Angildrudam
834 3993 1107 4065 persequi
1174 3996 1455 4059 statuens,
1507 3990 1790 4048 inﬁrmari
1968 3991 2072 4043 898
2103 3989 2402 4045 Discordia
2432 3988 2696 4062 capitalis
2755 3989 2905 4046 inter
2940 3992 3147 4049 fratres
3203 3992 3532 4052 Zuentibal-

118 4086 327 4157 coepit;
368 4087 775 4153 metuensque
807 4082 1075 4137 morbum
1107 4081 1451 4153 graviorem,
1506 4081 1577 4136 de
1627 4080 1792 4135 Italia
1899 4079 2041 4134 dum
2072 4083 2129 4133 et
2156 4078 2518 4149 Moymarum
2578 4078 2702 4150 [al.,
2759 4078 3099 4152 Moymirus]
3159 4082 3536 4143 Marahenses

117 4174 319 4230 statim
357 4171 571 4229 redire
603 4168 965 4226 acceleravit.
991 4170 1112 4233 Quo
1136 4186 1384 4235 reverso,
1412 4169 1791 4240 Perengarius
1901 4168 2078 4223 duces
2123 4168 2293 4222 facta.
2342 4164 2685 4239 Luitpaldus
2733 4167 2879 4239 (11M)
2931 4169 3190 4228 marchio
3241 4189 3376 4229 cum
3407 4173 3538 4233 aliis

116 4277 180 4318 ac
212 4264 597 4335 Lantpertus
626 4258 811 4314 diviso
846 4258 994 4313 inter
1024 4274 1084 4313 se
1115 4273 1294 4329 regno
1338 4257 1535 4325 Italiae,
1590 4261 1791 4329 tyran-
1902 4256 2275 4312 Marahenses
2300 4255 2632 4327 imperatori
2665 4254 2909 4313 rebelles
2937 4263 3144 4316 vastat.
3162 4260 3363 4319 Annal.
3381 4262 3539 4322 Fuld.

115 4350 316 4409 nidem
349 4364 702 4416 exercuere,
737 4351 1197 4420 Lantpertusque
1226 4346 1663 4419 Megenfredum
1697 4363 1790 4403 co-

1193 4471 1662 4527 COMPENDIUM
1832 4470 2086 4526 CODICE
2130 4471 2508 4527 BERNOLDI.

180 4591 292 4649 896
326 4588 632 4657 Amat/"us
661 4603 761 4642 rex
788 4586 1006 4641 tandem
1034 4588 1257 4641 Romam
1289 4587 1453 4652 venit,
1486 4588 1537 4641 et
1575 4602 1610 4640 a
1660 4588 1797 4641 Fur-
1828 4588 1875 4651 D
1982 4584 2086 4639 898
2108 4586 2296 4641 Romae
2322 4592 2445 4656 post
2472 4584 2730 4657 Stephani
2760 4587 3045 4642 interitum
3090 4587 3363 4646 Romanus
3403 4608 3552 4665 papa

114 4693 262 4736 moso
288 4694 456 4751 papa
492 4678 806 4746 imperator
831 4677 1117 4730 coronatus
1155 4677 1250 4728 est.
1312 4678 1599 4729 Formosus
1653 4691 1798 4745 papa
1914 4673 2061 4728 CXVI
2085 4673 2223 4729 sedit
2251 4674 2531 4729 mensibus
2560 4675 2724 4744 paulo
2748 4676 2875 4746 plus
2905 4692 2978 4739 1v,
3011 4685 3063 4732 et
3109 4685 3231 4748 post
3278 4678 3422 4735 hunc
3460 4697 3551 4737 se-

112 4765 200 4824 die
234 4765 497 4825 Pascha?
556 4764 727 4825 obiit;
777 4779 877 4835 pro
933 4778 1035 4835 quo
1090 4765 1273 4817 sextus
1308 4764 1626 4834 Bonifacius
1655 4780 1799 4835 papa
1912 4760 2120 4816 candus
2182 4762 2481 4817 Theodorus
2531 4780 2678 4834 papa
2727 4764 2899 4820 CXVII
2940 4764 3080 4820 sedit
3122 4767 3236 4823 dies
3279 4784 3373 4824 xx.
3427 4770 3556 4826 Post

112 4857 263 4912 CXIV
284 4857 635 4919 ordinatus,
668 4851 888 4907 decima
916 4853 1108 4922 quinta
1137 4852 1226 4906 die
1250 4851 1494 4922 podagra
1513 4852 1799 4924 defunctus
1912 4866 2069 4922 quem
2098 4867 2277 4905 nonus
2305 4852 2538 4907 Joannes
2564 4869 2711 4923 papa
2742 4853 2940 4909 CXVIII
2966 4855 3251 4912 ordinatus
3281 4856 3416 4914 sedit
3445 4875 3556 4915 an-

110 4950 203 5001 est.
260 4945 375 5002 Cui
404 4950 618 5000 sextus
649 4940 952 5012 Stephanus
983 4957 1131 5011 papa
1163 4936 1289 4997 CXV
1311 4940 1642 4996 substitutus
1665 4940 1803 4996 sedit
1912 4955 2007 4994 nos
2036 4940 2192 4995 duos.

116 5051 328 5090 annum
356 5047 586 5096 unum,
620 5031 716 5100 qui
747 5030 1002 5101 tyrannis
1030 5029 1187 5099 favit.

1749 5128 1982 5183 NOTz’E.

1910 5224 2002 5280 die
2037 5224 2300 5292 ejusdem
2332 5224 2552 5280 mensis
2582 5224 2881 5292 obierit,ut
2910 5228 3053 5284 adeo
3072 5229 3193 5286 haec
3215 5230 3557 5290 solemnitas

1910 5297 1970 5375 in
2004 5296 2196 5375 triduo
2229 5313 2392 5375 sacro
2427 5297 2549 5351 ﬁeri
2581 5297 2908 5375 debuisset.
2936 5304 3011 5375 At
3048 5317 3183 5357 cum
3213 5302 3555 5375 Arnulphus

1911 5368 1966 5421 in
1999 5366 2318 5438 diplomate
2349 5384 2451 5438 pro
2484 5369 2745 5425 coenobio
2777 5371 3076 5427 Amiatino
3108 5378 3299 5429 Romae
3330 5366 3465 5427 da'to
3499 5390 3556 5430 ιν

1911 5437 2034 5514 [ia].
2068 5437 2253 5514 Martii
2286 5437 2958 5514 anno‘lncarnat.‘Dom.
3009 5444 3115 5499 896
3144 5442 3391 5514 (Ughell.
3420 5440 3553 5496 Ital.

182 5229 300 5301 (414
318 5222 798 5302 )Gottwicensis
822 5240 834 5279 :
868 5224 1126 5302 Arnolfus
1153 5224 1375 5302 Italiam
1397 5223 1803 5302 Burgundiam-

113 5296 210 5372 que
224 5296 331 5358 suo
364 5313 560 5372 regno
588 5296 1010 5372 subjecitmuod
1044 5297 1257 5372 pariter
1281 5296 1801 5372 referuntAnnales

116 5365 455 5429 Metenses'
484 5374 556 5424 et
610 5365 929 5422 Fuldenses
972 5385 1006 5422 a
1045 5365 1369 5437 Bouquetio
1414 5367 1706 5432 restituti;
1741 5368 1798 5421 in

112 5444 281 5501 editis
311 5443 492 5500 enim
534 5437 640 5494 hic
670 5438 1199 5510 integrumpfolium
1251 5438 1431 5499 deest,
1477 5454 1544 5491 ex
1588 5454 1799 5510 maneo

114 5514 407 5571 nimirum
436 5507 858 5581 codice,quali
890 5514 946 5564 et
975 5508 1343 5583 Hermannus
1376 5507 1797 5583 ususvidetur,
1909 5509 2064 5583 Sac.,
2100 5514 2139 5563 t.
2174 5510 2333 5579 III,p.
2360 5510 2486 5583 6M)
2518 5528 2579 5565 se
2603 5512 2728 5581 jam
2764 5507 3172 5583 imperatorem
3215 5507 3551 5583 Augustum

112 5588 210 5657 qui
243 5587 322 5641 ad
360 5586 543 5641 hunc
570 5578 800 5657 annum
834 5584 963 5657 tam
989 5597 1173 5651 pauca
1204 5580 1397 5657 habet,
1430 5584 1485 5633 et
1513 5578 1799 5651 Arnulphi
1909 5578 2331 5657 nomin_et_,_ante
2353 5578 2509 5657 diem
2538 5578 2620 5637 27'
2640 5583 2804 5637 Febr.
2840 5578 3099 5638 coronari
3121 5585 3245 5652 jam
3274 5578 3507 5657 debuit.

112 5650 174 5714 ex
218 5657 581 5715 editionem
614 5650 875 5706 Italicam
909 5650 1079 5723 plane
1110 5651 1382 5723 praeterit.
1704 5650 1716 5651 “
2002 5652 2105 5706 413
2162 5652 2287 5707 Ηωο
2318 5651 2529 5724 partim
2562 5669 2784 5709 annum
2819 5669 2880 5709 se
2928 5650 3155 5708 uentem
3186 5652 3472 5720 spectant.

134 5764 139 5769 ι
177 5676 336 5797 ΐ442)
373 5728 448 5787 Id
487 5721 751 5797 quidam
782 5738 983 5797 mense
1012 5722 1195 5796 Aprili
1251 5722 1467 5797 factum
1515 5720 1798 5788 scribunt,
1978 5652 2124 5797 imi
2157 5722 2405 5781 Austriaa
2436 5722 2715 5783 nimirum
2748 5671 3003 5781 ωατᾶἱο
3030 5716 3387 5797 Luitpaldus.

134 5764 139 5769 ι
177 5716 355 5803 (412)-
373 5728 448 5787 Id
487 5721 751 5803 quidam
782 5716 983 5803 mense
1012 5716 1195 5796 Aprili
1251 5722 1467 5803 factum
1515 5720 1798 5803 scribunt,
1978 5716 2124 5797 (ΑΜ)
2157 5716 2405 5781 Austris:
2436 5722 2715 5783 nimirum
2748 5716 3003 5781 marchio
3030 5716 3387 5799 Luitpaldus.

112 5791 269 5887 quod
299 5791 406 5865 vix
427 5791 898 5871 crédibilepuzp
929 5791 1242 5856 Formosus
1271 5809 1421 5872 papa
1442 5792 1568 5869 jam
1591 5796 1802 5875 quarta
