3894 6360
1356 448 1829 516 CHRONICON.
1860 483 1938 504 -ο-
1969 446 2161 514 S.EC.
2195 446 2304 515 ΧῘ.

3403 458 3525 523 230

1471 612 1702 670 CODEX
1742 612 2143 670 AUGIENSIS.

142 733 278 807 ipsis
296 730 492 786 invitis
522 728 1024 803 praeposuit.Unde
1044 727 1342 784 nonnullis
1363 728 1590 800 exipsis
1606 746 1775 801 spon-
1803 731 1858 797 Α
1889 732 2199 800 susceptus
2237 730 2445 784 fratres
2493 729 2790 801 dispersos
2843 731 2997 787 198
3057 731 3359 806 recolligit,
3414 739 3471 790 et,
3500 753 3535 791 α

142 827 192 877 te
220 820 404 876 locum
452 818 619 874 illum
669 818 1160 890 relinquentibus,
1211 817 1563 888 quibusdam
1604 816 1780 872 etiam

140 909 204 965 ab
231 925 293 963 eo
316 906 589 978 jejuniis,
625 908 768 964 197
805 906 1145 962 verberibus
1176 904 1495 976 exsilioque
1534 906 1783 976 graviter

150 995 389 1063 afﬂictis,
413 995 607 1051 nobile
639 996 1061 1052 monasterium
1090 994 1151 1049 in
1184 994 1415 1065 magnis
1447 993 1592 1048 viris
1615 993 1782 1049 libris

151 1090 202 1144 et
227 1084 478 1143 ecclesias
525 1084 822 1141 thesauris
871 1100 1063 1157 grave,
1114 1083 1364 1155 peccatis
1394 1083 1782 1155 exigentibus.

144 1174 365 1247 pertulit
392 1171 837 1239 detrimentum,
870 1172 1042 1229 sicuti
1060 1172 1439 1244 Ruodpertus
1460 1171 1782 1228 monachus

142 1262 338 1319 nobilis
366 1267 422 1318 et
453 1262 620 1318 docte
648 1263 890 1326 facetus,
927 1260 1131 1316 matris
1167 1277 1307 1315 meae
1348 1265 1594 1332 patruus
1636 1248 1781 1327 (524)

144 1367 319 1425 prosa,
353 1349 646 1422 rhythmo,
682 1355 991 1421 metroque
1010 1348 1278 1404 ﬂebiliter
1298 1347 1594 1420 deplangit
1612 1349 1780 1419 (522).

145 1438 323 1496 Roma:
351 1438 609 1494 Joannes
638 1438 808 1508 XVII,
842 1437 942 1510 qui
981 1442 1037 1493 et
1086 1438 1365 1497 Fasanus,
1416 1453 1569 1508 papa
1596 1436 1783 1491 CXLV

150 1527 438 1584 ordinatur
462 1527 630 1599 (523).

209 1618 338 1670 1007
369 1614 653 1671 Henricus
684 1632 780 1670 rex
812 1631 1045 1670 summo
1095 1613 1288 1669 studio
1337 1613 1491 1684 apud
1524 1618 1783 1667 castrum

146 1721 305 1761 suum
336 1704 676 1776 Babenberg
706 1702 960 1759 nobilem
1007 1706 1064 1756 et
1111 1702 1345 1756 divitem
1380 1700 1783 1773 episcopatum

152 1792 479 1856 construxit,
513 1793 857 1865 primusque
890 1791 967 1846 ibi
1002 1790 1111 1845 hoc
1142 1807 1295 1845 anno
1328 1790 1637 1861 episcopus
1661 1806 1786 1861 pro-

158 1885 341 1937 motus
366 1885 455 1937 est
482 1879 874 1936 Eberhardus.

206 1969 337 2025 4008
370 1968 614 2024 Luitoll‘o
645 1968 767 2025 viro
801 1968 970 2023 docto
1000 1966 1329 2022 Trevirensi
1352 1965 1785 2036 archiepiscopo

152 2057 434 2123 defuncto,
457 2055 884 2129 Megingaudus
908 2073 1010 2128 pro
1023 2072 1087 2111 eo
1111 2055 1582 2126 archiepiscopus
1600 2070 1634 2108 a
1654 2069 1785 2125 rege

145 2149 541 2217 promovetur;
576 2146 675 2201 sed
709 2144 997 2200 Adalbero
1047 2143 1313 2210 clericus,
1360 2144 1568 2214 regina:
1598 2142 1784 2196 Cunc-

145 2234 342 2306 gundis
371 2235 521 2307 (524)
550 2249 886 2305 germanus,
916 2232 1271 2304 quibusdam
1324 2230 1675 2296 faventibus,
1711 2230 1780 2283 ad

145 2321 673 2394 archipresulatum
708 2321 875 2393 quasi
900 2337 966 2375 ex
995 2320 1151 2391 regio
1178 2319 1471 2391 promisso
1493 2317 1605 2373 sibi
1628 2317 1784 2373 debi-

145 2413 257 2465 tum
289 2411 554 2479 adnisus,
585 2409 921 2465 Trevirense
970 2407 1249 2480 palatium
1297 2407 1581 2479 prmsidiis
1612 2422 1778 2462 occu-

148 2502 256 2570 pat,
284 2503 339 2555 et
368 2516 503 2555 cum
537 2498 817 2554 fratribus
847 2498 971 2553 suis
993 2495 1345 2552 Theoderico
1368 2495 1611 2550 Metensi
1635 2494 1783 2567 epis-

145 2601 275 2659 copo
302 2590 359 2643 et
386 2585 637 2642 Henrico
667 2586 817 2657 (525)
852 2584 1125 2655 Bajoarim
1158 2585 1325 2650 duce,
1376 2583 1782 2654 Fridericoque

143 2674 337 2731 comite
367 2676 538 2747 (5‘26),
573 2674 869 2730 adnitente
899 2672 1074 2729 etiam
1106 2689 1238 2727 cum
1272 2670 1401 2727 aliis
1423 2671 1625 2726 multis
1647 2671 1781 2725 Ger-

144 2761 313 2819 hardo
342 2764 481 2819 item
512 2763 723 2819 comite
753 2763 920 2834 (527),
954 2766 1157 2817 contra
1197 2777 1387 2833 regem
1439 2758 1776 2825 rebellavit;

145 2852 233 2923 qui
262 2857 455 2909 tamen
486 2869 693 2908 omnes
723 2868 758 2907 a
786 2867 917 2922 rege
950 2855 1080 2922 post
1108 2850 1333 2922 aliquot
1352 2848 1631 2921 temporis
1652 2865 1777 2919 spa-

148 2940 283 2995 tium
313 2940 544 2997 subacti
566 2944 723 3002 sunt.
748 2944 804 2995 et
818 2939 1103 2994 Henricus
1126 2939 1249 3010 ipse
1266 2937 1542 3008 Bajoaria:
1563 2938 1777 2991 ducatu

142 3028 401 3099 privatur.
433 3031 601 3086 Ditm.
636 3061 702 3070 —
735 3029 866 3100 Ipso
897 3043 1049 3084 anno
1081 3027 1363 3082 Henricus
1394 3042 1512 3091 rex,
1546 3025 1779 3097 cognita

143 3118 361 3174 tandem
376 3123 511 3191 post
523 3118 672 3174 duos
687 3133 873 3173 annos
889 3116 1166 3171 Immonis
1182 3114 1544 3181 crudelitate,
1559 3117 1777 3169 remoto

145 3221 222 3271 eo,
244 3208 571 3263 Bernadum
600 3206 788 3262 virum
813 3206 1051 3261 doctum
1073 3208 1130 3259 et
1157 3203 1341 3276 pium,
1376 3201 1776 3258 Prumiensem

143 3294 713 3368 monachum,A’ugize
728 3292 1030 3350 constituit
1044 3293 1312 3348 abbatem
1333 3310 1346 3360 ;
1368 3290 1468 3363 qui
1483 3294 1779 3363 gratanter

1896 822 2205 889 Lantperto
2236 816 2665 873 Conslantiensi
2714 818 2986 890 episcopo
3038 820 3222 875 abbas
3269 822 3394 892 ejus
3424 822 3534 879 loci

1890 905 2058 960 XXIX
2088 910 2481 970 consecratus,
2516 922 2729 983 magna
2759 905 3010 979 insignis
3038 908 3284 965 scientia
3330 916 3387 966 et
3416 911 3537 984 pie-

1890 999 2008 1049 tate
2038 994 2268 1066 praefuit
2297 993 2465 1049 annis
2496 1011 2584 1048 XL.

1962 1082 2097 1137 4009
2144 1081 2510 1137 Wolferadus
2558 1098 2751 1138 comes
2802 1083 3123 1140 Hiltrudem
3164 1086 3450 1160 Piligrini,
3482 1092 3540 1144 et

1892 1171 2220 1225 Berhtradaa
2281 1169 2461 1225 ﬁliam
2524 1171 2666 1242 (528)
2725 1189 2960 1228 uxorem
3030 1174 3217 1240 duxit,
3294 1193 3362 1232 ex
3419 1194 3539 1250 qua

1891 1264 2113 1330 postea,
2147 1276 2241 1314 me
2267 1259 2619 1314 Herimanno
2650 1266 3053 1327 annumerato,
3077 1280 3150 1318 xv
3187 1262 3365 1320 libros
3397 1282 3535 1338 pro-

1892 1346 2124 1403 creavit.
3098 1360 3111 1365 ε

1968 1435 2105 1490 1040
2162 1435 2369 1489 Senior
2426 1434 2788 1491 Wolteradus
2844 1453 3058 1509 comes,
3085 1445 3362 1511 paternus
3390 1459 3536 1499 avus

1893 1541 2081 1589 meus,
2116 1522 2373 1577 clemens
2402 1522 2711 1595 etjustitize
2728 1529 2917 1592 tenax,
2944 1526 3097 1581 inter
3118 1545 3370 1601 suosque
3390 1548 3534 1603 pra:-

1893 1612 2106 1678 clarus,
2139 1629 2193 1665 1v
2224 1615 2371 1676 Non,
2407 1611 2596 1666 Martii
2620 1613 2746 1683 jam
2780 1630 2954 1669 senex
2986 1616 3235 1672 moritur
3258 1620 3429 1692 (529).

1967 1700 2092 1754 1044
2120 1699 2448 1772 Willigisus
2461 1701 2878 1772 Moguntiensis
2889 1702 3362 1778 archiepiscopus
3376 1708 3538 1776 obiit,

1894 1789 2061 1859 eique
2094 1787 2529 1843 Erchenbaldus
2560 1792 2863 1845 successit.
2895 1822 2964 1831 —
2992 1792 3386 1852 Theodoricus
3424 1798 3542 1852 dux

1894 1878 2075 1949 partis
2107 1877 2252 1947 (530)
2283 1875 2761 1947 Lotharingorum
2787 1879 2897 1934 sub
2920 1879 3046 1952 ipsa
3066 1897 3214 1953 pene
3230 1886 3539 1955 praesentia

1893 1966 2045 2037 regis
2076 1983 2109 2020 a
2128 1965 2369 2020 Henrico
2387 1965 2658 2036 Bajoariaa
2676 1967 2897 2022 dudum
2917 1968 3082 2036 duce,
3106 1973 3165 2025 et
3181 1972 3534 2042 quibusdam

1894 2053 2261 2124 Lotharingis
2309 2057 2513 2124 captus
2561 2058 2618 2109 et
2659 2054 2947 2110 abductus
2990 2060 3114 2126 est;
3176 2075 3290 2131 quo
3338 2065 3533 2119 tamen

1893 2145 2093 2211 postea
2118 2140 2389 2207 relaxato,
2424 2141 2705 2197 Henricus
2736 2142 2860 2214 ipse
2890 2145 3137 2216 gratiam
3170 2148 3321 2220 regis
3351 2149 3533 2205 duca-

1892 2231 2137 2299 tumque
2170 2245 2344 2283 suum
2377 2229 2610 2301 recepit.
2645 2231 2875 2285 Ditmar.

1967 2318 2102 2371 4012
2123 2317 2431 2372 Conradux
2452 2318 2569 2373 dux
2589 2318 2917 2387 Carentani,
2942 2320 3099 2377 {ilius
3122 2323 3346 2380 Ottonis
3369 2326 3537 2381 ducis

1893 2405 2184 2478 fraterque
2217 2406 2502 2462 Brunonis
2532 2407 2677 2479 (534)
2710 2408 2933 2463 dudum
2954 2426 3139 2483 papze,
3164 2412 3326 2479 obiit,
3348 2419 3404 2468 et
3425 2414 3541 2485 pri-

1891 2500 2022 2549 vato
2071 2494 2188 2549 lilio
2240 2496 2368 2565 ejus
2416 2511 2597 2566 puero
2618 2496 2901 2562 Conrado,
2932 2499 3216 2555 Adalbero
3246 2500 3394 2573 (532)
3426 2503 3537 2557 du-

1890 2586 2085 2637 catum
2120 2583 2360 2654 accepit.
2394 2584 2479 2637 Αι.
2515 2601 2605 2638 αη.
2636 2601 2723 2655 pr.
2753 2616 2821 2624 —
2880 2585 3269 2644 Herimannus
3309 2606 3540 2661 quoque

1886 2671 2094 2726 Junior
2142 2670 2259 2725 dux
2310 2671 2461 2726 199
2508 2671 2865 2729 Alemannize
2912 2676 3059 2747 (533)
3109 2676 3418 2733 defunctus
3442 2679 3541 2734 Er-

1889 2764 2132 2814 nustum
2166 2759 2382 2814 sororis
2415 2774 2533 2814 sure
2584 2760 2784 2815 Giselae
2836 2762 3111 2819 maritum
3138 2781 3534 2823 successorem

1888 2848 2129 2918 accepit.
2165 2848 2393 2901 Ditmar.

1958 2935 2097 2990 4013
2112 2936 2304 2991 Romae
2321 2936 2592 2992 defuncto
2610 2938 2809 3010 Sergio
2832 2955 3003 3012 papa.
3027 2940 3372 2998 Benedictus
3383 2943 3534 3010 VIII,

1886 3041 2038 3095 papa
2066 3023 2320 3091 CXLVII,
2350 3023 2499 3079 sedit
2528 3026 2696 3097 annis
2728 3027 2909 3083 ferme
2956 3045 3059 3083 xu.
3110 3029 3193 3084 Al.
3243 3046 3335 3086 an.
3365 3048 3534 3102 prazc.

1886 3112 2275 3168 Herimannus
2306 3129 2411 3185 ego
2441 3130 2514 3169 xv
2542 3114 2661 3170 Cal.
2693 3117 2845 3188 Aug,
2870 3121 3043 3173 natus
3065 3135 3217 3187 sum,
3246 3119 3529 3177 Henricus

1888 3218 1986 3257 rex
2017 3200 2245 3256 Italiam
2276 3216 2408 3257 cum
2441 3203 2692 3259 exercitu
2720 3205 2887 3277 petit.

1189 3458 1657 3516 COMPENDIUM
1697 3458 1785 3513 EX
1823 3458 2078 3515 CODICE
2116 3456 2490 3513 BERNOLDI.

205 3604 332 3661 1007
353 3607 686 3663 Henricus...
732 3607 1095 3678 episcopatum
1116 3621 1174 3660 in
1205 3604 1404 3659 honore
1440 3603 1499 3657 S.
1544 3602 1773 3672 Georgii
1802 3602 1845 3667 C
1882 3600 2263 3656 consobrinam
2318 3600 2538 3655 Henrici
2586 3602 2749 3670 regis,
2801 3602 3143 3673 Hedewigam
3179 3607 3420 3674 nomine,
3469 3607 3533 3664 de

146 3696 390 3765 martyris
419 3695 795 3753 construxit...
828 3693 1190 3749 Eberhardus.

211 3783 339 3839 1008
385 3785 588 3853 Augiw
634 3787 840 3839 remoto
888 3784 1129 3837 Immone
1159 3781 1351 3836 abbate
1377 3778 1612 3846 crudeli,
1640 3782 1775 3833 Ber-

147 3871 336 3928 nardus
368 3874 453 3929 vir
479 3872 667 3928 doctus
686 3879 737 3927 et
750 3887 896 3944 pius,
928 3871 1266 3926 Prumiensis
1320 3868 1636 3934 monachus,
1667 3867 1778 3923 Au-

148 3959 245 4029 giaz
293 3961 457 4017 abbas
490 3962 876 4022 constituitur;
934 3962 1048 4031 qui,
1103 3962 1385 4030 gratanter
1426 3965 1780 4029 susceptus,a

154 4045 539 4106 Conslantiensi
570 4050 814 4121 episcopo
840 4048 1122 4104 Lamberto
1144 4048 1313 4102 abbas
1332 4047 1450 4118 ejus
1496 4046 1602 4101 loci
1634 4045 1782 4099 XXIX

148 4142 496 4195 consecratus:
553 4139 756 4209 pietate
818 4139 868 4193 et
912 4137 1140 4193 scientia
1193 4136 1373 4190 clarus
1422 4135 1647 4205 praefuit
1675 4150 1777 4188 an-

143 4239 221 4279 ms
245 4242 333 4282 XL.

206 4313 335 4370 1009
383 4318 482 4373 His
540 4314 873 4387 temporibus
925 4313 1070 4370 Ebbo
1121 4328 1293 4370 comes
1343 4312 1407 4368 de
1435 4312 1779 4383 Nettemburg

1882 3706 2038 3744 curia
2060 3690 2204 3758 regis
2232 3688 2391 3743 duxit
2424 3705 2650 3744 uxorem
2676 3690 2766 3761 (53
2779 3692 2845 3759 4).

1957 3778 2094 3832 1010
2132 3780 2311 3833 Romae
2364 3779 2589 3848 Sergius
2643 3782 2746 3845 IV,
2794 3796 2937 3852 papa
2987 3781 3197 3852 CXLVI,
3228 3783 3531 3841 ordinatus.

1883 3865 1971 3921 Al.
2005 3883 2101 3920 an.
2122 3881 2291 3937 prazc.

1957 3955 2086 4009 10H
2123 3954 2508 4023 Willigisus...
2540 3957 2818 4010 successit.

1959 4043 2096 4096 1012
2125 4041 2403 4097 Conradus
2432 4041 2547 4097 duo:
2588 4042 2888 4099 Carentani
2932 4048 3172 4101 moriens
3200 4046 3530 4105 Adalberonz

1884 4131 2144 4186 ducatum
2169 4130 2416 4201 reliquit.
2447 4132 2819 4187 Heremannus
2846 4133 2960 4189 dux
2990 4136 3345 4194 Alemanniae
3373 4138 3530 4209 obiit,

1883 4222 2040 4294 cuius
2069 4220 2325 4275 ducatum
2349 4219 2535 4275 Emist
2557 4223 2780 4292 accepit.

1961 4310 2094 4366 1013
2123 4313 2303 4365 Rom
2331 4308 2647 4379 defuncto...
2679 4311 2850 4379 ferme
2879 4328 2981 4367 xu.

1740 4460 1966 4518 NOT/E.

204 4590 341 4663 (5‘24)
371 4590 452 4647 De
476 4590 590 4646 hoc
626 4589 931 4663 viduintra
956 4587 1453 4663 VitaHermanni.

204 4659 583 4733 (522)Titulus
612 4660 804 4733 operis
836 4660 1119 4733 deperditi
1148 4664 1305 4715 erat:
1340 4659 1415 4714 De
1458 4661 1630 4715 ruina
1658 4675 1772 4714 mo-

142 4731 361 4788 nasterii
387 4731 679 4789 Auaiensis
708 4747 777 4787 ea:
806 4731 1074 4787 incendio.

207 4751 359 4788 siem
387 4751 470 4789 au
512 4751 679 4788 tensas
708 4751 777 4787 ex
806 4751 1074 4787 mcenaw.

207 4804 343 4875 (523)
374 4751 695 4887 Ordginatus
723 4807 812 4859 est
861 4803 934 4857 26
976 4801 1109 4882 Dec.
1162 4818 1255 4857 an.
1304 4801 1464 4872 4003,
1512 4800 1777 4872 seditque

146 4885 606 4948 angqsgquinque
638 4890 868 4948 menses
899 4889 1177 4948 quinque.

205 4942 773 5020 (524)-0unegundis,
799 4942 1029 5020 Heu—rici
1062 4942 1110 5020 I_I
1141 4942 1591 5020 uxor,_fil_ia-fuit
1616 4942 1777 5020 Sige-

143 5010 262 5099 {rid‘i
307 5010 1134 5099 comitisiyuxembur‘gensis
1181 5019 1239 5070 et
1285 5014 1597 5086 Hedwigis.
1651 5010 1773 5070 Vid.
1805 5035 1852 5099 Β

145 5083 384 5143 Bolland.
416 5094 462 5144 t.
497 5088 541 5155 Ι,
574 5088 764 5145 Martii
794 5087 886 5143 die
914 5083 969 5141 3'.

202 5158 342 5231 (525)
367 5160 656 5216 Henricus
686 5158 891 5216 Hezelo
909 5157 983 5231 ob
1002 5170 1261 5231 sororem
1281 5171 1448 5211 suam
1471 5157 1777 5227 Cunegun-

146 5225 388 5310 dem‘a'n.
424 5232 568 5286 1004
596 5232 875 5303 Bajoariae
906 5229 1120 5285 ducatu
1168 5228 1439 5309 donatus,
1490 5232 1546 5281 et
1573 5225 1776 5297 postea

142 5302 939 5450 regggllli‘sridericusyomes
970 5369 1325 5450 Mosellanus
1353 5372 1412 5424 et
1432 5367 1617 5450 patris
1637 5384 1770 5423 suc-

143 5442 341 5515 cessor,
384 5444 653 5515 ejusdem
701 5442 1078 5515 Cunegundis
1122 5457 1189 5496 ac
1240 5442 1771 5512 suprascriptorum

142 5509 321 5572 frater.
354 5533 452 5572 an.
486 5516 624 5571 4019
656 5513 1149 5572 mortuus.Annal.
1182 5512 1347 5567 Saxo.

201 5558 340 5657 (527)
375 5587 483 5643 Hic
508 5554 750 5643 videtur
757 5602 886 5643 esse
913 5584 1204 5657 Gerardus
1223 5598 1418 5639 comes
1436 5581 1712 5657 Metensis
1738 5599 1773 5657 a

142 5650 477 5714 S.'Henrico
527 5675 622 5714 an.
670 5658 810 5714 4002
859 5655 1228 5712 renuntiatus
1288 5654 1532 5711 Conradi
1599 5653 1773 5711 Salici

143 5728 472 5786 avunculus.
505 5729 639 5786 Vid.
670 5746 768 5785 an.
799 5728 958 5785 4017.

203 5796 343 5883 (528)
367 5795 537 5864 Geni.
566 5800 702 5864 Vita
727 5796 1065 5861 Hermanni.

1954 4586 2103 4657 (529)
2150 4585 2254 4657 Hic
2304 4585 2426 4657 ipse
2471 4586 2699 4641 videtur
2744 4602 2871 4642 esse
2919 4587 3298 4646 Wolveradus
3336 4607 3531 4650 comes

1886 4655 2115 4727 legatus
2144 4655 2510 4727 imperatoris
2531 4657 2590 4712 in
2602 4657 2881 4714 electione
2894 4661 3248 4716 successoris
3270 4662 3326 4718 S.
3349 4662 3526 4719 Udal-

1885 4728 1989 4802 rici
2021 4745 2114 4802 an.
2148 4728 2272 4802 973,
2297 4732 2466 4798 cujus
2484 4745 2553 4802 ex
2573 4745 2768 4784 sorore
2791 4730 2978 4802 neptis
2999 4737 3122 4786 erat
3145 4732 3350 4788 Bertha
3369 4734 3530 4790 Wol-

1888 4798 2279 4880 feradiOhujus
2309 4816 2472 4865 uxor,
2506 4799 2822 4856 Hermanni
2847 4798 2991 4858 avia.
3027 4803 3154 4858 Vid.
3188 4819 3282 4858 an.
3315 4806 3441 4877 955,
3473 4811 3529 4862 et

1888 4869 2036 4923 infra
2067 4886 2127 4923 in
2158 4869 2312 4923 Vita.

1886 4886 2036 4925 mira
2067 4886 2127 4923 1n
2167 4886 2312 4925 νιιει.

1956 4941 2102 5083 (530)
2133 4940 2479 5012 Superioris.

1956 5012 2070 5082 (534
2136 5014 2189 5066 Is
2218 5011 2479 5083 erat_Gre

1954 5011 2102 5082 (534)
2136 5014 2189 5066 Is
2218 5011 2355 5082 erat,
2373 5011 2684 5081 Gregorius
2715 5012 2761 5066 V
2812 5014 2970 5070 ﬁlius
3018 5017 3242 5072 Ottonis
3274 5018 3528 5076 Francia;

1884 5081 2287 5162 Bhenanzeet
2333 5081 2879 5162 Cerinthiae‘ducis,
2925 5103 2991 5162 ac
3046 5089 3370 5162 Luitgardze
3404 5091 3533 5147 ﬁliae

1885 5154 2109 5227 Ottonis
2142 5153 2585 5227 {imperatoris},
2617 5158 2682 5209 ut
2710 5172 2890 5227 supra
2918 5159 2988 5213 ad
3022 5176 3116 5214 an.
3144 5153 3251 5215 9§7
3287 5162 3529 5218 dictum.

1954 5226 2101 5295 (532)
2142 5223 2351 5306 pomes
2395 5225 2466 5281 de
2496 5225 2739 5281 Murztal
2771 5223 2828 5283 et
2857 5228 3097 5299 Afflenz,
3127 5238 3329 5304 postea
3355 5234 3529 5290 etiam

1878 5296 1996 5352 dux
2025 5295 2231 5353 Istrum

1922 5312 1996 5352 ux
2029 5309 2231 5353 lamas;

1954 5370 2100 5440 (533)
2133 5369 2412 5423 Ernestus
2444 5369 2464 5423 Ι
2495 5367 2848 5425 Alemannis;
2879 5372 2994 5427 dux
3026 5378 3246 5440 patrem
3280 5373 3531 5429 habebat

1884 5439 2241 5510 Leopoldum
2276 5440 2530 5510 primum
2579 5441 2826 5497 Austrize
2874 5439 3289 5500 marchionem.
3323 5444 3518 5499 Annal.

1884 5457 2241 5510 LCOPOIOUID
2317 5457 2326 5493 1

1881 5509 2065 5566 breves
2095 5457 2326 5565 Einsilg.

1954 5582 2102 5654 (534)
2135 5582 2250 5654 Ista
2282 5580 2479 5654 procul
2508 5581 2685 5654 dubio
2716 5600 2751 5638 a
2778 5583 3060 5639 Bernoldo
3106 5582 3334 5654 adjecta
3360 5583 3516 5654 sunt,

1879 5651 2124 5727 dumin
2151 5651 2570 5727 Schafhusensi
2608 5654 2856 5727 degebat
2884 5653 3176 5727 coenobio,
3224 5651 3513 5727 a‘Nellen-

1879 5723 2141 5798 burgicis
2170 5723 2422 5798 condito.
2455 5723 2581 5798 Yid.
2615 5720 2712 5798 ad:
2741 5742 2836 5781 an.
2871 5726 3027 5798 1052.
3051 5720 3328 5798 Eppghio
3354 5724 3515 5798 pater

1880 5788 2361 5868 fuit'Ebsrhardi,
2394 5796 2497 5878 qui
2522 5794 2686 5856 istud
2712 5794 3030 5857 motuum
3057 5788 3337 5861 peﬁdidit.
