3894 6352
352 437 465 503 est
1147 431 1559 498 HERMANNI
1600 434 2045 499 CONTRACTI
2085 430 2505 498 AUGIENSIS
2559 430 2941 499 MONACHI.
3654 422 3778 495 seu

1700 591 1933 649 CODEX
1969 592 2362 651 AUGIENSIS.

422 695 561 751 1014
587 692 873 750 Henricus
902 708 1000 751 rex
1026 692 1219 747 Romae
1268 691 1555 762 imperiali
1606 710 1640 747 a
1681 691 1988 748 Benedicto
2018 693 2070 759 Α
2099 692 2429 764 episcopus,
2443 692 2531 747 vir
2561 706 2785 763 magna:
2808 690 3157 759 sanctitatis,
3175 688 3287 744 hac
3315 687 3441 743 vita
3473 684 3780 743 decedens

348 802 497 858 papa
525 786 836 839 coronatur
862 780 1281 836 benedictione.
1312 782 1543 836 Ditmar.
2099 778 2299 835 multis
2330 778 2630 835 miraculis
2658 778 2888 844 claruit,
2911 779 3081 851 eique
3101 775 3426 850 Piligrinus
3450 773 3777 831 successit.

426 873 559 928 1015
587 872 804 927 Ernust
833 869 948 924 dux
974 867 1329 924 Alemanniaa
1361 868 1421 923 in
1450 873 1661 925 venatu
1711 868 1781 924 ab
1812 866 1989 923 Adal-
2097 867 2494 923 Ercbenbaldo
2511 868 2971 924 defunctoAribo
2984 863 3780 939 archipresuleftlciturﬂe-

346 964 559 1018 berone
588 958 798 1015 comite
826 958 1006 1013 feram
1056 961 1365 1028 appetente
1411 956 1623 1028 sagitta
1652 956 1991 1012 vulneratus
2096 958 2629 1014 crol.Fuld.——Post
2651 957 3080 1029 Wolfpotonem
3101 951 3596 1028 [Wolbodonem]
3617 951 3776 1035 (541.

345 1049 587 1114 interiit,
613 1052 671 1103 et
701 1047 977 1101 ducatum
1009 1047 1136 1116 ejus
1169 1044 1325 1099 ﬁlius
1358 1045 1711 1116 aaquivocus,
1751 1046 1986 1099 viduam
2099 1062 2330 1118 quoque
2345 1046 2754 1101 Leodicensem
2772 1045 3343 1101 Durandusantistes
3356 1044 3777 1115 promovetur.

344 1155 476 1195 vero
507 1133 760 1193 Giselam
808 1132 1106 1189 Conradus
1151 1131 1310 1187 ﬁlius
1355 1134 1586 1188 Henrici
1628 1132 1731 1188 ﬁlii
1763 1133 1988 1188 Ottonis
2098 1133 3779 1207 IrmendrudisetiamBuocbaugiensisabbatissavenera-

344 1227 533 1292 ducis,
565 1226 801 1279 futurus
832 1226 1033 1295 postea
1061 1221 1397 1292 imperator,
1424 1221 1661 1292 accepit.
1686 1223 1984 1276 Ditmarus.
2098 1223 2235 1280 bilis
2264 1242 2300 1280 x
2332 1223 2456 1279 Kal.
2487 1224 2677 1279 Martii
2708 1223 2872 1290 obiit,
2920 1224 3089 1295 eique
3134 1220 3418 1277 Abarhild
3454 1220 3781 1277 abbatissa

341 1313 761 1387 Megingaudus
789 1308 1154 1366 Trevirorum
1181 1308 1656 1380 archiepiscopus
1672 1308 1990 1380 obiiteique
2100 1312 2403 1368 successit.
2438 1313 2517 1367 Ex
2546 1328 2660 1384 quo
2692 1316 2973 1383 tempore,
3007 1310 3171 1367 locus
3190 1309 3291 1366 ille
3311 1308 3513 1384 magis
3536 1309 3779 1382 magis-

343 1405 561 1476 Poppo,
589 1402 679 1456 vir
705 1397 1077 1463 venerabilis,
1112 1398 1293 1453 frater
1323 1396 1511 1469 ipsius
1557 1396 1721 1452 ducis
1752 1397 1993 1467 Ernusti
2097 1417 2210 1472 que
2234 1401 2290 1455 in
2322 1399 2577 1456 deterius
2608 1400 2862 1456 defluere
2887 1399 3079 1471 coepit.
3120 1397 3408 1454 Henricus
3430 1396 3780 1470 imperator

360 1493 488 1565 (535
520 1487 827 1545 successit.
2097 1488 2158 1543 in
2191 1487 2417 1543 Italiam
2448 1487 2869 1559 expeditionem
2904 1487 3101 1541 movit.
3137 1484 3559 1541 Werinbarius
3593 1484 3780 1540 frater

428 1580 568 1636 1017
616 1574 961 1631 Godefridus
993 1574 1113 1629 dux
1140 1572 1318 1643 partis
1340 1572 1987 1645 Lothoringorum(536)
2098 1593 2264 1633 meus
2296 1574 2537 1631 Kalend.
2572 1579 2806 1631 Novem,
2839 1575 3121 1631 nascitur.

342 1666 708 1726 Gerhardum
734 1662 1003 1719 comitem
1034 1662 1183 1733 (537)
1215 1660 1483 1727 Conradi,
1508 1666 1709 1731 postea
1737 1661 1985 1732 impera-
2166 1665 2307 1720 1022
2364 1662 2645 1719 Henricus
2702 1664 3038 1735 imperator,
3098 1662 3489 1734 Campaniam
3531 1667 3774 1735 petens,

344 1757 509 1823 toris,
542 1749 896 1809 avunculum
928 1750 1241 1805 commisso
1276 1747 1471 1820 praelio
1501 1747 1639 1803 vicit
1671 1750 1833 1804 Ditm.
2095 1756 2481 1810 Beneventum
2512 1752 2771 1819 intravit,
2802 1751 3035 1822 Trojam
3080 1750 3443 1824 oppugnavit
3493 1754 3558 1807 et
3591 1751 3774 1823 cepit,

413 1843 551 1897 1018
600 1838 950 1897 Constantia)
999 1834 1310 1908 Lantperto
1365 1836 1636 1907 episcopo
1690 1837 1985 1902 defuncto,
2093 1840 2416 1912 Neapolim.
2449 1839 2727 1912 Capuam,
2757 1838 3063 1895 Salernum
3094 1838 3358 1911 aliasque
3387 1855 3459 1894 eo
3493 1836 3774 1895 locorum

342 1928 805 1989 Rhuordhardus
826 1925 1199 1998 prmsulatum
1223 1924 1464 1996 accepit,
1497 1925 1785 1996 annisque
1806 1925 1985 1981 ferme
2093 1931 2351 1985 civitates
2380 1928 2437 1983 in
2466 1928 2821 1984 deditionem
2843 1945 3047 1983 omnes
3069 1927 3313 2001 accepit,
3333 1932 3395 1982 et
3412 1927 3769 1984 Nordman-

338 2039 372 2075 v
404 2019 647 2092 praefuit.
684 2018 981 2072 Dilmarus.
2016 2062 2059 2092 η
2094 2017 2185 2074 nis
2215 2017 2589 2089 quibusdam,
2614 2017 2712 2089 qui
2745 2021 3001 2088 tempore
3030 2018 3159 2088 ejus
3189 2015 3289 2071 illo
3320 2015 3767 2084 conﬂuxerant,

406 2062 1981 2174 lt1’bl’itufi‘ainradusadolescens,filiusConradiquondam
2015 2062 2061 2129 Β
2092 2062 2428 2179 quoddam:
2442 2110 2508 2159 ut
2550 2062 2750 2172 fertur,
2801 2062 2935 2161 illis
2966 2062 3769 2177 inVJp-a'rtibusvterrigriu-m

334 2198 501 2253 ducis
530 2192 834 2252 Carentani
865 2190 1181 2248 auxiliante
1214 2189 1478 2263 patruele
1507 2190 1655 2257 (538)
1688 2207 1793 2246 suo
1834 2190 1982 2244 Con-
2091 2195 2412 2261 concessit;
2449 2193 2646 2265 sicque
2679 2209 2781 2266 per
2805 2194 3011 2250 urbem
3069 2192 3366 2250 transiens
3418 2193 3765 2250 Romanam

340 2287 499 2351 rado,
554 2288 753 2356 postea
800 2281 1168 2353 imperatore,
1195 2278 1624 2334 Adalberonem
1660 2283 1797 2333 tunc
1826 2278 1979 2333 ‘200
2087 2284 2266 2338 victor
2295 2282 2466 2337 rediit
2496 2282 2553 2336 in
2581 2282 2975 2338 Germaniam.
3034 2282 3249 2353 Hepid;
3308 2282 3414 2337 Leo
3463 2282 3588 2338 0st.
3622 2284 3665 2336 ι.
3700 2298 3764 2338 n.

337 2376 543 2430 ducem
574 2369 903 2436 Carentani,
937 2370 1091 2440 apud
1125 2367 1354 2423 Ulmum
1386 2383 1582 2439 pugna
1622 2366 1839 2420 victum
1884 2365 1977 2418 (ιι-
2086 2371 2421 2426 Pestilentia
2453 2370 2511 2424 in
2543 2370 2795 2425 exercitu
2827 2375 2954 2426 orta
2981 2370 3203 2427 multos
3232 2370 3518 2426 exstinxit
3545 2388 3561 2439 ;
3606 2370 3765 2427 inter

337 2463 510 2536 gavit.
545 2461 660 2516 Vid.
689 2474 858 2531 supra
883 2473 941 2512 a.
970 2457 1125 2512 1012.
2087 2477 2235 2531 quos
2260 2459 2645 2514 Ruodbardus
2667 2458 3014 2514 Constantina
3035 2458 3350 2535 episcopus
3371 2463 3431 2515 et
3450 2459 3764 2515 Burchar-

412 2552 545 2607 1020
573 2547 918 2604 Benedictus
941 2562 1091 2616 papa
1112 2544 1182 2599 ab
1204 2543 1553 2616 imperatore
1573 2542 1851 2625 invitatus
1876 2547 1977 2596 Bu-
2086 2549 2193 2603 dus
2225 2548 2405 2602 abbas
2437 2547 2506 2602 de
2536 2547 2796 2602 coenobio
2822 2547 3008 2603 sancti
3029 2547 3181 2603 Galli
3203 2544 3505 2604 obierunt.
3536 2548 3760 2605 Necrol.

338 2640 594 2710 benberg
622 2635 780 2692 venit
810 2634 1008 2705 ibique
1037 2632 1340 2687 ecclesiam
1372 2632 1557 2688 sancti
1588 2631 1864 2701 Stephani
1888 2631 1980 2686 de-
2084 2636 2246 2691 Fuld.
2274 2653 2287 2702 ;
2347 2635 2543 2706 Hepid.
2577 2654 2590 2703 ;
2620 2636 2921 2691 Burchard.
2986 2636 3057 2692 de
3094 2636 3349 2694 Casibus.
3408 2640 3480 2691 Et
3520 2653 3633 2707 pro
3664 2635 3764 2693 his

337 2727 550 2783 dicavit
595 2726 765 2797 (539).
809 2720 1216 2778 Werinbarius
1264 2721 1598 2794 Argentina:
1635 2720 1974 2791 episc0pus;
2086 2725 2289 2779 Heimo
2310 2724 2620 2795 episcopus
2653 2724 2801 2785 τοι
2839 2724 3011 2779 annis
3043 2724 3225 2781 ferme
3267 2742 3345 2794 IV,
3374 2723 3765 2783 Theodebal-

336 2814 759 2871 auxiliantibus
790 2809 1142 2883 quibusdam
1174 2810 1395 2875 Suevis,
1428 2808 1867 2880 Burgundiones
1899 2809 1981 2863 in-
2085 2813 2310 2884 dusque
2342 2813 2522 2868 abbas
2552 2828 2614 2869 ιι
2642 2812 2811 2868 annis
2842 2812 3215 2885 praefuerunt.
3265 2813 3568 2869 Notkerus
3603 2813 3763 2885 (5&2)

335 2906 489 2961 vasit
515 2907 572 2959 et
600 2905 865 2957 conserto
896 2896 1091 2971 prtelio
1120 2897 1272 2954 vicit.
1305 2899 1503 2953 Annal.
1552 2902 1703 2954 Saxo
1732 2915 1784 2952 a.
1818 2898 1975 2952 1019.
2086 2917 2319 2972 quoque
2350 2900 2647 2971 magister,
2680 2904 2736 2956 et
2765 2900 2861 2956 alii
2908 2904 3250 2973 praestantes
3297 2900 3535 2970 fratres,
3593 2901 3760 2974 apud

338 2998 452 3064 Ego
499 2989 885 3046 Herimannus
934 2986 1142 3041 litteris
1190 2987 1439 3042 traditus
1509 3003 1641 3042 sum
1690 3003 1801 3040 xvu
1851 2985 1975 3041 Kal.
2088 2993 2355 3044 sanctum
2388 2988 2615 3044 Gallum
2649 2990 3042 3045 decesserunt.

341 3062 574 3138 octobr.
2156 3078 2295 3132 1023
2326 3077 2654 3132 Ratisbonre
2688 3082 2817 3149 post
2845 3077 3254 3134 Gebebardum
3284 3062 3642 3150 episcopum
3665 3095 3765 3134 ca-

417 3166 542 3223 1021
582 3162 767 3222 Terrae
799 3168 996 3220 motus
1026 3179 1277 3235 magnus
1308 3180 1364 3218 ιν
1395 3163 1533 3218 Idus
1555 3163 1711 3230 Maii,
1734 3163 1873 3218 feria
1900 3182 1975 3231 v1,
2087 3170 2243 3221 stum
2275 3166 2485 3232 virum,
2518 3171 2575 3221 et
2606 3165 3004 3239 singularibus
3025 3165 3381 3238 quibusdam
3405 3164 3683 3222 moribus
3706 3171 3766 3221 et

339 3259 547 3325 factus,
578 3255 916 3311 Heribertus
962 3250 1387 3324 (540)(1οιοηὶω
1428 3250 1755 3323 Aggripinze
1789 3252 1977 3307 archi-
2087 3253 2512 3310 munditiarum
2561 3258 2920 3326 ornatusque
2967 3254 3197 3311 insueto
3253 3255 3511 3327 quodam
3544 3252 3762 3311 amore

1402 3348 1866 3404 COMPENDIUM
1907 3350 1996 3405 EX
2039 3351 2291 3407 CODICE
2331 3351 2714 3407 BERNOLDI.

406 3452 540 3507 10Ιᾶ
570 3451 851 3516 Henricus,
884 3452 1018 3515 etc.,
1051 3450 1115 3501 ut
1143 3451 1292 3518 Aug.
1997 3449 2040 3514 ρ
2080 3451 2272 3504 Heimo
2301 3451 2472 3519 reme
2497 3450 2661 3503 annis
2690 3464 2747 3503 iv
2767 3450 3018 3520 prafuit.
3057 3450 3321 3519 Notgerus
3363 3463 3574 3523 quoque
3626 3466 3760 3505 ma-

406 3541 545 3595 1015
572 3541 773 3595 Ernusl
799 3537 981 3594 dux...
1013 3536 1236 3607 accepit.
1270 3533 1729 3603 Hegingaudus...
1755 3551 1855 3605 pro
1875 3551 1977 3606 quo
2084 3539 2251 3608 gister
2273 3536 2338 3591 de
2367 3536 2420 3590 S.
2455 3535 2605 3591 Gallo
2634 3538 2789 3591 obiit.

334 3629 540 3700 Puppe.

2234 3626 2300 3679 23
2330 3626 2634 3681 Βαίίδὺοηεε
2662 3634 2782 3696 post
2814 3622 3210 3691 Gebehardum,
3258 3626 3449 3681 virum
3477 3625 3652 3682 laude
3679 3628 3772 3683 di-

408 3718 544 3771 1017
571 3714 886 3786 Godc/‘ridus
918 3712 1032 3767 dua:
1058 3720 1233 3783 partis
1262 3711 1726 3779 Lat/taringorum
1749 3710 1979 3767 Gerhari
2087 3716 2430 3785 gnissimum,
2462 3714 2605 3768 alter
2636 3712 2981 3769 Gebehardus
3012 3708 3444 3769 irithronizatur.
3478 3712 3591 3769 Hoc
3611 3730 3771 3771 anno

338 3807 470 3860 dum
500 3806 748 3858 comitem
780 3802 913 3856 bello
943 3802 1091 3855 vicit.
2090 3803 2379 3857 convennit
2407 3800 2642 3872 synodus
2671 3802 2959 3871 Moguntia’
2986 3801 3154 3873 (543),
3179 3803 3239 3856 in
3259 3818 3367 3874 qua
3396 3804 3773 3860 constitutum

409 3895 545 3948 1018
577 3891 929 3961 Constantine,
963 3892 1070 3944 etc.
1105 3893 1169 3943 ut
1189 3895 1338 3959 Aug.
2091 3898 2166 3945 est
2190 3892 2250 3943 ut
2272 3890 2425 3960 plebs
2456 3889 2771 3945 Christiana
2802 3891 3219 3961 qnatuordeeim
3247 3891 3364 3947 dies
3392 3894 3519 3947 ante
3552 3894 3774 3963 festum

410 3981 546 4037 1019
578 3979 921 4036 Conradus...
964 3976 1125 4031 ducis
1169 3975 1463 4032 Carcntanz
1514 3976 1983 4032 Adalberonem...
2093 3976 2149 4033 S.
2181 3978 2407 4032 Joannis
2434 3978 2697 4049 Baptistae
2721 3994 2755 4033 a
2778 3993 2942 4033 carne
2961 3985 3014 4033 et
3029 3980 3297 4050 sanguine
3316 3980 3628 4049 abstineat,
3653 3983 3777 4038 nisi

338 4071 547 4126 victum
573 4069 807 4140 fugavit.
2097 4064 2418 4135 inﬁrmitate
2444 4073 2686 4139 cogente,
2722 4069 2819 4120 aut
2846 4067 3161 4137 festivitate,
3192 4082 3311 4138 quae
3342 4070 3407 4124 in
3436 4068 3535 4124 illo
3555 4072 3774 4141 episeo-

410 4161 549 4213 1020
578 4156 889 4211 Benedictus
914 4170 1134 4227 papa...
1158 4152 1447 4209 dedicavit.
2092 4155 2184 4225 pio
2216 4153 2439 4209 celebris
2463 4154 2727 4216 habetur;
2756 4155 3017 4209 similiter
3046 4155 3463 4225 qualuordecim
3503 4156 3627 4213 dies
3660 4174 3772 4215 an-

411 4246 544 4300 1021
580 4244 961 4301 Heribertus...
1010 4241 1379 4313 archiprzsul
1407 4241 1668 4312 efﬁcitur.
1716 4242 1991 4296 Henricus
2098 4237 2149 4288 te
2177 4234 2368 4290 Natale
2397 4234 2632 4288 Domini.
2661 4234 2789 4288 Item
2819 4234 2899 4288 ibi
2926 4237 3282 4290 constitutum
3337 4244 3415 4292 est
3448 4240 3506 4291 ut
3547 4236 3785 4308 vigilia.

347 4343 481 4406 imp.
514 4335 575 4388 in
603 4333 820 4388 Italiam
847 4331 1251 4403 expeditionem
1271 4331 1457 4384 movit.
2099 4321 2423 4394 Epiphania
2447 4324 2648 4394 vigilia
2663 4324 2908 4377 omnium
2928 4322 3478 4396 Sanctorum,vigilia
3494 4327 3769 4401 Assump-

412 4423 551 4479 1022
604 4422 863 4477 Henricus
924 4422 1059 4492 imp.
1118 4418 1479 4488 Campaniam
1506 4425 1694 4488 petens
1748 4418 1988 4488 Trojam,
2099 4412 2265 4466 tionis
2293 4411 2349 4465 S.
2375 4410 2577 4478 Maria,
2609 4411 2805 4480 vigilia
2834 4409 2889 4465 S.
2922 4411 3209 4467 Laurentii
3228 4413 3539 4485 jejunetur,
3595 4418 3686 4473 ita
3706 4425 3769 4473 ιιι

346 4512 646 4583 Neapolim,
724 4510 967 4581 Capuam
1061 4507 1381 4561 civitates...
1485 4507 1547 4559 in
1619 4506 1988 4562 Germaniam.
2100 4516 2214 4555 una
2241 4500 2550 4570 refectionis
2579 4500 2713 4554 hora
2739 4498 3079 4554 admittatur.

342 4600 677 4657 Ruothardus
721 4596 1153 4655 Constantianus
1192 4596 1471 4666 episcopus
1516 4594 1670 4661 obiit,
1726 4610 1826 4666 pro
1881 4609 1990 4665 quo

410 4797 558 4868 (535)
587 4794 843 4853 Senioris
876 4791 1101 4848 scilicet
1120 4794 1181 4845 et
1205 4787 1490 4856 Junioris,
1524 4804 1627 4844 seu
1674 4789 1900 4844 Ernesti
1946 4789 1993 4844 Il
2028 4792 2070 4855 ι)
2104 4788 2281 4868 p.

347 4855 630 4939 patruus;
694 4936 707 4939 _
978 4931 1051 4939 ___
1117 4932 1130 4939 _
1261 4935 1281 4939 Α
1342 4929 1376 4939 Α
1578 4930 1587 4939 ι
1675 4929 1685 4939 _
1741 4929 1761 4939 _
1826 4929 1836 4939 _
1915 4930 1925 4939 _
2105 4855 2122 4860 ’
2172 4855 2479 4939 (5§9)Vid.
2513 4856 2642 4913 Vita
2672 4858 2730 4914 S.
2759 4858 3011 4928 Henrici,
3043 4864 3102 4917 et
3149 4860 3261 4917 Leo
3307 4861 3569 4917 Ostiens.
3613 4860 3761 4933 1.11,

415 4938 560 5009 (536)
590 4934 938 5009 Godefridus
976 4931 1054 4986 IlI
1099 4932 1214 5009 dux
1260 4929 1983 5009 Lgtharingiaeinferioris.
2103 4931 2275 5009 c.

413 4998 561 5077 (537}
591 5007 907 5077 (ὶθιεειιιάιιεΔ
932 5018 1127 5077 gemes
1172 5001 1267 5077 ἀεξΔ
1298 4998 1604 5077 Egesb‘eim
1654 5001 1710 5054 in
1747 5000 1997 5077 Alsatia,
2163 4998 2534 5077 (540)_Yi_t_am
2655 4999 2939 5077 Heriberti
2968 5000 3329 5077 Coloniensis
3358 5002 3756 5077 sgripsitllug

346 5069 513 5149 cujus
532 5072 650 5134 filia
675 5074 1009 5156 Adelh'aidis
1030 5072 1271 5152 Conradi
1292 5069 1461 5126 Salici
1482 5072 1846 5142 imperatoris
1868 5090 1988 5153 ma-
2095 5076 2294 5195 pertus
2321 5069 2634 5151 Tuitiensis
2653 5072 2853 5137 abbas,
2876 5088 3053 5142 quam
3072 5072 3351 5131 exhibent
3382 5069 3763 5131 Bollandiaoi

346 5157 431 5195 tm-
460 5152 568 5195 fuit
597 5165 661 5195 px
695 5153 939 5195 Henrico
981 5150 1306 5195 Franconiaa
1363 5144 1528 5195 duce.
1594 5144 1799 5195 Culmet
1848 5145 1981 5195 Hist.
2139 5141 2477 5195 amoaranhl
2509 5147 2550 5195 t.
2580 5142 2651 5195 ll.
2678 5145 2842 5195 Mart.
2876 5144 2945 5195 ad
2980 5144 3039 5195 d.
3072 5145 3157 5195 16.

346 5141 435 5208 1θέ
460 5152 568 5205 fuit
597 5165 663 5203 ex
695 5148 939 5202 Henrico
981 5144 1306 5198 Franconia:
1363 5144 1528 5197 duce.
1571 5141 1799 5197 ’Culmet
1848 5145 1981 5198 Ilist.
2097 5141 2477 5212 hagiographi
2509 5147 2550 5195 t.
2580 5142 2651 5203 11,
2678 5145 2842 5197 Mart.
2876 5141 2945 5197 ad
2980 5144 3039 5197 d.
3072 5145 3157 5197 tﬁ.

346 5222 562 5278 Lothar.
592 5219 630 5274 l.
663 5236 821 5281 xvm,
854 5234 903 5271 c.
936 5220 1025 5270 69.
1061 5216 1121 5270 P.
1153 5215 1413 5271 Clement
1442 5213 1816 5269 Adelbaidem
1879 5216 1983 5269 Ge-
2166 5210 2315 5283 (541)
2350 5212 2477 5266 Vid.
2517 5212 2795 5283 Reinerus
2825 5214 3149 5269 monachus
3173 5214 3231 5268 S.
3266 5210 3569 5270 Laurentii
3622 5221 3755 5272 Leo-

346 5292 501 5349 rardi
532 5305 788 5345 sororem
814 5288 973 5349 dicit,
1004 5285 1183 5341 tiliam
1213 5285 1528 5340 Eberhardi
1562 5284 1633 5338 1V
1653 5285 1986 5355 Nordgnviai
2095 5282 2314 5338 diensis
2338 5283 2396 5356 in
2416 5284 2545 5351 ejus
2565 5282 2719 5347 Vita,
2739 5286 2892 5356 apud
2919 5285 3178 5340 Bolland.
3200 5290 3239 5338 t.
3259 5285 3328 5351 II,
3348 5286 3535 5356 April,
3554 5288 3753 5343 diezt.

348 5378 452 5427 seu
480 5360 769 5417 interioris
798 5358 1023 5414 Alsatia:
1046 5356 1409 5428 comitis,qui
1425 5356 1532 5411 hoc
1547 5357 1716 5428 modo
1738 5356 1985 5410 Conradi
2166 5356 2313 5424 (512)
2346 5355 2521 5428 Labeo
2547 5355 2993 5428 cognominatus
3023 5358 3195 5426 cujus
3242 5355 3535 5411 nonnulla
3565 5359 3756 5428 Opera

347 5423 516 5493 Salici
540 5434 711 5501 juxta
741 5430 1132 5485 Hermannum
1165 5444 1293 5485 vere
1326 5423 1440 5501 l’uit
1462 5427 1795 5501 Avunculus.
1834 5496 1844 5501 _
2096 5431 2323 5501 assient
2345 5426 2401 5501 in
2432 5423 3189 5501 Scbilteri_Antiquitatibus
3221 5428 3587 5484 Teutonicis;
3620 5423 3749 5485 Vid.

419 5495 566 5576 (538)
591 5502 888 5576 Congadus
919 5500 1143 5556 Salicus
1165 5505 1395 5576 patrem
1429 5498 1645 5576 habuit
1678 5496 1987 5576 Henricum
2100 5496 2315 5576 Malui}.
2347 5495 2629 5576 Anna-1.}.
2660 5497 2751 5576 1Y3
2784 5513 2839 5576 ρ.
2871 5495 2993 5553 287.

350 5566 678 5631 Franconim
710 5572 998 5628 Rhenanis
1029 5566 1321 5631 comitem,
1348 5571 1584 5622 fratrem
1606 5566 1852 5621 Conradi
1883 5583 1985 5622 seu
2170 5569 2317 5635 (543)
2347 5567 2413 5621 Τ.
2450 5567 2523 5622 lll
2543 5566 2755 5623 Concil.
2782 5566 2975 5624 Germ.
3003 5569 3350 5635 ;concilium
3374 5567 3564 5625 hocin
3587 5569 3750 5626 Sale—

348 5645 603 5718 Cunonis
634 5643 934 5718 Cnriiitbize
967 5643 1152 5718 ducis,
1187 5647 1244 5697 et
1266 5638 1696 5718 ‘UttonisOducis
1720 5636 1841 5718 lilii.
1876 5642 2008 5718 Hui.
2098 5641 2337 5718 gunstat
2365 5650 2517 5718 anno
2546 5637 2684 5718 {021
2731 5638 3085 5718 celebratum
3137 5640 3320 5695 fuisse
3375 5639 3618 5718 dicitur,
3650 5641 3752 5699 ubi

340 5719 463 5852 (Eua.
485 5716 663 5804 igitur
709 5715 864 5773 filius
911 5714 1210 5772 Conradus
1263 5708 1555 5792 fratruelis
1583 5713 1706 5764 erat
1742 5709 1989 5765 Conradi
2099 5708 2283 5767 canon
2324 5708 2416 5765 hic
2448 5708 2659 5768 citatus
2685 5711 2873 5783 primo
2905 5727 3040 5768 mox
3067 5710 3195 5768 loco
3224 5716 3551 5789 comparet.

392 5787 553 5851 elici.
573 5787 704 5850 Vidi.
733 5802 917 5852 supra
952 5800 1048 5847 an.
1080 5782 1240 5844 W2.
1268 5778 1403 5841 Vid.
1430 5782 1474 5840 t.
1522 5779 1617 5852 VI,
1673 5779 1808 5840 Jun.
1840 5779 1997 5852 8011,.

392 5778 553 5851 elici}
573 5787 704 5850 Vidi.
733 5802 917 5868 supra
952 5800 1048 5847 an.
1080 5782 1240 5844 m2.
1268 5778 1403 5841 Vid.
1430 5782 1474 5840 t.
1522 5779 1617 5852 VI,
1673 5779 1808 5840 Jun.
1840 5779 1997 5853 8011,.
