3894 6368
151 428 260 501 ω
1354 428 1689 497 CHRONIC

1996 429 2159 496 5E0.
2207 430 2313 496 XI.
2712 440 2715 443 ’
3403 435 3534 497 234-

1400 542 1405 551 ’
1495 563 1726 623 consx
1761 565 2156 624 AUGIENSIS.

150 663 456 729 famosum,
483 663 545 717 et
564 660 627 717 in
655 660 869 718 divinis
898 662 1106 719 ofﬁciis
1136 663 1310 719 nimis
1345 663 1673 721 studiosum
1696 665 1773 723 ab
1800 666 1857 733 Α
1884 665 1967 722 sis
1995 666 2177 722 abbas
2224 665 2389 732 obiit,
2420 664 2591 736 eique
2650 662 3003 736 Rhenaugiae
3050 662 3292 718 Pirhtilo
3344 663 3525 721 abbas

150 751 251 808 hac
279 750 407 807 luce
435 750 826 818 subtractum,
856 750 1001 807 alter
1026 751 1167 808 item
1188 752 1559 810 Gebehardus
1581 754 1774 827 Augu-
1882 755 2280 810 substituitur.
2312 753 2705 827 Augustcnsis
2762 752 3074 825 episcopus
3099 754 3157 808 et
3188 751 3396 824 Welph
3428 768 3529 809 eo-

149 838 357 897 stensis
380 839 699 896 canonicus
727 839 1011 896 successit
1029 840 1198 912 (544).
1882 858 2007 899 mes
2029 843 2238 914 praedis
2266 846 2322 899 et
2349 842 2636 898 incendiis
2668 841 2823 897 inter
2841 857 2904 898 se
2933 845 3140 897 mutuo
3157 840 3530 897 debacchan—

176 927 350 984 102‘
401 927 597 983 Roma
651 928 948 995 defuncto,
1005 929 1334 996 Benedicto,
1393 930 1571 986 frater
1645 931 1775 1001 ejus
1880 932 1996 985 tur.
2036 932 2237 1002 Wippo.

148 1016 392 1074 Joannes
418 1015 596 1071 XVIII
626 1032 697 1072 ex
724 1015 869 1073 laico
895 1033 1046 1089 papa
1071 1017 1329 1074 CXLVIII
1358 1018 1662 1074 ordinatus
1692 1034 1778 1074 se-
1954 1018 2090 1073 1027
2120 1019 2417 1075 Conradus
2443 1035 2562 1087 rex,
2604 1022 2732 1075 acto
2770 1018 3065 1090 Yporeniaa
3125 1017 3275 1089 (552)
3334 1016 3528 1073 Natali

148 1104 230 1160 dit
255 1101 424 1159 annis
454 1102 636 1160 ferme
661 1118 739 1160 Ix.
769 1132 838 1146 --
866 1104 1152 1161 Henricus
1172 1122 1403 1178 quoque
1436 1106 1773 1179 imperator,
1881 1105 2133 1174 Domini,
2168 1107 2226 1161 in
2256 1106 2530 1164 ulteriora
2552 1109 2707 1165 20³
2738 1106 3369 1179 progressus,Luccam
3388 1121 3527 1162 cum

151 1208 210 1249 ιιι
238 1191 373 1248 Idus
388 1190 533 1247 Julii
562 1193 783 1265 absque
808 1192 945 1249 ﬁliis
962 1193 1115 1249 diem
1137 1194 1359 1265 obiens,
1381 1196 1535 1267 apud
1557 1196 1776 1268 spisco-
1883 1194 2202 1266 Reginbero
2234 1195 2568 1252 Marchione
2607 1200 2671 1252 tu
2727 1195 3079 1252 deditionem
3112 1195 3354 1269 accepit,
3403 1195 3525 1251 Ro-

150 1283 344 1353 patum
373 1279 940 1353 Babenhergensem,
973 1298 1008 1337 a
1037 1298 1101 1339 se
1128 1287 1551 1349 constructum,
1600 1299 1773 1355 quem
1884 1297 2160 1353 mamque
2188 1283 2528 1353 perveniens
2553 1302 2588 1339 a
2616 1286 2834 1340 Joanne
2889 1300 3041 1355 papa
3079 1283 3139 1337 in
3171 1283 3265 1340 die
3317 1285 3523 1339 sancto

146 1368 400 1425 omnium
413 1368 766 1441 praediorum
783 1369 1262 1426 etthesaurorum
1277 1387 1518 1427 suorum
1534 1371 1777 1443 relique-
1886 1370 2117 1426 Paschae
2146 1370 2461 1443 imperator
2490 1376 2801 1428 coronatus
2830 1376 2938 1439 est,
2970 1372 3328 1443 subactaque
3359 1370 3529 1428 Italia

146 1460 233 1513 rat
256 1456 629 1526 hieredem,in
656 1456 906 1513 basilica
934 1458 1132 1514 Sancti
1146 1460 1301 1514 Petri
1325 1459 1604 1532 sepelitur
1636 1462 1773 1516 Vita.
1881 1461 2004 1513 tota
2034 1474 2317 1527 reversus,
2341 1459 2401 1514 in
2432 1459 2780 1515 Alemannis
2808 1460 2960 1531 apud
2990 1458 3222 1514 Ulmam
3244 1458 3525 1531 placitum

146 1573 211 1591 -ι
235 1543 451 1601 Deinde
480 1560 618 1601 cum
670 1546 973 1602 Conradus
1003 1547 1210 1603 Senior
1240 1548 1410 1619 (515),
1438 1548 1594 1604 ﬁlius
1624 1549 1780 1605 Hen-
1884 1546 2306 1620 habuitibique
2325 1549 2397 1603 ad
2422 1548 2777 1604 deditionem
2792 1548 3113 1603 Ernustum
3133 1547 3340 1602 ducem
3360 1545 3531 1619 privi-

146 1633 244 1695 t'loi
269 1637 327 1690 et
349 1632 705 1701 Adelheidzs,
735 1638 792 1690 et
818 1633 1103 1707 patruelis
1133 1635 1260 1705 ejus
1289 1636 1589 1691 Conradus
1621 1636 1779 1692 ﬁlius
1884 1648 2066 1708 gnum
2098 1652 2273 1692 suum
2306 1641 2363 1691 et
2391 1635 2600 1708 Welph
2626 1636 2897 1693 comitem
2929 1652 3062 1691 cum
3083 1634 3212 1691 aliis
3240 1634 3531 1707 accipiens

145 1721 384 1779 Genradi
410 1720 583 1778 ducis
611 1723 762 1793 (540)
792 1738 862 1778 ex
892 1721 1172 1778 Mathilde
1201 1723 1350 1795 (547)
1406 1724 1476 1778 ad
1530 1739 1777 1796 regnum
1884 1740 1987 1796 per
2008 1723 2242 1797 aliquod
2264 1729 2497 1796 tempus
2518 1725 2722 1781 exsilio
2745 1724 3066 1797 deputavit.
3081 1725 3309 1796 Wippo;
3331 1723 3529 1796 (lepid.

145 1810 290 1869 ’.Ξ
314 1810 613 1883 prmcipue
658 1810 1082 1878 adniterentur,
1116 1811 1318 1867 habito
1376 1812 1529 1883 apud
1576 1812 1776 1869 villam
1884 1813 2115 1884 Kyburg
2131 1816 2386 1869 castrum
2400 1813 3011 1871 Werenhariicomitis
3023 1813 3214 1869 adhuc
3226 1811 3534 1869 renitentia

146 1899 423 1956 Kambam
452 1898 605 1971 (548)
634 1898 967 1972 principum
998 1902 1303 1956 conventu.
1338 1900 1539 1956 Senior
1568 1900 1780 1957 Conra-
1883 1900 2113 1972 aliaque
2129 1901 2410 1957 nonnulla
2429 1902 2734 1958 rebellium
2757 1907 2950 1958 castra
2970 1905 3137 1973 capta
3157 1904 3531 1958 sunt.Conra-

144 1987 249 2045 dus
271 1992 723 2061 mpromotus,
749 1991 807 2043 et
826 1987 897 2043 ab
918 1987 1171 2043 Aribone
1192 1988 1631 2060 archiepiscopo
1661 1989 1779 2046 Mo-
1807 2029 1853 2061 ι)
1883 1988 1996 2044 dus
2025 1987 2199 2044 etiam
2222 1990 2500 2060 patruelis
2527 1990 2655 2061 ejus
2686 2005 2813 2047 sese
2835 1989 3169 2061 imperatori
3195 1989 3435 2046 tradens
3462 1988 3529 2045 in

140 2076 385 2150 gmtiaci
419 2080 632 2132 unctus
661 2079 754 2131 est
778 2091 834 2131 v1
868 2076 1005 2131 Idus
1064 2076 1391 2148 Septembr.
1443 2076 1557 2132 Nec
1586 2077 1776 2134 multo
1806 2069 1855 2094 ”
1882 2069 2149 2133 exsilium
2181 2078 2565 2134 nihilominus
2593 2079 2864 2134 mittitur.
2888 2078 3085 2150 Hepid.
3128 2094 3221 2132 an.
3256 2077 3415 2133 1033.
3455 2107 3528 2119 --

145 2167 271 2238 post
296 2181 445 2221 uxor
472 2163 602 2235 ejus
631 2163 827 2220 Gisela
854 2181 889 2219 a
916 2162 1194 2235 Piligrino
1216 2164 1649 2238 archiepiscopo
1681 2165 1778 2221 Co-
1883 2165 2291 2221 Werinharius
2307 2165 3429 2239 ArgentinaapraesulCoustantinopolim
3452 2166 3526 2222 ab

142 2252 301 2310 Ioniis
331 2253 479 2326 (549)
511 2253 715 2326 regina
746 2251 1132 2309 nihilominus
1180 2252 1485 2309 benedicta
1535 2269 1592 2308 χι
1648 2252 1777 2310 Kal.
1885 2254 2231 2325 imperatore
2244 2254 2769 2328 legatusdirigilur,
2785 2255 2983 2327 ibique
3012 2254 3342 2326 insequenti
3372 2270 3527 2311 anno

144 2340 337 2399 Octob.
376 2342 585 2415 Wippa.
1886 2342 2196 2398 defunctus
2222 2342 2625 2399 Wilihelmum
2660 2358 3055 2399 successorem
3085 2342 3328 2415 accepit.
3357 2342 3533 2399 Hilte-

210 2431 346 2488 1ω5
373 2429 635 2488 Rebellio
667 2434 725 2487 et
780 2429 1074 2486 discordia
1102 2429 1289 2486 multa
1334 2435 1539 2486 contra
1565 2432 1780 2487 Conra-
1887 2436 2017 2502 gert
2048 2430 2441 2503 Bunchaugiaa
2477 2431 2776 2487 abbatissa
2804 2431 3073 2487 efﬁcitur.

144 2519 277 2577 dum
306 2534 509 2594 regem
530 2535 568 2576 a
584 2518 844 2592 patruele
867 2519 996 2589 ejus
1014 2519 1272 2575 Conrado
1292 2522 1349 2573 et
1367 2519 1617 2575 Ernusto
1635 2520 1784 2575 duce
1961 2520 2101 2573 1028
2132 2518 2417 2575 Henricus
2441 2519 2600 2575 ﬁlius
2619 2518 2991 2591 imperatoris
3002 2518 3356 2591 Aquisgrani
3367 2517 3428 2574 in
3438 2516 3534 2573 die

143 2607 793 2682 Alamannia,privigno
809 2608 1094 2679 (550)6jus
1117 2625 1132 2676 ;
1160 2606 1360 2679 Welph
1385 2608 1531 2679 (551)
1549 2624 1784 2680 quoque
1894 2610 2094 2663 sancto
2116 2606 2347 2663 Pascha:
2376 2624 2472 2663 rex
2492 2624 2526 2663 a
2548 2607 2914 2680 principibus
2932 2608 3158 2663 cunctis
3175 2607 3377 2663 adhuc
3402 2621 3547 2679 puer

142 2697 455 2771 Buevigena
484 2697 714 2763 comite,
742 2700 800 2752 et
824 2695 953 2753 aliis
984 2696 1252 2768 pluribus
1281 2695 1452 2751 facta.
1486 2696 1676 2768 Hepid.
1884 2695 2161 2764 electus,a
2180 2695 2453 2768 Piligrino
2496 2695 2838 2752 Coloniense
2870 2696 3309 2768 archiepiscopo
3324 2703 3541 2752 unctus

214 2786 348 2842 1020
376 2785 500 2843 Rex
548 2785 875 2853 Conradus,
906 2784 1126 2841 sedatis
1156 2800 1223 2840 ex
1252 2788 1414 2855 parte
1444 2784 1799 2865 rebellibus,‘
1885 2788 1974 2840 est
2002 2785 2169 2855 (553).
2210 2784 2425 2856 Wippo.

143 2872 286 2931 circa
310 2877 553 2948 tempus
576 2872 1049 2947 Quadragesimaa
1094 2889 1227 2929 cum
1267 2873 1521 2929 exercitu
1555 2872 1782 2930 Italiam
1960 2874 2097 2928 1029
2162 2873 2512 2945 Imperatore
2580 2873 2909 2929 Ratisbona
2964 2872 3240 2944 paschale
3318 2873 3533 2929 festum

143 2962 281 3020 adiit
303 2966 382 3031 et,
414 2962 646 3020 Pascha
689 2961 969 3018 Vercellis
1000 2965 1147 3031 acto,
1178 2966 1362 3017 totam
1394 2965 1601 3034 preter
1631 2962 1778 3017 Luc-
1889 2965 2117 3033 agente,
2148 2960 2304 3016 Brun
2334 2962 2725 3033 Augustensis
2754 2961 3363 3033 episcopus,summus
3382 2977 3538 3034 sym-

142 3063 262 3108 eam
283 3051 493 3109 urbem
513 3050 759 3118 Tuscia,
784 3049 1013 3105 Italiam
1035 3050 1095 3104 in
1117 3050 1201 3105 eis
1224 3049 1501 3105 Romanis
1516 3050 1781 3121 partibus
1888 3051 2065 3106 mista
2084 3050 2212 3121 ejus
2229 3050 2345 3105 vita
2359 3049 2502 3105 inibi
2519 3050 3191 3122 decessit,Augustaque
3210 3049 3271 3105 in
3292 3050 3544 3122 incoepta
3650 3111 3664 3124 .

143 3138 249 3197 sibi
281 3139 876 3214 subjugavit.Ernust
903 3138 1367 3206 duxAlemanize,
1400 3155 1533 3194 cum
1565 3154 1631 3194 eo
1652 3139 1779 3210 ipso
1888 3137 2075 3194 sancti
2109 3137 2373 3195 Mauricii
2401 3138 2667 3210 sepultus
2725 3138 2966 3194 basilica
3004 3139 3408 3195 Eberhardum
3446 3155 3542 3196 ac-

144 3225 727 3299 anno,i~ntorpellante
757 3229 960 3293 matre,
983 3225 1341 3297 pacificatus,
1363 3225 1778 3298 Campidonen-
1885 3226 2039 3299 cepit
2065 3241 2485 3282 successorem.
2524 3228 2728 3299 Wippo.
3083 3240 3087 3244 '

144 3328 259 3372 sem
287 3315 419 3373 loco
443 3314 716 3372 beneﬁcii
735 3315 1031 3372 abbatiam
1062 3314 1284 3386 accepit
1311 3315 1553 3386 suisque
1586 3315 1783 3371 militi-
1960 3316 2097 3369 1030
2124 3315 2338 3370 Ernust
2366 3315 2504 3383 dux,
2533 3331 2671 3371 cum
2703 3314 2905 3371 exsilio
2935 3314 3226 3370 relaxatus
3250 3316 3525 3373 ducatum

143 3400 601 3470 busdistribuit,
631 3418 739 3459 nec
762 3402 948 3459 multo
971 3406 1124 3475 post,
1145 3419 1321 3474 pravo
1340 3419 1579 3459 aversus
1601 3402 1789 3460 consi-
1821 3395 1864 3461 C
1903 3420 2077 3459 suum
2111 3403 2440 3473 recepisset,
2474 3420 2785 3475 pravorum
2816 3403 3057 3459 consilio
3090 3420 3254 3475 usus,
3268 3408 3327 3459 et
3355 3405 3548 3462 denuo

139 3488 235 3560 lic,
267 3491 493 3549 iterum
526 3490 843 3549 rebellavit.
872 3492 1074 3562 Wippo.
1097 3522 1167 3531 —-
1188 3491 1318 3562 Ipso
1349 3508 1501 3547 anno
1521 3495 1803 3548 Constan-
1909 3492 2245 3563 imperatori
2270 3493 2592 3563 refragatus
2610 3491 2825 3546 ducatu
2846 3491 3188 3563 privatur,et
3217 3493 3393 3548 frater
3410 3494 3541 3564 ejus

149 3577 233 3634 tia
260 3580 467 3637 Heimo
498 3579 810 3653 episcopus
826 3580 1023 3635 subita
1036 3584 1221 3635 morte
1243 3579 1693 3651 pleuresitactus
1709 3581 1803 3637 de-
1907 3580 2115 3635 Junior
2134 3580 2548 3647 Herimannus,
2579 3581 2695 3635 dux
2711 3581 3032 3635 Sucvorum
3059 3581 3333 3636 efﬁcitur.
3361 3581 3549 3653 Hepid.

149 3668 334 3736 cessit,
355 3669 533 3741 eique
556 3670 955 3724 Warmannus
978 3667 1457 3735 successit,annis
1485 3670 1664 3725 ferme
1676 3686 1797 3726 νιιι.
1910 3699 1978 3709 —
2007 3668 2305 3723 Conradus
2326 3668 2663 3739 imperator,
2673 3668 2799 3739 jam
2819 3669 3043 3724 dudum
3062 3667 3391 3726 inimicitiis
3414 3685 3549 3726 cum

146 3748 511 3814 Burchardus
527 3772 765 3829 quoque
798 3755 1298 3828 Campidonensis
1318 3760 1375 3811 et
1395 3746 1800 3830 Rhenaugien-
1909 3754 2202 3828 Stephano
2233 3756 2623 3828 Ungariorum
2654 3773 2788 3829 rege
2845 3757 3130 3826 conﬂatis,
3188 3758 3552 3816 Pannoniam

1198 3871 1673 3929 COMPENDIUM
1710 3872 1803 3929 EX
1839 3872 2087 3929 CODICE
2129 3870 2508 3928 BERNOLDI.

214 3968 343 4029 1024
367 3970 555 4027 Romae
611 3968 885 4042 defuncto.
924 4010 937 4023 .
975 4012 987 4024 .
1019 3970 1195 4040 ferme
1251 3984 1468 4024 novem.
1518 3970 1788 4025 Henricus
1965 3970 2105 4023 1027
2136 3969 2417 4024 Conradus
2446 3986 2565 4039 rex,
2600 3971 2833 4025 Romam
2877 3972 3218 4041 perveniens,
3251 3986 3288 4025 ιι
3341 3971 3550 4027 Joanne

441 4058 500 4115 S.
522 4059 678 4115 Petri
704 4058 984 4130 sepelitur,
1016 4057 1310 4129 habitoque
1330 4061 1593 4113 conventu
1630 4058 1782 4129 apud
1894 4074 2045 4130 papa
2075 4059 2133 4112 in
2152 4058 2244 4113 die
2260 4061 2447 4112 sancto
2468 4058 2694 4115 Pascha
2716 4061 3015 4129 imperator
3037 4065 3348 4114 coronatur.
3416 4057 3548 4114 Inde

145 4145 333 4203 villam
351 4147 629 4204 Kambam
658 4146 938 4203 Conradus
987 4146 1198 4209 Senior,
1228 4147 1376 4215 ﬁlius
1406 4147 1645 4212 Henrici,
1679 4163 1780 4203 rea:
1902 4148 1964 4201 in
1990 4147 2375 4201 Alemanniam
2404 4162 2666 4213 reversus,
2699 4147 2845 4217 apud
2877 4148 3090 4203 Ulmum
3119 4148 3404 4202 Emistum
3435 4147 3552 4203 du-o

145 4239 421 4304 praestas
451 4236 529 4293 ab
552 4235 809 4292 Aribone.
854 4275 868 4290 .
912 4258 943 4289 ,ν
959 4234 1236 4290 benedicta
1263 4250 1323 4289 ιιι
1351 4234 1471 4290 Kal.
1505 4233 1684 4290 Octob.
1907 4251 2021 4290 cem
2048 4238 2098 4289 et
2132 4234 2443 4290 Conradum
2462 4251 2517 4290 se
2546 4237 2635 4290 illi
2663 4235 2910 4291 dedentes
2939 4236 3139 4299 exsilio
3168 4236 3467 4307 deputavit.

219 4325 351 4381 1025
378 4325 626 4382 Rebellio
655 4332 845 4380 contra
896 4322 1207 4380 Conradum
1251 4339 1432 4394 regem
1457 4339 1493 4378 a
1538 4324 1798 4395 patruele
1979 4323 2114 4376 1028
2145 4324 2411 4378 Henricus
2459 4323 2673 4392 ﬁlius...
2733 4341 2832 4379 rei:
2889 4325 3105 4392 electus,
3139 4343 3174 4380 a
3214 4325 3558 4396 Piligrino...

157 4411 268 4482 ejus
289 4411 543 4470 Conrado
565 4416 617 4468 et
634 4413 868 4468 Ermisto
889 4411 1023 4468 duce
1041 4411 1382 4468 Alemanniw
1403 4415 1451 4467 et
1471 4412 1602 4467 allis
1617 4413 1801 4484 pluri—
1910 4420 2103 4467 unctus
2145 4415 2242 4466 est.

167 4496 256 4556 bus
279 4503 428 4573 facta
456 4506 561 4558 est.
1984 4501 2121 4555 1029
2152 4501 2334 4557 Bruno
2355 4502 2703 4573 Augustensis
2733 4503 3011 4574 episcopus
3029 4503 3183 4571 obiit,
3206 4507 3259 4558 et
3281 4503 3547 4559 Eberhar-

220 4589 357 4647 1026
416 4592 535 4647 Rex
587 4588 866 4646 Conradus
919 4589 1143 4645 Italiam
1191 4596 1400 4661 petens,
1460 4591 1636 4645 totam
1690 4589 1803 4645 sibi
1910 4590 2043 4646 dum
2071 4591 2276 4661 accepit
2303 4606 2680 4647 successorem.

155 4689 285 4745 pm
307 4678 649 4753 subiugavit
671 4693 741 4733 ex
765 4676 868 4733 hac
896 4680 1058 4748 parte
1084 4678 1291 4735 Rom.
1324 4676 1658 4735 Constantia?
1680 4685 1807 4750 post
1984 4677 2126 4735 4030
2154 4679 2341 4734 Emist
2366 4678 2485 4736 dux
2511 4679 2705 4736 exsilio
2735 4680 3015 4735 relaxatus
3046 4682 3351 4753 iterumque
3380 4681 3555 4752 impe-

157 4766 476 4825 Heimonem
547 4768 861 4839 episcopum
923 4767 1285 4823 Warmannus
1360 4767 1590 4839 prie/“uit
1643 4768 1808 4825 annis
1915 4766 2091 4823 ratori
2118 4766 2409 4835 rebellem,
2439 4784 2564 4824 cum
2612 4768 2803 4825 multis
2832 4770 2961 4825 aliis
2997 4768 3260 4825 occiditur
3304 4785 3400 4825 xv:
3428 4767 3552 4824 Kal.

157 4851 321 4922 tm
340 4857 460 4913 octo
491 4854 667 4928 (5⁵4),

1917 4856 2063 4929 Set“-
2580 4922 2584 4926 .
3102 4878 3104 4884 '

1748 4952 1981 5011 NOTZE.

218 5048 381 5133 (544)
413 5049 553 5108 Vid.
584 5049 934 5133 Conrgdidp
955 5050 1150 5133 Monte
1170 5049 1528 5133 puellarum;
1550 5050 1813 5133 _Chconi-
1842 5053 1889 5118 D
1992 5051 2139 5124 (550)
2178 5050 2372 5133 βὶεθιδ
2417 5051 2571 5109 enim
2630 5057 2818 5110 mater
2879 5053 3107 5111 Ernesti
3139 5054 3404 5112 Conrado
3440 5052 3564 5128 regi

157 5133 259 5196 gon
284 5121 703 5196 episcoporum
728 5121 1249 5196 Batisbonensiu'm
1282 5141 1296 5179 :
1351 5122 1590 5179 Eccard.
1639 5126 1806 5196 Corp.
1920 5121 2222 5196 nupserat.

157 5187 285 5247 hist.
316 5187 614 5250 insdfmvi
653 5196 699 5249 t.
726 5193 798 5249 Il.
1428 5234 1431 5235 ν
1748 5187 1768 5196 ’
1988 5187 2134 5262 (551)
2174 5194 2275 5249 Est
2303 5192 2399 5249 hic
2427 5193 2611 5251 Welfo
2644 5193 2694 5250 II
2735 5194 3109 5252 Altorﬂ‘ensis
3138 5196 3200 5253 in
3234 5195 3442 5255 Suevia
3466 5210 3564 5251 co-

239 5263 366 5332 545)
405 5263 547 5322 Vi‘d.
579 5264 674 5320 ad.
706 5278 804 5321 an.
843 5264 978 5318 1017
1006 5267 1066 5319 et
1090 5263 1251 5320 1019.
1914 5281 2055 5322 mos.
2090 5264 2432 5332 Hepidanno
2461 5264 2838 5322 Welihardus
2867 5267 3088 5323 dictus.
3378 5292 3387 5305 ο

238 5333 371 5409 548)
408 5335 550 5409 yid.
581 5351 677 5391 an.
713 5335 1070 5409 1012,1019.
1139 5404 1149 5409 _
1245 5405 1261 5409 _
1347 5404 1358 5409 _
1435 5403 1503 5409 ψ
1986 5336 2136 5409 (552)
2168 5333 2486 5409 (Eporegize,
2515 5353 2642 5409 quis
2672 5336 2843 5393 hodie
2874 5339 3041 5394 Ivrea
3070 5338 3309 5395 dicitur.

241 5402 367 5477 547)
407 5405 735 5462 Hermanni
766 5406 813 5462 ll
843 5404 1203 5477 Alemannis}
1229 5404 1403 5477 ducis
1425 5403 1564 5461 ﬁlia.
1987 5402 2135 5477 (553)
2164 5402 2551 5477 Efectio'jam'
2580 5424 2673 5463 an.
2708 5409 2866 5471 1026,
2928 5410 3031 5464 aed
3092 5407 3387 5465 coronatio
3440 5402 3557 5457 hoc

242 5474 369 5550 548)
410 5477 574 5550 Inter
601 5477 976 5550 Moguntiam
1015 5481 1073 5532 et
1121 5475 1550 5550 Wormatiam.‘
1589 5474 1807 5550 Wippo-
1915 5474 2069 5550 anno
2095 5474 2159 5550 in
2188 5474 2472 5550 Pascha—te
2502 5479 2672 5534 facta.

245 5546 314 5632 54
352 5537 370 5617 )
409 5537 743 5632 Qhronicob
775 5546 1405 5632 Quedlinburge‘ns‘e
1430 5546 1646 5632 pariter
1668 5537 1804 5611 'Mo,
1956 5617 1969 5632 ’
1988 5548 2133 5632 (554)
2164 5549 2373 5613 Chron.
2404 5551 2460 5607 S.
2494 5550 2669 5607 Blasii
2708 5566 2724 5607 ε
2767 5555 2931 5608 Wcrn
2959 5550 3121 5606 abbas
3144 5548 3205 5601 S.
3250 5537 3549 5613 Meginradi

160 5616 380 5766 Tristi;
396 5618 759 5748 ἳζέέιὶδοιιε
780 5619 1001 5676 factum
1015 5616 1245 5676 asserit.
1275 5618 1406 5676 Vid.
1430 5616 1683 5678 Schatcn
1697 5632 1805 5695 μί.
1915 5616 2072 5678 obiit,

475 5814 747 5885 Parion.
791 5814 1050 5887 CXLIII.
