3894 6364
162 448 267 512 23⁸1

1380 443 1847 511 CHRONICON.
1880 480 1959 493 --
1989 445 2175 513 SEC.
2224 446 2324 512 XI.

3426 455 3545 520 938

1516 609 1751 666 CODEX
1788 611 2184 668 AUGIENSIS.

162 707 363 766 abbate
435 704 771 773 decedente,
843 706 1201 777 Nordpertus
1243 706 1539 762 successit.
1588 707 1802 780 Pagani
1832 710 1887 779 Α
1917 709 2018 764 rici
2056 708 2305 781 Lelegeri
2339 708 2525 764 filium
2552 708 2704 765 bello
2734 713 2971 783 peteret,
3004 712 3076 767 ab
3107 711 3233 785 ipso
3282 713 3470 771 victus
3495 718 3554 773 et

162 795 359 864 Sclavi,
411 794 630 851 Leutizi
677 794 838 863 dicti,
889 794 1148 851 Saxonica
1179 795 1458 852 terminos
1499 796 1796 851 infestant.

159 886 349 944 Annal.
382 884 623 942 Hildesh.

227 974 365 1031 l035
394 974 459 1029 In
492 970 658 1029 Italia
700 970 957 1027 minores
1003 970 1240 1038 milites,
1288 974 1493 1029 contra
1530 971 1799 1028 dominos

160 1080 293 1123 suos
319 1062 694 1134 insurgentes
722 1065 780 1117 et
812 1060 936 1117 suis
964 1060 1193 1133 legibus
1221 1061 1412 1117 vivere
1441 1078 1655 1134 eosque
1696 1079 1797 1134 op-

157 1153 400 1227 primere
426 1150 706 1216 volentes,
727 1148 980 1205 validam
1002 1150 1465 1221 conjurationem
1487 1150 1688 1205 fecere.
1710 1150 1793 1205 Ad

157 1259 298 1315 quos
310 1239 662 1301 coercendos
684 1255 817 1294 cum
840 1238 1124 1309 primores
1141 1238 1379 1293 adunati
1407 1254 1661 1311 pugnam
1685 1237 1795 1294 ini-

157 1335 299 1397 rent,
328 1328 499 1385 multi
530 1328 807 1399 utrinque
837 1327 1205 1383 ceciderunt:
1240 1326 1390 1382 inter
1443 1344 1589 1398 quos
1617 1326 1792 1381 etiam

153 1419 413 1478 Astensis
468 1416 779 1490 episcopus
826 1414 1168 1470 vulneratus
1225 1414 1446 1470 interiit
1502 1414 1692 1485 Hepid.
1728 1445 1792 1455 —

153 1507 456 1566 Adelberto
488 1507 607 1563 dux
633 1504 937 1562 Carentani
960 1507 1016 1559 et
1038 1503 1286 1571 Histriae,
1310 1503 1531 1559 amissa
1550 1503 1794 1575 impera-

151 1598 287 1656 toris
316 1596 525 1671 gratia,
557 1595 771 1651 ducatu
804 1609 1035 1666 quoque
1064 1592 1325 1664 privatus
1353 1597 1442 1647 est
1462 1592 1629 1662 (563).
1653 1591 1794 1647 Leu.

151 1688 244 1745 tizi
298 1684 626 1741 Wirbinam
684 1681 988 1739 castellum
1045 1680 1196 1737 clam
1227 1680 1523 1753 proditum
1554 1680 1795 1753 capiunt

152 1775 480 1847 multosque
509 1776 844 1829 nostrorum
876 1770 1168 1836 occidunt,
1199 1769 1286 1824 vel
1316 1769 1577 1841 captivos
1609 1769 1793 1824 abdu-

150 1869 301 1922 cunt.
334 1863 677 1935 Imperator,
715 1860 769 1914 vi
798 1860 1045 1915 transito
1080 1858 1247 1913 Albia
1279 1858 1539 1925 ﬂumine,
1571 1858 1795 1929 provin-

150 1954 293 2011 oiam
321 1967 527 2009 eorum
558 1948 890 2022 ingrediens
920 1947 1037 2003 late
1065 1951 1271 2002 vastat.
1305 1948 1503 2001 Annal.
1551 1945 1789 2001 Hildesh.

159 2044 288 2114 Wip.
316 2071 385 2083 —
417 2039 686 2113 Synodus
717 2053 931 2109 magna
958 2037 1113 2109 apud
1141 2036 1468 2091 Triburiam
1501 2036 1572 2091 ab
1604 2035 1793 2107 impe-

150 2135 331 2188 ratore
359 2128 599 2186 collecta
628 2131 717 2183 est
746 2127 914 2197 (564).

210 2220 350 2275 4036
376 2216 696 2289 Piligrinus
724 2214 1083 2272 Coloniensis
1114 2213 1792 2285 archiepiSCOpusdeces-

148 2308 220 2364 sit
242 2308 411 2380 eique
438 2303 1069 2363 HerimannusOttonis
1083 2303 1320 2358 secundi
1342 2302 1710 2374 imperatoris
1722 2318 1789 2355 ex

148 2396 261 2452 tilia
288 2412 471 2469 nepos
493 2394 797 2451 successit.
831 2394 996 2463 Wipo.
1020 2423 1083 2432 —
1103 2392 1478 2447 Gebehardus
1493 2390 1787 2445 secundus

149 2484 585 2542 Ratisbonensis
614 2484 924 2556 episcopus
953 2498 1044 2536 xv1
1076 2480 1198 2536 Kal.
1233 2480 1424 2535 Martii
1457 2480 1600 2534 obiit
1628 2498 1640 2546 ;
1684 2496 1786 2551 pro

147 2574 512 2647 quo~tertius
561 2571 961 2637 Gebehardus,
1012 2568 1259 2625 Conradi
1309 2568 1678 2640 imperatoris
1717 2584 1786 2623 ex

147 2668 323 2720 matre
339 2661 661 2719 Adelheide
683 2660 877 2727 frater,
901 2659 1211 2731 episcopus
1229 2658 1548 2713 ordinatur.
1583 2658 1780 2713 Chron.

146 2754 392 2824 August;
421 2753 527 2808 alii
548 2768 645 2807 an.
673 2766 761 2822 pr.
794 2780 863 2789 —
894 2748 1176 2803 Henricus
1207 2763 1323 2812 rex,
1359 2746 1511 2801 ﬁlius
1534 2746 1784 2818 impera-

148 2843 303 2910 toris,
325 2838 742 2900 Chunihildem
759 2836 1061 2904 Cnutonis,
1086 2838 1375 2891 Danorum
1395 2839 1451 2891 et
1465 2835 1781 2907 Anglorum

145 2932 290 3004 regis
305 2927 814 3001 tiliam,regalibus
826 2925 937 2981 sibi
959 2926 1111 2997 apud
1131 2924 1547 2995 Noviomagum
1562 2923 1782 2995 nuptiis

146 3019 430 3093 copulavit
460 3032 720 3074 uxorem.
753 3015 951 3070 Annal.
985 3014 1219 3069 Hildesh.
1253 3044 1321 3053 —-
1352 3012 1651 3068 Conradus
1681 3030 1782 3084 pa-

145 3109 341 3167 truelis
368 3096 742 3181 imperatoris
764 3104 944 3177 patris
966 3103 1056 3159 sui
1079 3104 1357 3159 ducatum
1380 3102 1439 3158 in
1460 3103 1780 3158 Carentano

140 3203 199 3255 et
224 3200 281 3255 in
313 3196 554 3265 Histria,
586 3210 760 3268 quem
789 3192 1070 3249 Adelbero
1100 3192 1405 3255 habuerat.
1436 3192 1507 3246 ad
1540 3192 1783 3263 impera-

146 3292 262 3345 tore
288 3285 529 3360 recepit.
561 3284 825 3341 Iidem.—-
847 3282 1249 3337 Heremannus
1271 3297 1502 3353 quoque
1523 3281 1638 3335 dux
1658 3279 1781 3335 Ale-

152 3377 392 3433 mannis:
422 3373 726 3431 marcham
758 3370 940 3427 soceri
963 3370 1053 3425 sui
1082 3369 1411 3441 Meginfridi
1431 3370 1557 3440 (565
1578 3370 1634 3423 in
1664 3371 1775 3424 Ita-

1909 802 2134 870 captus,
2157 797 2607 870 imperatorique
2629 800 2940 869 adductus,
2961 801 3111 858 ferro
3123 818 3247 858 com
3255 803 3487 875 peditus
3499 808 3556 861 et

1907 886 2179 943 custodiae
2201 887 2568 959 mancipatus
2591 887 2792 946 multis
2823 890 2996 945 annis
3027 890 3321 948 detinetur
3348 892 3408 947 in
3430 892 3554 949 vin-

1907 974 2074 1030 culis.
2109 976 2320 1031 Glaber.
2343 1007 2412 1016 ——
2434 978 2755 1048 Imperator
2766 977 2957 1034 hieme
2979 978 3208 1036 Italiam
3229 980 3391 1053 petit.
3411 982 3555 1038 San-

1906 1063 2269 1120 ctimoniales
2299 1082 2333 1119 a
2363 1064 2578 1120 domna
2604 1066 2987 1138 Irmingarda,
3021 1068 3179 1123 Welf
3200 1070 3432 1125 comitis
3469 1069 3554 1127 vi-

1905 1152 2023 1207 dua
2052 1153 2207 1224 apud
2236 1152 2425 1208 Altorf
2449 1170 2551 1225 pro
2583 1153 2806 1210 clericis
2832 1154 3083 1211 collectae
3100 1161 3241 1213 sunt
3271 1160 3443 1230 (566.)

1978 1243 2115 1295 1037
2151 1242 2491 1313 Imperator,
2508 1242 2792 1299 celebrato
2813 1244 3050 1300 Veronae
3067 1245 3269 1302 Natale
3288 1247 3545 1317 Domini,

1903 1346 2006 1401 per
2035 1329 2285 1384 Brixiam
2316 1335 2372 1385 et
2417 1331 2760 1387 Cremonam
2806 1333 3195 1391 Mediolanum
3243 1337 3543 1407 pervenit;

1902 1417 2039 1473 inde
2093 1418 2328 1489 Papiam
2378 1418 2598 1484 adiens,
2650 1420 3023 1477 Herebertum
3054 1423 3545 1481 Mediolanensem

1901 1507 2427 1579 archiepiscopum,
2451 1508 2810 1564 inﬁdelitatis
2830 1515 3165 1566 accusatum
3188 1513 3547 1584 apprehendi

1893 1595 2097 1665 jussit,
2122 1612 2374 1667 eumque
2406 1597 2660 1668 Popponi
2696 1598 3036 1666 patriarcha
3066 1600 3423 1671 Aquileiensi
3445 1618 3544 1657 cu-

1902 1684 2274 1739 stodiendum
2298 1684 2728 1741 commendavit
2750 1704 2762 1754 ;
2783 1687 2884 1758 qui
2905 1687 3045 1760 fuga
3063 1685 3300 1760 elapsus
3325 1689 3548 1747 cunctis

1900 1772 2121 1827 viribus
2151 1773 2339 1827 eidem
2369 1772 2704 1845 imperatori
2736 1775 3017 1832 rebellare
3046 1778 3361 1833 contendit.
3399 1779 3545 1851 Wip;

1902 1860 2021 1916 Otto
2036 1863 2173 1916 Fris.
2194 1891 2259 1902 —
2284 1863 2623 1933 Imperator,
2644 1863 2905 1934 paschali
2926 1865 3071 1920 festo
3093 1866 3377 1929 Ravennae
3393 1872 3544 1934 acto.

1900 1950 2257 2005 territcrium
2294 1950 2719 2006 Mediolanense
2760 1953 3009 2023 repetiit,
3060 1955 3262 2010 urbem
3292 1956 3540 2027 obsedit,

1900 2036 2159 2105 castella,
2190 2036 2358 2093 villas
2386 2038 2695 2110 omniaque
2726 2039 2945 2096 circum
2976 2042 3048 2097 ad
3080 2042 3322 2099 rebelles
3364 2044 3544 2116 perti-

1899 2128 2095 2182 nentia
2121 2126 2387 2193 vastavit,
2422 2127 2869 2198 Conjuratorum
2921 2147 3054 2185 vero
3102 2148 3341 2187 manum
3374 2132 3541 2190 facile

1897 2216 2275 2286 compescuit,
2300 2215 2499 2286 eisque
2520 2215 2726 2287 legem,
2742 2234 2917 2289 quam
2936 2223 2991 2273 et
3010 2220 3304 2290 prioribus
3323 2221 3540 2277 habue-

1898 2308 2028 2358 rant
2056 2303 2437 2375 temporibus,
2469 2306 2682 2375 scripto
2723 2307 3030 2361 roboravit.
3060 2309 3255 2379 Hepid.
3290 2340 3354 2351 —
3385 2310 3542 2382 Papa

1896 2393 2242 2447 Benedictus
2271 2392 2613 2447 Cremonam
2645 2395 2717 2448 ad
2750 2395 3156 2465 imperatorem
3181 2397 3357 2452 venit.
3402 2398 3541 2470 Epi-

1895 2483 2051 2553 scopi
2080 2480 2471 2545 Placentinus,
2506 2482 2915 2538 Cremonensis
2946 2488 3004 2538 et
3045 2484 3427 2541 Vercellensis
3450 2485 3542 2541 in-

1894 2569 2078 2625 cusati
2110 2568 2183 2624 ab
2212 2568 2583 2640 imperatore,
2611 2570 2881 2642 captique
2910 2575 2967 2626 et
2994 2572 3053 2627 in
3075 2572 3345 2629 exsilium
3374 2573 3542 2631 missi

1893 2664 2052 2713 sunt.
2087 2658 2284 2712 Annal.
2319 2657 2520 2713 Hildes.
2549 2675 2563 2725 ;
2598 2660 2730 2730 Wip.
2760 2691 2829 2699 -—
2848 2661 2977 2732 Ipso
2999 2678 3152 2717 anno
3171 2663 3543 2734 pugnainter

1890 2746 2147 2801 Odonem
2178 2745 2409 2801 Gallicae
2438 2748 2765 2818 Campania:
2810 2748 3154 2821 principem,
3198 2755 3257 2806 et
3283 2750 3538 2807 Gozzilo-

1892 2852 2021 2890 nem
2070 2835 2217 2906 (3.67)
2271 2834 2755 2908 Lotharingorum
2809 2837 3016 2893 ducem
3047 2839 3381 2908 commissa,
3413 2839 3537 2896 Odo

1889 2924 2076 2979 victus
2108 2928 2163 2977 et
2191 2940 2323 2978 cum
2356 2924 2480 2979 suis
2512 2924 2747 2995 fugatus
2779 2924 2838 2980 in
2871 2925 2999 2997 ipsa
3031 2927 3169 2999 fuga
3198 2933 3537 3000 peremptus

1888 3011 2127 3067 interiit.
2161 3012 2290 3067 Rod.
2326 3011 2540 3067 Glaber.
2576 3014 2702 3067 hist.
2738 3014 2775 3068 ι.
2803 3031 2885 3082 ιιι,
2915 3032 2961 3069 c.
2985 3016 3040 3071 9.

1962 3101 2115 3157 ωε
2147 3102 2283 3155 1038
2313 3100 2458 3156 Cum
2492 3101 2816 3173 imperator
2844 3103 3108 3160 Natalem
3138 3104 3369 3160 Domini
3400 3105 3537 3163 Par-

1890 3208 1996 3245 mze
2029 3194 2242 3261 ageret,
2276 3194 2403 3245 orto
2426 3190 2576 3245 inter
2596 3191 2764 3246 Parm
2780 3208 2949 3248 enses
2968 3193 3120 3249 cives
3141 3199 3196 3249 et
3216 3194 3535 3252 exercitum

1888 3279 2167 3349 tumultu,
2188 3278 2359 3333 multi
2381 3279 2735 3347 ceciderunt,
2753 3284 2809 3336 et
2829 3280 3096 3353 pluribus
3118 3282 3333 3337 civium
3352 3284 3531 3341 truci-

1887 3367 2195 3438 datis,ipsa
2215 3367 2419 3422 civitas
2436 3367 2703 3423 incendio
2716 3376 3065 3441 consumpta
3082 3374 3188 3425 est.
3204 3371 3531 3442 Wippo;0tto

145 3463 218 3521 lia
244 3466 315 3521 ab
343 3465 700 3536 imperatore
728 3440 1211 3531 accepit.|Leutizi
1235 3457 1419 3513 Sclavi
1441 3458 1777 3530 imperatori
1808 3440 1851 3507 (ἶ
1887 3458 2026 3511 Fris.
2056 3487 2123 3496 -—
2144 3456 2298 3526 Papa
2318 3455 2815 3527 archiepiscopum
2840 3440 3329 3514 Mediolanensem
3351 3459 3531 3533 impe-

145 3553 445 3627 vectigales
475 3550 636 3608 facti.
670 3550 814 3606 πυτ
855 3546 1214 3613 Buchardus,
1248 3547 1653 3618 Lugdunensis
1685 3564 1777 3602 ar-

148 3640 570 3716 chiepiscopus,
603 3639 720 3695 imo
740 3641 1046 3709 tyrannus,
1080 3639 1137 3690 et
1164 3634 1480 3707 sacrilegus
1509 3634 1777 3691 ecclesia-

146 3747 267 3788 rum
296 3730 682 3804 deprmdator,
714 3724 960 3794 adulter,
994 3725 1377 3791 incestuosus,
1410 3740 1543 3779 eum
1575 3723 1781 3780 Vodal-

1885 3544 2060 3600 ratori
2092 3543 2282 3599 adhuc
2312 3542 2684 3599 rebellantem
2707 3547 3189 3602 excommunicat.
3231 3548 3434 3620 Wippo.
3460 3578 3528 3591 —-

1886 3637 2208 3705 Imperator
2222 3648 2356 3687 cum
2370 3631 2525 3687 ultra
2540 3633 2833 3689 Romanas
2846 3640 3041 3706 partes
3053 3638 3531 3709 peragrasset,in-

1889 3723 2076 3793 deque
2098 3736 2200 3793 per
2217 3720 2493 3776 Adriatici
2514 3722 2695 3777 maris
2708 3740 2838 3779 oras
2855 3730 3365 3795 remearet,mense
3376 3725 3531 3783 Julio

1181 3821 1650 3877 COMPENDIUM
1693 3821 1782 3877 EX
1822 3820 2075 3877 GODICE
2114 3818 2489 3875 BERNOLDI.

210 3920 347 3976 1035
370 3916 627 3992 Synodus
653 3930 863 3986 magna
882 3911 1028 3985 apud
1044 3912 1350 3967 Triburiam
1369 3911 1439 3967 ab
1461 3914 1785 3983 imperatore

146 4007 358 4065 collecta
382 4011 485 4065 est.
517 4004 586 4061 Al
616 4020 712 4060 an.
745 4019 868 4074 seq.

209 4095 349 4153 4036
364 4096 651 4165 Piligrino
667 4092 975 4148 Coloniensi
983 4091 1378 4162 archiepiscOpo
1397 4092 1781 4158 Herimannus,

149 4183 413 4242 Gebhardo
440 4183 682 4241 secundo
711 4181 1087 4237 Ratisbonensi
1112 4180 1353 4250 episcopo
1379 4180 1631 4250 defuncto
1678 4188 1783 4236 ter-

148 4275 250 4330 tius
279 4272 627 4331 Gebehardus
673 4271 946 4326 successit.
998 4270 1269 4323 Henricus
1309 4284 1473 4323 rex...
1514 4269 1787 4340 copulavit

148 4376 382 4420 uxorem.
417 4362 703 4420 Leutizi...
736 4358 1023 4428 vectigales
1049 4357 1201 4427 facti,
1234 4360 1300 4411 ut
1318 4358 1463 4428 Aug.
1489 4356 1788 4428 Imperator

149 4449 313 4507 hieme
342 4451 567 4507 Italiam
585 4448 743 4521 petit.

210 4537 347 4595 4037
377 4539 702 4611 Imperator,
734 4536 967 4606 Papiam
996 4533 1209 4597 odiem,
1227 4533 1568 4587 Heribertum
1592 4532 1787 4589 Medio-

148 4626 417 4685 lanensem
453 4626 926 4697 archiepiscopum
978 4619 1326 4691 inﬁdelitatis
1382 4628 1691 4676 accusatum
1727 4622 1789 4675 in

148 4718 440 4774 custodiam
494 4716 669 4781 misit,
705 4714 823 4785 qui,
878 4712 1011 4783 fuga
1056 4711 1294 4781 elapsus,
1340 4710 1553 4763 cunctis
1583 4710 1790 4765 viribus

788 4767 1079 4856 contendit.
1111 4767 1410 4869 Imperator
1424 4797 1789 4853 Mediolanum
1817 4767 1864 4831 Β

151 4891 361 4964 obsedit,
387 4902 441 4952 et
470 4894 893 4964 circumquaque
910 4886 1159 4958 quaelibet
1178 4885 1247 4940 ad
1268 4886 1494 4942 rebelles
1508 4887 1788 4955 pertinen-

149 4980 223 5035 tia
266 4981 597 5040 devastavit.
663 4978 775 5035 Odo
818 4978 1095 5049 princeps,
1145 4974 1377 5031 Gallica
1405 4976 1729 5045 Campania?
1755 4992 1790 5031 a

1895 3910 2179 3965 Gozzilone
2192 3908 2650 3978 Lotharingorum
2659 3908 2793 3966 duce
2815 3927 3000 3981 pugna
3012 3914 3182 3967 victus
3209 3915 3537 3986 fugiensque

1891 4016 1926 4053 a
1955 3997 2188 4069 quodam
2214 3997 2393 4052 milite
2414 3998 2693 4052 occiditur.

1970 4088 2103 4141 1038
2125 4090 2440 4157 Imperator,
2464 4102 2588 4140 cum
2603 4087 2851 4142 Natalem
2867 4088 3085 4144 Domini
3103 4091 3318 4145 Parma
3333 4096 3537 4163 ageret,

1892 4180 2010 4232 orto
2038 4176 2276 4230 tumultu
2307 4177 2452 4229 inter
2478 4177 2808 4232 Parmcnses
2836 4186 2886 4232 et
2921 4181 3243 4245 exercitum,
3282 4183 3540 4254 utrinque

1891 4266 2077 4327 multi,
2108 4264 2204 4318 sed
2232 4280 2302 4317 ea:
2332 4265 2724 4319 Parmensibus
2749 4266 2938 4336 plures
2967 4269 3294 4336 ceciderunt,
3342 4274 3393 4326 et
3420 4272 3541 4342 ipsa

1892 4354 2084 4408 civitas
2105 4352 2353 4407 inccndio
2390 4361 2704 4423 consumpta
2749 4358 2845 4408 est.
2898 4360 3050 4426 Papa
3079 4359 3541 4430 archiepiscopum

1893 4443 2343 4497 Mediolanensem
2370 4444 2705 4512 imperatori
2751 4444 3001 4498 rebellem
3030 4448 3535 4503 excommunicauit.

1898 4530 2241 4585 Chunihildis
2272 4530 2416 4600 (568)
2449 4532 2818 4602 regina,u.ror
2840 4535 3067 4587 Henrici
3082 4536 3366 4603 regis,xvn
3387 4534 3536 4605 (569)

1896 4620 2016 4676 Ral.
2036 4620 2198 4688 Aug,
2229 4627 2278 4673 et
2308 4620 2653 4674 Hermannus
2681 4619 2796 4675 (tua:
2824 4622 3157 4676 Alemannis:
3178 4639 3231 4677 v.
3256 4623 3375 4678 Kal.
3399 4623 3536 4694 Aug.

1894 4725 2020 4764 cum
2049 4709 2240 4763 multis
2270 4709 2398 4762 aliis
2428 4709 2489 4762 in
2516 4709 2679 4763 Italia
2709 4709 2904 4765 obiere.
2940 4710 3237 4782 Stephanus
3266 4727 3368 4767 rex
3396 4712 3542 4767 Hun-

1893 4812 2152 4869 garorum
2184 4797 2338 4852 bona,o
2364 4799 2645 4853 memoria:
2672 4798 2827 4863 obiit,
2859 4800 2954 4869 qui
2999 4800 3235 4870 seipsum
3280 4815 3405 4855 cum
3434 4807 3542 4857 tota

1896 4889 2054 4957 gente
2081 4884 2151 4940 ad
2178 4884 2339 4955 [idem
2371 4884 2572 4941 Christi
2598 4889 2898 4949 convertit;
2944 4904 3041 4959 pro
3082 4904 3185 4960 quo
3238 4892 3434 4944 Petrus
3449 4905 3544 4945 re-

1897 4976 2104 5044 gnavit.

1727 5072 1959 5129 NOTAE.

234 5169 358 5241 363)
386 5169 526 5225 Vid.
560 5182 740 5241 supra
767 5181 861 5221 an.
892 5163 1048 5241 1012.
1084 5231 1158 5241 ,η
1340 5231 1431 5241 ,Μ
1528 5198 1537 5215 .

418 5230 654 5314 Co_ncil.'
700 5237 920 5314 Cerm.,
977 5239 1019 5289 t.
1084 5231 1182 5298 III,
1230 5247 1287 5314 p.
1332 5231 1460 5314 103.ζ
1487 5247 1555 5313 εις
1582 5230 1790 5288 Annal.

154 5301 357 5367 Hildes’.
392 5316 453 5369 et
483 5312 619 5368 Sax.
652 5309 724 5365 ad
755 5301 977 5363 annum
1007 5301 1348 5375 sequentem
1374 5319 1387 5370 ;
1420 5301 1632 5375 Pagius
1661 5320 1795 5359 vero

155 5381 218 5435 ad
244 5382 399 5439 hunc
430 5396 656 5439 annum
691 5378 884 5435 refert.
1543 5382 1551 5388 '

214 5452 359 5535 (565)
391 5451 782 5579 Μοῗιιΐιιίᾱιιε
815 5446 1075 5505 marchio
1124 5446 1196 5501 de
1243 5444 1393 5500 Susa
1449 5447 1593 5511 erat,
1624 5444 1794 5514 cujus

214 5539 322 5579 Iam
351 5524 496 5579 Adel
547 5524 734 5579 eidem
768 5521 1013 5577 duxerat
1043 5517 1410 5572 Hermannus
1440 5514 1530 5570 IV.

154 5519 322 5598 filiam
340 5519 734 5598 fAdelheidem
768 5521 1013 5598 duxerat
1043 5519 1217 5598 Herm

217 5595 363 5668 (566)
392 5596 531 5668 Jam
564 5598 734 5651 antea
762 5609 795 5668 a
824 5587 1383 5668 G_uelﬁs_co_mitibus
1416 5587 1567 5657 apud
1598 5584 1792 5668 Alten:

156 5657 414 5727 monster
468 5667 533 5725 in
589 5664 830 5722 Bavaria
853 5659 1294 5720 Benedictinum
1324 5657 1791 5730 virorumpapud

156 5736 335 5803 Ληουῖ
354 5756 495 5803 vero
526 5738 589 5801 in
620 5736 831 5799 Suevia
858 5732 1016 5797 aliud
1047 5730 1339 5807 virginum
1357 5729 1467 5787 fuit
1494 5728 1793 5790 conditum

547 5523 734 5579 eidem
768 5521 1013 5577 duxerat
1043 5517 1410 5572 Hermannus
1440 5514 1530 5570 IV.

1903 5161 1973 5217 ad
2027 5160 2241 5215 Vineas
2289 5163 2489 5231 postea
2534 5159 2922 5217 nominatum.
2975 5163 3140 5220 Circa
3187 5164 3307 5220 hac
3351 5167 3549 5220 autem

1901 5237 2165 5307 tempora
2187 5231 2353 5307 sedes
2375 5248 2514 5307 suas
2534 5231 2781 5307 invicem
2795 5251 2955 5305 perm
2965 5240 3205 5291 utarunt
3219 5236 3388 5307 ;quod
3402 5234 3549 5293 Hess

1904 5300 2112 5377 Prodr.
2139 5300 2866 5377 Lion_._Guelt.Aad_annu‘m
2905 5307 3037 5360 1047
3067 5300 3385 5377 consignat.

1973 5371 2346 5448 (567)__Gozilo
2374 5390 2475 5448 seu
2508 5373 2801 5448 Gothelol
2834 5378 3143 5448 utriusque
3166 5371 3546 5443 Lotharingiaa

1904 5445 2022 5500 dux
2053 5467 2086 5499 ει
2115 5445 2374 5516 Conrado
2404 5445 2545 5516 imp.
2582 5447 2954 5503 constitutus.

1975 5518 2121 5587 (568)
2150 5515 2316 5588 Aliis
2340 5515 2514 5588 etiam
2562 5517 2822 5572 Elildrud
2866 5523 2967 5574 aut
2994 5517 3210 5588 Cunigu

1906 5592 2132 5659 mutoto
2165 5586 2484 5659 nomincin
2518 5589 2889 5644 coronatione
2928 5586 3159 5659 ll'ippo.‘
3288 5648 3321 5659 η

1975 5658 2122 5732 (569)
2153 5658 2328 5732 Codd.
2366 5658 2652 5732 Murensis
2682 5665 2737 5716 et
2765 5644 3166 5716 Gottwic'e'nsis
3196 5648 3397 5707 melius
3420 5644 3536 5713 ha.

1903 5728 2060 5790 bent.
2095 5728 2168 5788 8v
2197 5729 2317 5791 Kal.
2348 5730 2485 5807 Aug.

3219 5518 3278 5567 nt
3301 5508 3541 5578 dicitur,
