3894 6372
55 438 165 503 261

1267 432 1752 505 CHRONICON:
1781 478 1856 488 --
1887 439 2080 505 ΒιΕΟ.
2125 444 2228 506 XI.

3318 421 3437 511 262“

1082 602 1288 659 CODD.
1321 604 1861 662 GOTTWCIENSIS
1890 606 1973 663 ET
2024 605 2408 662 MURENSIS.

70 697 519 773 propulsandam
533 699 751 755 auxilia
774 699 1077 772 delegavit.
1095 701 1173 756 Ea
1193 702 1484 772 siquidem
1507 720 1650 774 gens
1666 720 1701 759 a
1728 706 1783 769 Α
1811 703 2053 759 demach
2076 703 2469 775 [Haceldama]
2483 704 2687 760 obiens
2709 703 2953 760 feliciter
2968 704 3265 777 sepelitur.
3280 706 3462 776 Cujus

66 787 422 860 temporibus
452 788 666 861 prioris
715 788 947 846 Henrici
1002 789 1158 861 regis
1205 790 1357 861 (651)
1410 790 1470 848 in
1500 796 1696 863 partes

61 876 349 945 Calabria,
373 877 625 933 Samnis;
655 877 1101 950 Campaniaeque
1130 878 1438 947 conﬂuxit;
1462 882 1538 945 et,
1562 879 1700 951 quia

60 965 342 1038 indigenis
371 969 575 1021 contra
607 967 754 1023 281
783 966 1115 1023 Grecorum
1146 972 1203 1022 et
1245 967 1697 1024 Sarracenorum

57 1053 420 1110 incursiones
448 1055 728 1111 audacter
748 1054 1064 1127 praeliando
1094 1054 1699 1128 auxiliabatur,primo

58 1145 349 1216 gratanter
376 1142 683 1215 accipitur.
718 1144 924 1199 Postea
942 1160 1074 1199 vero
1095 1143 1364 1215 pluribus
1393 1160 1595 1200 eorum
1626 1145 1699 1200 ad

58 1232 287 1291 uberem
299 1233 517 1287 terram
536 1232 1039 1298 concurrentibus,
1054 1232 1277 1288 viribus
1290 1233 1358 1288 ad
1366 1232 1519 1288 aucti
1542 1233 1701 1304 ipsos

60 1318 359 1392 indigetes,
394 1323 453 1374 et
504 1336 705 1375 eorum
737 1337 829 1375 res
884 1320 1167 1375 violenter
1223 1321 1551 1393 possedere.
1596 1324 1702 1379 Leo

60 1414 174 1466 0st.
208 1410 247 1463 l.
283 1424 347 1474 ιι,
378 1424 426 1463 c.
458 1409 550 1463 84.
584 1440 653 1449 -
687 1409 846 1464 Unde
877 1409 1131 1465 domnus
1175 1426 1325 1481 papa
1354 1426 1485 1465 cum
1518 1409 1701 1482 pluri-

56 1497 162 1553 bus
188 1495 690 1553 Theutonicorum
724 1497 968 1553 Romam
999 1497 1252 1563 rediens,
1304 1503 1435 1569 post
1481 1499 1704 1554 Pascha

57 1588 251 1641 contra
281 1583 653 1641 Normannos
683 1586 1002 1642 exercitum
1034 1587 1233 1641 movit.
1268 1588 1400 1653 Sed,
1448 1587 1699 1643 exercitu

56 1674 178 1744 ejus
208 1673 432 1746 partim
453 1674 895 1747 fugato,partim
920 1675 1108 1730 occiso
1130 1692 1165 1730 a
1184 1677 1556 1744 Normannis,
1578 1676 1703 1749 ipse

55 1762 278 1834 papain
298 1763 560 1834 quodam
582 1761 822 1818 castello
838 1762 909 1818 ab
931 1763 1014 1818 eis
1035 1765 1500 1829 obsessus,cum,
1525 1782 1703 1836 expu-

56 1854 227 1922 gnata
254 1850 388 1922 jam
413 1851 663 1923 jamque
717 1851 1063 1919 munitione,
1099 1852 1441 1907 necessitate
1470 1858 1703 1909 coactus

56 1938 533 1995 communionem
563 1939 647 1994 eis
700 1939 863 2011 prius
912 1940 1279 1995 interdictam
1310 1941 1701 2011 :reddidisset,

53 2031 331 2099 acceptus
362 2027 439 2082 ab
468 2026 575 2095 eis,
630 2027 1022 2083 Beneventum
1079 2032 1274 2083 tamen
1306 2044 1439 2083 cum
1490 2029 1708 2085 honore

55 2116 359 2171 reducitur
387 2114 589 2187 ibique
620 2132 693 2171 ne
738 2116 971 2182 rediret,
1008 2115 1348 2188 aliquandiu
1398 2118 1708 2173 detinetur.

56 2204 170 2261 Otto
199 2206 457 2273 Frising.
490 2235 558 2244 ——
587 2204 737 2276 Ipsis
794 2204 1002 2260 diebus
1034 2204 1273 2276 quidam
1334 2206 1515 2273 lacus,
1567 2223 1715 2278 quos

55 2292 246 2350 Julius
277 2294 483 2349 Caesar
511 2298 811 2365 perpetuo,
838 2298 904 2349 ut
932 2294 1267 2365 putabatur,
1291 2296 1513 2366 quadro
1546 2312 1716 2367 opere

54 2382 235 2438 fertur
290 2381 685 2448 obstruxisse,
753 2382 936 2437 nimia
989 2399 1276 2453 aquarum
1335 2384 1717 2439 inundatione

54 2470 297 2537 effracti,
328 2470 617 2527 Narniam
650 2471 866 2526 ﬂumen
899 2471 1271 2543 Tiberimque
1293 2471 1445 2527 ultra
1475 2474 1715 2527 modum

56 2561 358 2616 exundare
378 2560 590 2626 fecere,
614 2559 925 2631 subitaque
953 2558 1227 2615 illuvione
1248 2560 1433 2616 multa
1453 2562 1715 2627 aedificia,

55 2648 178 2721 ipse
208 2665 369 2721 pons
400 2648 745 2703 Narniensis
802 2648 1054 2714 dirutus,
1105 2648 1392 2720 multique
1442 2649 1717 2706 mortales

56 2736 553 2809 281assumpti
586 2740 742 2791 sunt.
802 2736 1123 2808 Imperator
1167 2737 1227 2792 in
1285 2738 1535 2793 Saxonia
1562 2739 1715 2811 apud

55 2826 492 2900 Meresipurch,
527 2831 920 2881 commorante
970 2842 1169 2881 secum
1219 2844 1351 2899 rege
1399 2814 1715 2896 Danorum,

54 2917 279 2973 Pascha
308 2916 462 2990 egit,
496 2914 758 2987 ipsisque
806 2915 1014 2970 diebus
1060 2916 1391 2971 Conradum
1440 2916 1719 2989 Bajoariae

57 3006 289 3073 ducem,
321 3004 426 3061 cui
482 3004 610 3075 jam
640 3004 804 3075 prius
862 3003 1126 3059 infensus
1157 3009 1299 3072 erat,
1358 3004 1718 3073 incusatum,

54 3094 469 3166 quorumdam
496 3093 824 3165 principum
845 3092 1070 3163 judicio
1092 3093 1306 3148 ducatu
1329 3094 1719 3166 privavit.Quo

54 3186 319 3256 tempore
337 3187 404 3238 et
426 3182 687 3253 majores
707 3185 763 3236 et
777 3181 1029 3236 minores
1044 3183 1203 3252 regni
1228 3183 1635 3254 imperatorem
1660 3199 1721 3240 se

53 3271 174 3344 ipso
195 3271 475 3329 multum
499 3270 843 3326 deteriorem
873 3270 990 3325 fore
1012 3272 1422 3327 causabantur.
1440 3272 1508 3327 Et
1530 3272 1635 3327 hoc
1665 3277 1722 3327 et

54 3360 349 3432 superiori
372 3375 540 3416 anno
563 3360 798 3430 frugum
817 3359 1059 3430 penuria
1076 3360 1224 3414 facta
1240 3364 1328 3414 est
1341 3377 1455 3416 non
1471 3361 1717 3417 modica.

1811 791 2142 865 exemplum
2169 792 2368 865 plures
2396 793 2633 848 tandem
2657 793 2845 848 secuti
2869 825 2937 835 —
2958 797 3117 849 sunt.
3143 794 3464 866 Imperator

1808 880 2114 949 Henricus,
2145 879 2343 935 habito
2376 880 2529 952 apud
2563 880 2897 936 Triburiam
2928 886 3236 950 conventu,
3270 882 3459 937 ﬁlium

1808 984 1982 1024 suum
2015 969 2375 1040 aaquivocum
2397 985 2593 1041 regem
2627 986 2661 1025 a
2690 969 2915 1026 cunctis
2946 969 3105 1042 eligi,
3127 971 3299 1042 eique
3331 974 3464 1043 post

1809 1057 2033 1112 obitum
2066 1074 2261 1123 suum,
2295 1058 2342 1113 si
2377 1062 2565 1113 rector
2584 1058 2786 1129 justus
2810 1058 3038 1114 futurus
3060 1062 3236 1125 esset,
3267 1060 3464 1130 subje-

1810 1145 2059 1200 ctionem
2082 1145 2338 1216 promitti
2358 1145 2509 1201 fecit.
2532 1145 2673 1201 Illuc
2690 1146 2990 1202 Conradus
3008 1147 3235 1203 dudum
3255 1148 3465 1218 Bajoa-

1808 1233 1905 1287 ria:
1930 1234 2045 1288 dux
2064 1233 2201 1288 dum
2234 1250 2349 1288 non
2374 1236 2646 1302 venisset,
2666 1238 2723 1290 et
2744 1235 3031 1306 Hungaris
3052 1252 3114 1291 se
3137 1236 3454 1309 adjungere

1810 1326 2111 1388 tentasset,
2147 1321 2497 1393 quibusdam
2533 1323 2687 1378 234
2734 1323 2859 1377 suis
2889 1323 3360 1394 possessionibus
3386 1324 3460 1378 ab

1809 1410 2158 1481 imperatore
2174 1410 2432 1481 privatus
2445 1414 2551 1465 est.
2566 1411 2648 1466 Ibi
2664 1412 2839 1466 etiam
2862 1410 3033 1483 legati
3054 1412 3289 1467 Andreae
3306 1412 3461 1483 regis

1812 1498 2350 1570 Hungarorum,qui
2376 1515 2479 1570 pro
2496 1499 3049 1570 pacecomponenda
3073 1500 3467 1565 advenerunt,

1813 1587 1919 1657 [re]
1941 1586 2260 1659 composite
2283 1587 2354 1642 ab
2379 1587 2728 1658 imperatore
2749 1587 2974 1642 remissi
3001 1586 3469 1643 sunt.Hacilinus

1813 1675 2299 1746 Bahinbergensis
2345 1675 2658 1747 episcopus
2706 1675 2946 1731 infamis
2978 1675 3238 1732 moriens
3270 1675 3472 1732 locum

1813 1763 1976 1819 dedit
2006 1764 2174 1833 (e52).

1884 1852 2024 1906 4054
2053 1851 2370 1923 Imperator
2400 1868 2531 1907 vero
2563 1851 2621 1906 in
2651 1850 2974 1922 Bajoariam
3008 1850 3265 1919 veniens,
3290 1852 3467 1909 duca-

1813 1945 1939 1995 tum
1967 1940 2095 2010 ejus
2153 1940 2457 2011 provinciae
2516 1939 2634 1996 filio
2693 1957 2797 1995 suo
2849 1939 3140 2011 aaquivoco
3196 1940 3458 1996 tradidit.

1818 2028 2143 2100 Sicque,§in
2175 2029 2377 2084 eadem
2409 2044 2776 2084 commorans
2827 2028 3146 2101 provincia,
3196 2027 3462 2084 Natalem

1823 2117 2053 2173 Domini
2074 2117 2132 2172 in
2158 2116 2290 2171 villa
2311 2117 2547 2191 Ottinga
2563 2117 2902 2189 egit,ibique
2925 2118 3464 2189 Babenbergensem

1824 2207 2221 2278 episcopatum
2255 2204 2602 2261 Adalberoni
2653 2206 2997 2262 consobrino
3045 2223 3150 2261 suo
3182 2206 3327 2277 (653)
3358 2206 3467 2275 do-

1825 2296 2065 2361 navit,et
2092 2295 2306 2365 sic,per
2324 2292 2726 2348 Alemanniam
2746 2292 3058 2361 transiens,
3080 2294 3292 2366 Turegi
3322 2294 3469 2357 Qua-

1823 2384 2217 2455 dragesimam
2266 2382 2578 2439 inchoavit.
2631 2381 2940 2453 Moguntiae
2990 2386 3184 2436 autem
3244 2382 3466 2437 Pascha

1826 2471 2159 2537 celebravit,
2194 2471 2292 2526 ubi
2324 2471 2696 2526 Theobaldus
2743 2471 2963 2526 Odonis
3002 2470 3180 2539 filius,
3216 2471 3285 2526 ad
3337 2487 3471 2526 eum

1826 2562 1896 2616 de
1920 2560 2123 2616 Galliis
2146 2560 2657 2627 adveniens,miles
2679 2561 2806 2629 ejus
2828 2558 3171 2615 efﬁcitur.—
3195 2560 3475 2615 Dominus

1826 2667 1978 2722 papa
2006 2650 2241 2704 tandem
2266 2649 2521 2703 instante
2551 2648 2813 2720 paschali
2836 2653 3096 2718 tempore
3122 2648 3366 2704 Romam
3391 2665 3475 2704 re-

1824 2755 2026 2793 versus
2046 2736 2519 2809 aagrotans,285
2545 2735 2934 2791 invalescente
2955 2736 3011 2790 in
3031 2735 3155 2791 dies
3171 2735 3472 2808 languore,

1826 2828 2075 2900 glorioso
2095 2827 2270 2894 exitu,
2288 2826 2517 2881 cunctis
2539 2826 2701 2896 prius
2717 2824 3068 2880 benedicens
3083 2828 3139 2880 et
3158 2823 3474 2880 admonitis

1827 2916 2175 2982 valedicens,
2230 2919 2286 2971 et
2330 2916 2389 2970 S.
2425 2914 2589 2970 Petro
2640 2916 2874 2985 peccata
2902 2930 3010 2971 sua
3057 2913 3388 2979 confessus,
3415 2917 3475 2967 et

1827 3005 2200 3063 devotissime
2223 3022 2284 3060 se
2303 3004 2388 3059 illi
2411 3003 2852 3068 commendans,
2874 3020 2968 3057 xv:
2992 3001 3117 3058 Kal.
3141 3001 3277 3057 Maii
3300 3001 3463 3067 obiit,

1828 3100 1885 3151 et
1915 3095 1973 3150 in
2003 3092 2246 3150 basilica
2281 3094 2339 3148 S.
2366 3091 2516 3147 Petri
2541 3092 2709 3162 juxta
2737 3095 2793 3146 S.
2827 3090 3087 3163 Gregorii
3138 3089 3475 3162 sepulcrum

1829 3182 2093 3255 sepultus
2108 3180 2407 3237 miraculis
2420 3180 2701 3236 claruisse
2714 3178 3476 3235 memoratur—Gotifridus

1830 3273 1946 3327 dux
1978 3272 2187 3327 iterum
2216 3269 2498 3325 rebellare
2544 3268 2882 3341 imperatori
2927 3266 3183 3335 molitur,
3215 3271 3293 3333 et,
3326 3266 3475 3322 clam

1832 3360 2056 3416 Italiam
2077 3357 2636 3431 ingrediens,ibique
2648 3356 2944 3411 dominam
2964 3355 3280 3410 Beatricem
3304 3355 3474 3426 (654),

55 3448 203 3508 28³
236 3447 673 3509 Werinharius
698 3446 1009 3519 Augiensis
1049 3448 1373 3504 monachus
1405 3450 1722 3505 admodum
1755 3436 1797 3501 C
1833 3449 2067 3504 viduam
2102 3452 2233 3519 post
2254 3449 2500 3501 mortem
2533 3444 2637 3500 viri
2671 3444 2764 3499 sui
2785 3442 3139 3499 marchionis
3172 3442 3473 3511 Bonifacii,

54 3538 259 3594 doctus
289 3542 357 3594 et
376 3552 525 3607 vere
570 3534 834 3608 religioni
865 3536 1116 3599 deditus.
1150 3538 1344 3593 studio
1372 3537 1498 3593 vitae
1531 3538 1721 3610 perfe-

53 3625 246 3683 ctioris
260 3624 994 3701 ﬂagrans,peregrinando
1007 3625 1064 3679 in
1085 3624 1411 3681 Jerusalem
1424 3626 1722 3699 proChris-

50 3718 103 3772 to
124 3732 381 3789 peregre
406 3713 713 3789 profectus
736 3718 846 3782 est,
871 3717 927 3769 et
939 3712 1057 3769 illic
1078 3714 1252 3770 etiam
1283 3714 1343 3769 in
1365 3731 1502 3788 agro
1521 3715 1724 3772 Achel-

1831 3538 1941 3594 sibi
1973 3537 2032 3591 in
2063 3536 2399 3608 conjugium
2430 3530 2751 3605 copulavit,
2784 3529 3109 3589 Balduinus
3137 3530 3478 3605 imperatori

1833 3624 2095 3682 rebellat.

864 3845 1171 3892 HUCUSQUE
1197 3846 1482 3886 caaomca
1510 3848 1835 3889 nsnmmm.
1865 3845 2076 3887 ABHINC
2104 3843 2511 3885 BERCHTOLDUS
2538 3827 2705 3899 (655).

1499 3947 1685 4004 EDIT.
1734 3945 2058 4005 URSTISII.

50 4047 262 4105 buriam
292 4051 592 4104 conventu
621 4043 823 4109 habito,
854 4043 1037 4114 ﬁlium
1076 4044 1414 4116 aequivocum
1458 4062 1490 4100 a
1518 4048 1726 4102 cunctis

48 4136 175 4205 eligi
200 4138 373 4208 eique
400 4135 542 4207 post
571 4132 781 4187 obitum
810 4148 991 4199 suum,
1023 4133 1077 4187 si
1104 4140 1279 4188 rector
1286 4136 1481 4205 justus
1506 4135 1729 4204 futurus

45 4232 187 4290 esset,
213 4224 642 4297 subjectin
669 4222 920 4291 promitti
965 4222 1115 4291 fecit.
1171 4220 1250 4274 Ad
1305 4237 1465 4292 quem
1492 4238 1726 4278 conven-

46 4320 152 4368 tum
205 4330 345 4370 cum
417 4308 715 4368 Conradus
769 4308 974 4363 dudum
1033 4310 1303 4369 Baioariw
1375 4310 1490 4365 dua:
1544 4313 1731 4366 venire

46 4402 249 4469 nolens,
280 4418 426 4458 cum
458 4396 739 4469 expeditis
758 4397 1031 4452 militibus
1054 4398 1171 4467 regi
1186 4398 1451 4454 rebellare
1477 4399 1727 4467 moliens,

47 4492 340 4561 Hungaris
388 4505 457 4545 se
480 4487 727 4559 jungere
755 4490 1025 4553 tentasset,
1056 4486 1388 4556 quibusdam
1419 4487 1578 4555 inibi,
1612 4503 1732 4558 quae

44 4581 189 4650 prius
249 4581 574 4644 habuerat,
634 4574 1057 4646 possessionibus
1112 4576 1228 4630 suis
1283 4575 1353 4630 ab
1408 4577 1734 4647 imperatore

42 4669 291 4738 privatus
311 4676 424 4736 est,
464 4680 570 4720 eas
600 4666 761 4734 quasi
796 4664 1049 4732 legaliter
1077 4665 1407 4736 acquirente.
1442 4664 1522 4719 Ibi
1568 4666 1733 4720 etiam

47 4756 207 4825 legati
252 4757 529 4813 Andreae
557 4753 699 4823 regis
742 4752 1127 4823 Hungarorum
1166 4767 1269 4823 pro
1295 4767 1429 4823 pace
1451 4759 1731 4824 pactoque,

46 4860 183 4912 cum,
241 4846 626 4917 suffragante
685 4840 1069 4897 Ratisbonense
1122 4842 1365 4912 episcopo
1413 4842 1737 4896 immensam

43 4935 359 5003 pecuniam,
395 4944 652 4999 statque
692 4930 994 5000 provinciae
1020 4936 1251 5000 partem,
1281 4930 1350 4997 {et
1386 4928 1469 4984 nd
1514 4929 1734 5001 expedi-

50 5012 212 5079 tiones
241 5038 478 5088 omnes,
513 5022 735 5090 praeter
762 5018 1031 5086 Italicam,
1066 5033 1189 5073 suos
1237 5019 1408 5074 ituros
1450 5021 1736 5090 promitte-

51 5208 57 5283 ί
114 5218 266 5292 (651)
294 5212 593 5292 $‘ecundi
619 5212 906 5292 videlicet.
940 5212 1068 5292 Vid.
1103 5230 1196 5292 an.
1230 5213 1384 5292 1022.

133 5281 266 5361 652)
300 5289 456 5346 Haec
491 5285 692 5361 gratis
722 5284 793 5361 de
823 5283 1071 5356 praesule
1118 5284 1264 5341 alias
1311 5283 1472 5340 haud
1518 5281 1735 5340 inﬁmae

49 5351 535 5418 laudis'asserti
560 5351 850 5412 videntur.

112 5431 263 5507 (653)
298 5427 646 5507 Mathildis
672 5426 893 5507 scilicet
920 5424 1063 5507 filio,
1097 5424 1480 5507 quaaﬂmatr‘is.
1506 5423 1735 5507 Henrici

51 5495 257 5561 Giselas'
284 5519 480 5561 soror
511 5502 672 5567 erat,
706 5502 888 5570 nupta
915 5495 1180 5570 Conrado
1225 5495 1530 5570 Cerinthiaa
1579 5496 1734 5554 duci.

132 5575 263 5631 65H
303 5581 390 5631 De
424 5574 558 5629 hac
594 5567 846 5624 Beatrice
874 5569 987 5623 vid.
1024 5584 1158 5623 mox
1184 5584 1278 5623 an.
1310 5567 1470 5622 1052.

132 5576 239 5630 654
303 5581 390 5631 De
424 5576 558 5629 hac
594 5576 846 5624 Beatrice
874 5576 987 5623 vid.
1024 5584 1158 5623 mox
1184 5584 1278 5623 an.
1310 5576 1470 5622 4052.

113 5576 264 5722 (652Ξ
289 5647 437 5722 Hoc
470 5640 668 5722 n_i_odo
689 5639 1041 5722 “Chronicon
1096 5637 1412 5722 Hermanui
1437 5636 1741 5722 .claudunt

52 5708 342 5782 Maronitis
376 5720 446 5780 et
511 5709 1014 5789 Engelbergensis
1044 5709 1289 5783 codices,
1351 5708 1452 5788 qui
1511 5708 1618 5770 soli
1672 5725 1742 5771 ex

1834 4052 1974 4112 rent,
2009 4046 2311 4114 imperator
2337 4057 2401 4096 ea
2429 4055 2485 4095 se
2512 4043 2856 4110 accepturum
2894 4037 3001 4107 ﬁde
3044 4037 3172 4093 data
3212 4039 3475 4110 spondens

1833 4150 1922 4190 eos
1951 4133 2186 4188 remisit.
2226 4129 2527 4185 Hadamuta
2558 4129 2685 4199 (656
2730 4127 2795 4182 de
2844 4128 3165 4195 Nuinburgo
3204 4128 3477 4184 abbatissa

1834 4221 2181 4286 venerabilis,
2213 4235 2333 4290 quae
2361 4219 2537 4274 locum
2580 4233 2741 4271 suum
2792 4218 2955 4287 prius
3002 4232 3138 4287 pene
3181 4216 3475 4289 dilapsum,

1838 4320 1987 4368 intra
2016 4312 2066 4365 et
2094 4312 2252 4365 extra
2281 4306 2636 4362 laudabiliter
2671 4308 3053 4376 recuperatum
3106 4307 3168 4360 in
3212 4308 3481 4377 optimum

1838 4401 2136 4457 deduxerat
2161 4402 2385 4464 statum,
2419 4396 2590 4450 aliam
2631 4410 2732 4466 pro
2761 4409 2817 4450 se
2857 4393 3167 4465 designans,
3200 4402 3251 4449 et
3276 4396 3476 4450 sorori-

1842 4491 1939 4546 bus
1978 4489 2063 4560 pie
2092 4486 2387 4543 admonitis
2416 4484 2676 4539 ultimum
2704 4482 3030 4547 valedicens,
3062 4498 3119 4536 1v
3166 4482 3287 4537 Kal.
3342 4482 3473 4538 Nov.

1838 4578 2097 4649 feliciter,
2130 4591 2160 4631 o
2185 4575 2405 4629 utinam
2429 4577 2447 4625 !
2467 4571 2707 4627 decessit.
2738 4570 3032 4626 Hazelinus
3055 4571 3244 4637 etiam,
3274 4570 3476 4625 Babin-

1843 4664 2117 4734 bergensis
2147 4664 2421 4734 episcopus
2442 4660 2690 4731 infamis,
2720 4659 2959 4713 moriens
2989 4657 3167 4713 locum
3194 4656 3361 4713 dedit.

1913 4754 2053 4810 4054
2082 4754 2186 4807 Per
2234 4751 2377 4806 idem
2424 4746 2630 4819 tempus
2670 4745 2945 4804 Conradus
2990 4746 3195 4801 dudum
3245 4747 3380 4816 dum,
3413 4746 3480 4801 ab

1845 4841 2060 4897 Andrea
2087 4854 2213 4909 rege
2259 4840 2643 4907 Hungarorum
2684 4839 2964 4907 gratanter
2991 4840 3284 4909 susceptus,
3312 4838 3385 4904 ei,
3414 4852 3485 4892 ne

1843 4932 2144 5002 allegatum
2171 4944 2295 4983 cum
2344 4929 2671 4998 imperatore
2696 4925 2868 4997 fcedus
2894 4926 3174 4997 perﬁceret
3201 4925 3484 4994 dissuasit,

1844 5024 1897 5075 et
1922 5019 2137 5074 auxilio
2165 5017 2285 5086 ejus
2313 5013 2605 5086 quamdam
2643 5013 2939 5070 Carentani
2963 5018 3198 5087 partem,
3232 5030 3487 5087 quorum-

230 5131 235 5134 '
1684 5116 1893 5175 NOTAE

1845 5209 2262 5287 reliquisillud
2293 5209 2364 5287 ad
2386 5208 2572 5287 finem
2590 5225 2778 5281 usque
2811 5212 3158 5287 perduxere,
3184 5227 3393 5283 nempe
3414 5211 3484 5266 ad

1845 5305 1939 5343 an.
1972 5279 2114 5356 l054
2145 5298 2259 5354 quo
2308 5279 2453 5356 obiit
2498 5279 2867 5356 Hermannus
2905 5282 2999 5339 die
3026 5284 3095 5338 24
3126 5279 3412 5356 Sept.,'et
3452 5297 3486 5336 a

1845 5374 1961 5429 quo
1991 5355 2125 5429 dein
2156 5352 2529 5429 prosequitur
2556 5353 2684 5424 ejus
2716 5353 3107 5422 continuator,
3138 5352 3481 5410 Bertholdus

1846 5423 2035 5501 ipsius
2052 5423 2407 5501 discipulus.

1918 5498 2065 5570 (656)
2096 5491 2376 5570 Bruschio
2407 5494 2759 5570 ﬂademodis
2789 5494 3023 5570 dicitur,
3045 5496 3275 5570 _qua_rt_a
3302 5491 3472 5570 abba-

1847 5559 1993 5651 tissa
2008 5559 2386 5651 parthenonis
2407 5566 2835 5651 ljeoburgensis
2850 5559 3027 5639 prope
3040 5559 3469 5651 Iugolptadium,

1849 5636 2121 5699 circa'an.
2160 5639 2317 5706 1007,
2350 5654 2384 5693 a
2414 5636 2471 5695 S.
2505 5636 2747 5696 Henrico
2776 5636 2917 5711 imp.
2946 5636 3230 5693 exstructi.
