3894 6356
364 387 478 446 267

1391 384 1760 448 CHRONICI
1807 381 2220 444 HERMANNI
2265 367 2729 445 CONTRACTI.

1761 531 2005 589 EDITIO
2045 532 2374 590 URSTISII.

369 648 565 702 Victor
589 647 636 701 II
669 647 951 704 decessit:
977 648 1035 703 in
1058 651 1226 720 cujus
1255 650 1446 706 locum
1479 649 2012 716 Fridericus,frater
2041 653 2094 716 Α
2123 647 2217 703 sit.
2243 680 2308 688 -—
2335 648 2632 704 Conradus
2661 645 3025 703 Nemetensis
3053 645 3369 718 episcopus
3403 642 3692 708 moritur,
3719 641 3770 698 in

374 735 669 792 Godetridi
702 737 852 806 (674)
907 737 1092 808 ducis,
1150 739 1373 793 dudum
1403 737 1562 792 Beati
1613 737 1819 792 Leonis
1851 753 2010 808 papae

374 823 821 880 archidiaconus
869 826 1034 895 (675),
1068 829 1204 880 tunc
1237 829 1431 880 autem
1472 825 1753 896 temporis
1810 840 2011 879 mona-

377 912 535 967 sterii
605 911 661 967 S.
724 911 1017 968 Benedicti
1050 913 1252 982 abbas,
1311 914 1443 968 CLV
1491 929 1640 984 papa
1679 912 2010 978 ordinatus,

378 999 706 1072 Stephanus
739 1017 926 1056 nonus
953 1005 1042 1056 est
1093 1003 1450 1056 nominatus.
1483 1033 1551 1042 ——
1582 1001 1711 1056 Otto
1742 1001 1858 1054 dux
1885 999 2014 1054 Ale-

379 1104 724 1146 mannorum
783 1088 945 1155 obiit,
978 1090 1144 1160 cujus
1188 1091 1466 1145 ducatum
1531 1089 1818 1144 Rudolfus
1867 1087 2014 1158 (676)

381 1177 614 1249 accepit.
645 1209 710 1216 ——
741 1176 857 1232 Hoc
888 1195 1039 1232 anno
1107 1177 1330 1250 lapides
1377 1177 1535 1231 mira:
1567 1176 2014 1248 magnitudinis,

379 1263 537 1320 misti
575 1264 876 1336 grandine,
935 1265 1008 1321 de
1053 1266 1195 1320 coelo
1227 1266 1583 1332 ceciderunt,
1644 1269 1700 1319 et
1749 1263 2014 1318 nonnulli

377 1353 684 1409 hominum
717 1353 963 1408 fulmine
995 1355 1316 1425 perierunt.

452 1443 590 1497 1058
606 1443 800 1496 Romae
825 1442 1158 1513 Stephanus
1177 1459 1326 1514 papa
1349 1443 1513 1496 obiit.
1535 1442 1776 1497 Romani
1802 1447 2014 1520 autem,

382 1535 615 1603 accepta
649 1531 912 1600 pecunia,
947 1532 1260 1600 quemdam
1303 1531 1584 1586 Joannem
1644 1531 1789 1600 (677)
1822 1535 2021 1584 contra

383 1635 635 1676 canones
665 1619 980 1690 elegerunt,
1014 1619 1114 1690 qui
1146 1619 1269 1674 sine
1299 1619 1729 1674 consecratione
1748 1617 1900 1675 255
1920 1633 2020 1688 per

384 1708 608 1780 aliquot
619 1707 742 1762 dies
758 1708 1028 1773 sedens,a
1039 1708 1346 1763 Godefrido
1361 1709 1393 1762 d
1405 1725 1505 1763 uce
1519 1707 2022 1779 expellitur,atque

387 1795 733 1852 Florentinis
792 1795 1037 1849 civitatis
1059 1796 1556 1867 episcopus,CLVI
1575 1813 1724 1867 papa
1744 1795 2022 1851 constitu-

385 1889 501 1940 tus.
516 1883 783 1939 Nicolaus
797 1885 1088 1939 secundus
1106 1889 1194 1939 est
1215 1889 1453 1940 vocatus
1475 1885 1866 1956 (678).Eodem
1883 1888 2023 1938 tem-

385 1990 523 2046 pore
535 1972 814 2027 Henricus
826 1975 1202 2044 Augustanus
1215 1973 1522 2045 episcopus
1536 1974 1688 2045 apud
1703 1973 2022 2045 imperatri-

387 2078 511 2118 cem
527 2077 825 2117 summum
841 2059 1068 2116 consilii
1083 2061 1276 2116 locum
1294 2061 1500 2117 habuit
1523 2080 1535 2128 ;
1552 2063 1708 2133 quod
1725 2060 2022 2117 nonnullis

389 2149 549 2223 regni
583 2149 962 2221 principibus,
988 2151 1118 2222 ejus
1150 2150 1518 2206 insolentiam
1556 2168 1671 2207 non
1707 2151 2024 2206 ferentibus

388 2238 640 2295 multum
671 2237 986 2310 displicuit.

455 2327 596 2382 1059
627 2327 740 2382 Hoc
771 2344 944 2398 anno,
977 2343 1192 2399 magna
1241 2327 1568 2384 mortalitas
1631 2328 1937 2383 hominum
1971 2331 2027 2383 et

389 2417 569 2489 pestis
599 2432 870 2487 pecorum
903 2416 1056 2471 facta
1087 2420 1192 2472 est.
1219 2417 1354 2470 Orto
1388 2418 1538 2471 inter
1567 2417 2028 2472 Mediolanenses

389 2509 445 2560 et
475 2503 810 2559 Ticinenses
843 2503 1012 2570 bello,
1047 2504 1214 2558 multi
1249 2521 1317 2558 ex
1348 2508 1591 2575 utraque
1619 2509 1780 2575 parte
1812 2505 2026 2559 cecide-

335 2619 338 2622 ’
389 2596 548 2648 runt.
583 2591 861 2647 Rodolfus
887 2592 1340 2646 Alemannorum
1364 2593 1481 2646 dux
1502 2592 1865 2660 Mathildam,
1887 2593 2029 2647 Hen-

391 2683 474 2737 ric
532 2679 684 2752 regis
717 2696 994 2748 sororem,
1029 2680 1194 2735 duxit
1235 2697 1496 2736 uxorem.
1529 2713 1597 2722 —-
1631 2681 1828 2736 Fuldis
1859 2682 2029 2736 Eber-

393 2770 613 2826 hardus
627 2769 808 2824 abbas
821 2769 1086 2838 decessit,
1111 2769 1204 2824 cui
1222 2769 1546 2841 Sigefridus
1567 2770 1846 2825 successit
1862 2771 2027 2841 (679).

398 2891 463 2900 —-
493 2859 752 2913 Andreas
807 2858 1118 2913 Pannonias
1151 2875 1268 2913 rex.
1323 2875 1454 2913 cum
1483 2857 1647 2930 prius
1697 2875 1897 2930 pacem
1931 2876 2030 2930 pa-

409 2955 687 3019 ctumque
718 2965 818 3019 per
845 2947 1066 3020 legatos
1089 2963 1224 3003 cum
1256 2947 1499 3002 Henrico
1539 2964 1672 3019 rege
1694 2948 2034 3003 conﬁrmas-

403 3041 512 3105 set,
537 3036 710 3090 etiam
733 3052 990 3090 sororem
1009 3036 1137 3105 ejus
1173 3035 1458 3090 minorem
1492 3037 1635 3107 (680)
1655 3035 1770 3091 ﬁlio
1797 3053 1902 3092 suo
1933 3037 2036 3092 ad-

405 3126 520 3182 huc
547 3140 724 3196 puero
754 3124 894 3195 (681)
927 3139 1203 3195 sponsam
1235 3124 1504 3179 obtinuit.

2121 737 2288 806 cujus
2320 736 2511 792 locum
2533 735 2863 790 Einhardus
2887 732 3590 807 promovetur.Mathilda
3621 747 3773 787 soror

2121 825 2275 896 regis
2305 824 2447 880 obiit
2476 824 2722 896 (684).-
2753 824 3040 878 Henricus
3071 822 3370 895 palatinas
3394 821 3554 894 (685)
3587 836 3774 876 comes

2123 913 2182 966 in
2195 913 2511 968 amentiam
2533 929 2757 982 versus,
2781 928 2914 968 cum
2938 913 3049 968 sub
3069 911 3264 984 specie
3285 909 3602 982 religionis
3616 909 3776 980 quasi

2124 1001 2404 1056 saeculum
2425 1001 2907 1072 derelinquensin
2932 1000 3362 1056 monasterium
3379 997 3780 1071 Ephtirnacha

2126 1107 2188 1145 se
2219 1090 2582 1158 contulisset,
2615 1090 2750 1145 inde
2781 1091 3113 1146 abstractus
3134 1090 3454 1162 conjugem
3485 1102 3670 1144 suam
3703 1103 3780 1142 oc-

2127 1179 2288 1233 cidit.

2199 1267 2350 1323 256
2381 1268 2450 1322 Et
2480 1267 2590 1321 hoc
2648 1284 2820 1332 anno,
2881 1267 3034 1322 sicut
3062 1267 3120 1321 in
3183 1265 3385 1338 priori,
3445 1262 3780 1321 mortalitas

2129 1354 2345 1410 multos
2397 1355 2690 1410 exstinxit.
2727 1355 2922 1410 Hiems
2971 1353 3116 1410 satis
3146 1355 3298 1410 dura
3353 1357 3414 1409 et
3472 1353 3696 1408 nivosa
3735 1355 3786 1407 et

2127 1444 2258 1516 plus
2288 1443 2455 1499 solito
2512 1443 2754 1515 prolixa,
2811 1441 3086 1499 frumenti
3137 1441 3376 1514 vinique
3453 1441 3786 1497 maximum

2129 1532 2324 1588 attulit
2353 1533 2656 1587 damnum.
2690 1533 2948 1587 Andreas
2981 1549 3078 1588 rex
3117 1530 3588 1598 Pannoniarum,
3623 1545 3786 1586 cum-

2131 1621 2369 1676 afratre
2423 1638 2528 1676 suo
2584 1636 2830 1693 regnum
2883 1620 2994 1676 sibi
3021 1620 3489 1692 circumquaque
3515 1622 3790 1676 vastante

2131 1708 2346 1763 multas
2379 1709 2624 1780 injurias
2683 1725 2997 1780 perpessus
3053 1708 3286 1776 fuisset,
3339 1707 3584 1764 tandem
3635 1707 3791 1764 febre

2131 1797 2400 1868 pulsatus
2430 1813 2632 1852 omnes
2687 1797 2998 1853 thesauros
3045 1813 3180 1853 suos
3211 1797 3274 1852 in
3331 1800 3602 1852 castrum
3677 1795 3791 1852 Me-

2133 1885 2400 1940 dilhecka
2427 1885 2594 1956 (686),
2615 1902 2719 1940 nec
2746 1903 2862 1941 non
2883 1889 2940 1940 et
2957 1884 3144 1940 ﬁlium
3161 1901 3338 1940 suum
3369 1884 3632 1940 Henrico
3667 1883 3787 1956 regi

2135 1990 2236 2046 per
2264 1973 2648 2028 Tiedbaldum
2681 1973 2952 2030 comitem
2983 1973 3318 2031 transmisit
3345 1974 3522 2044 (687).

2206 2062 2328 2117 1061
2369 2062 2577 2133 Magna
2635 2063 2817 2118 fames
2875 2061 3093 2118 multos
3149 2061 3546 2134 consumpsit.
3583 2093 3656 2104 —-
3693 2061 3798 2119 Ge-

2133 2150 2428 2206 behardus
2459 2150 2609 2221 (688)
2641 2150 3085 2206 Ratisbonensis
3141 2150 3456 2222 episcopus
3488 2149 3674 2221 obiit;
3705 2149 3800 2206 cui

2133 2238 2262 2294 Otto
2293 2239 2597 2294 successit.
2631 2270 2700 2280 -—
2729 2239 3031 2295 Conradus
3062 2237 3234 2310 (689),
3283 2239 3386 2310 qui
3436 2238 3802 2295 Garentanis

2135 2327 2255 2382 solo
2289 2327 2525 2382 nomine
2555 2328 2722 2382 ducis
2755 2327 3004 2400 praefuit.
3066 2326 3326 2382 moriens
3357 2325 3560 2382 locum
3594 2327 3806 2396 dedit;

2135 2417 2304 2485 cujus
2333 2415 2616 2469 ducatum
2647 2415 2954 2470 Bertoldus
2983 2415 3130 2486 (690)
3161 2413 3496 2487 Suevigena
3547 2415 3802 2488 accepit.

2139 2535 2202 2543 —
2235 2503 2427 2557 Romae
2457 2503 2689 2558 Nicolao
2721 2520 2872 2575 papa
2902 2504 3198 2571 defuncto,
3229 2503 3480 2558 Romani
3515 2519 3808 2560 coronam

2136 2597 2192 2648 et
2219 2592 2334 2648 alia
2356 2607 2599 2647 munera
2632 2592 2875 2646 Henrico
2904 2592 3026 2663 regi
3047 2591 3516 2647 transmiserunt
3539 2609 3808 2664 eumque

2138 2697 2241 2751 pro
2299 2679 2566 2752 eligendo
2623 2695 2856 2735 summo
2914 2679 3188 2750 pontiﬁce
3237 2679 3806 2752 interpellaverunt.

2139 2769 2267 2834 Qui,
2302 2769 2372 2823 ad
2405 2784 2466 2824 se
2493 2768 2822 2824 convocatis
2853 2768 3128 2824 omnibus
3161 2767 3342 2824 Italia
3375 2769 3688 2842 episcopis
3721 2786 3812 2843 ge

2141 2857 2438 2928 neralique
2451 2863 2736 2912 conventu
2763 2856 2998 2912 Basileae
3030 2855 3255 2924 habito,
3277 2857 3488 2914 eadem
3519 2857 3812 2930 imposita

2141 2959 2354 3000 corona
2371 2945 2652 3015 patricius
2675 2945 3069 3000 Romanorum
3091 2943 3424 3018 appellatus
3449 2949 3568 3002 est.
3587 2947 3810 3004 Deinde

2141 3051 2275 3089 cum
2300 3033 2596 3090 communi
2629 3032 2871 3089 consilio
2901 3033 3167 3088 omnium
3181 3033 3812 3109 Parmensemepisco-

2142 3139 2283 3194 pum
2309 3139 2610 3178 summum
2669 3123 2941 3178 Romanis
2998 3121 3263 3178 Ecclesia;
3321 3121 3508 3196 elegit
3563 3125 3811 3196 pontiﬁ-

478 3215 614 3269 1060
642 3213 925 3268 Henricus
958 3211 1275 3268 Galliarum
1311 3230 1427 3279 rex,
1461 3212 1604 3268 obiit
1633 3218 1690 3268 et
1719 3213 1876 3268 filius
1908 3216 2036 3286 ejus
2145 3227 2270 3267 cem
2303 3212 2471 3282 (691).
2532 3211 2770 3266 Interim
2803 3211 2942 3265 dum
2966 3211 3089 3266 haec
3118 3214 3398 3284 aguntur,
3431 3213 3810 3270 Anshelmus

403 3303 591 3359 adhuc
616 3318 760 3375 puer
788 3302 932 3372 (682)
955 3319 1198 3372 regnum
1221 3318 1352 3356 cum
1387 3305 1572 3356 matre
1593 3303 2036 3373 gubernandum
2145 3300 2452 3370 cpiscopus
2472 3299 2542 3354 de
2566 3299 3102 3371 Luca,quibusdam
3125 3299 3408 3356 Romanis
3435 3301 3812 3373 faventibus,

401 3393 677 3464 suscepit.
701 3421 768 3432 -—
799 3391 1094 3462 Lupaldus
1117 3390 1540 3462 Moguntiensis
1567 3390 2037 3464 archiepiscopus
2067 3375 2110 3442 C
2147 3389 2522 3461 apostolicam
2544 3389 2741 3444 sedem
2773 3389 2885 3444 sibi
2911 3389 3238 3462 usurpavit.
3272 3421 3340 3431 ——
3371 3391 3735 3450 Burkardus
3754 3399 3816 3450 et

397 3481 646 3538 decessit
676 3481 822 3552 (683)
851 3498 863 3548 ;
896 3480 988 3535 cui
1013 3479 1339 3552 Sigefridus
1371 3479 1572 3534 Fuldis
1595 3479 1776 3535 abbas
1807 3497 2037 3538 succes-

2146 3477 2328 3533 Wezil
2358 3478 2430 3533 de
2457 3477 2682 3533 Zolorin
2715 3475 3084 3534 occiduntur.
3133 3477 3390 3536 Ecclesia
3419 3480 3814 3540 Nemetensis

1940 3596 2256 3653 CODICES.

466 3694 603 3749 1060
631 3693 894 3748 Henricus
925 3709 1025 3748 rea:
1083 3692 1389 3748 Galliarum
1450 3693 1602 3758 obiit,
1657 3695 1708 3748 et
1737 3693 1889 3764 ﬁli-us
1917 3695 2033 3765 ejus

393 3784 748 3854 Philippus...
781 3783 1035 3852 suscepit.
1109 3781 1382 3852 Lupaldus
1439 3781 1852 3851 Moguntinus...
1911 3800 2033 3839 suc-

391 3879 569 3928 cessit.
599 3872 662 3924 Et
694 3871 790 3926 hoc
839 3886 1050 3925 anno...
1086 3870 1282 3926 multos
1303 3871 1558 3926 extinxit.
1618 3871 1882 3927 Henricus
1932 3888 2034 3943 pa-

393 3961 663 4030 lati-nus...
696 3959 911 4014 occidit.

2216 3692 2342 3748 1061
2407 3691 2600 3762 Magna
2643 3693 2818 3762 fames
2881 3693 3082 3748 multos
3137 3692 3353 3750 occidit.
3379 3692 3814 3755 Gebehantus...

2141 3783 2416 3839 successit.
2481 3779 2826 3836 Conradus...
2875 3782 3182 3840 moritur...
3241 3797 3423 3840 comes
3481 3783 3810 3857 Suevigena

2145 3871 2400 3942 suscepit.

1986 4057 2211 4114 ΝΟΤβΕ.

396 4227 438 4284 Β
467 4154 874 4280 (631).Βαι“δειιὶ
911 4154 1152 4222 scilicet,
1190 4153 1574 4226 Lotharingia:
1605 4152 1794 4220 ducis,
1829 4155 2022 4212 mariti

443 4243 510 4282 ea
539 4241 693 4280 ricis.

443 4241 693 4282 CBU'ICIS.

467 4298 614 4368 (675)
645 4294 1344 4368 Alliisarchicapellanus
1373 4301 1430 4354 et
1461 4296 1861 4354 cancellarius.
1893 4298 2023 4353 Vid.

397 4365 509 4440 Leo
533 4367 782 4440 Ostiens.
815 4365 853 4420 l.
888 4384 948 4434 ιι,
977 4385 1029 4440 c.
1065 4365 1134 4423 96
1164 4385 1326 4440 seqq.

466 4439 612 4510 (676)
639 4439 851 4511 Comes
863 4440 948 4511 de
970 4436 1478 4511 Rheint‘eldén,qui
1511 4436 1850 4511 Mathildem
1873 4455 2028 4511 soro-

393 4509 514 4583 rem
546 4509 774 4583 Henrici
807 4509 1505 4583 [visibidesponsaverah
1529 4509 1819 4583 deinAejus
1839 4509 1898 4566 in
1925 4510 2029 4565 im-

387 4581 548 4654 perio
581 4581 850 4654 aemulus.
887 4579 1529 4654 VidsAnnalistaASaxo
1561 4583 1631 4636 ad
1665 4579 1733 4654 h.’
1759 4599 1812 4636 a.

466 4654 614 4734 (677)
643 4651 895 4734 Joannes
925 4652 1268 4734 Velit-censis
1298 4652 1607 4734 episcopus
1637 4652 1746 4734 sub
1795 4652 2030 4734 nomine

392 4722 684 4796 Benedicti
715 4741 782 4792 x;
807 4724 877 4779 de
911 4741 1024 4796 quo
1076 4725 1137 4796 B1
1171 4722 1372 4796 Petrus
1392 4722 1691 4796 Damiani
1713 4727 1770 4796 At.
1809 4724 1827 4778 Ι
1857 4727 2026 4796 Upp.,

391 4793 429 4850 l.
461 4812 543 4860 III,
577 4795 742 4866 epist.
785 4811 860 4862 ιν,
892 4793 948 4850 et
977 4794 1355 4866 LeoOstiens.
1392 4793 1430 4848 1.
1467 4811 1552 4862 ιιι,
1587 4810 1636 4848 c.
1669 4794 1758 4866 13.

463 4864 625 4938 (678)
663 4866 790 4920 Vid.
825 4866 936 4921 Leo
985 4865 1270 4938 Ostiensis
1319 4866 1528 4938 Chron.
1581 4865 1806 4920 Cassin.
1837 4864 1877 4920 1.
1935 4881 2020 4932 ιιι,

390 4951 438 4990 c.
478 4939 544 4990 13
569 4937 673 5004 ζει
705 4938 1047 4992 Lambertus
1077 4937 1149 4991 ad
1181 4953 1275 4992 an.
1310 4937 1464 4991 1059.

485 5009 608 5078 679)
637 5009 982 5063 Lambertus
1010 5008 1080 5062 ad
1104 5024 1324 5062 annum
1357 5007 1631 5078 priorem.

482 5079 606 5148 680)
635 5080 936 5134 Juditham
969 5078 1192 5134 scilicet
1222 5095 1324 5134 seu
1355 5077 1652 5148 Sophiam.

460 5149 612 5220 (681⁸)
646 5150 960 5205 Salomoni.

458 5221 606 5292 (682)
639 5221 944 5292 Philippus
977 5222 1018 5288 Ι,
1047 5225 1185 5276 tunc
1216 5224 1357 5292 octo
1375 5233 1682 5292 annorum.

457 5289 606 5374 (683)
636 5289 813 5348 Juxta
837 5289 1214 5348 Lambertum
1245 5290 1388 5345 obiit
1409 5306 1486 5344 vn
1515 5289 1651 5344 Idus
1686 5291 1840 5361 Dec.,
1871 5307 2022 5346 anno

389 5379 598 5434 priore.

453 5436 602 5502 (684)
638 5432 792 5488 Uxor
823 5451 1032 5502 nempe
1055 5432 1281 5489 Rodolﬁ
1314 5431 1498 5488 ducis.

457 5505 606 5576 (685)
635 5503 865 5576 Scilicet
915 5501 1122 5569 Rheni,
1152 5505 1399 5576 furiosus
1418 5503 1504 5559 vel
1549 5501 1872 5557 monachus
1906 5502 2022 5576 Adi-

385 5577 534 5648 ctus,
568 5573 666 5648 qui
693 5575 818 5645 jam
851 5591 1002 5630 anno
1049 5573 1200 5648 1057
1237 5575 1546 5648 Gorziense
1601 5573 2022 5648 monasterium

383 5643 713 5730 ingressus,
740 5661 805 5702 ac
835 5652 968 5720 post
993 5647 1308 5708 triennium
1335 5647 1471 5706 inde
1503 5643 1798 5716 recedens,
1831 5645 2025 5717 conju-

2175 4171 2263 4210 em
2299 4169 2464 4209 suam
2501 4151 2842 4210 Mathildem
2872 4169 2974 4211 seu
3005 4154 3394 4213 Adelhaidem
3409 4157 3812 4216 Gothelonisl

2175 4171 2263 4210 em
2299 4171 2464 4209 suam
2501 4171 2842 4210 matniioem
2872 4171 2974 4211 seu
3005 4171 3394 4213 Adelnaiaem
3409 4171 3810 4216 Uotnelonisl

2135 4171 2522 4297 Eotharingiae
2541 4226 2709 4282 ducis
2741 4227 2919 4281 ﬁliam
2944 4227 3276 4296 interemit;
3313 4229 3471 4286 unde
3505 4231 3566 4286 in
3603 4233 3810 4297 Epter-

2137 4313 2384 4352 nacense
2441 4299 2766 4352 caanobium
2826 4303 3094 4354 retrasus
3125 4315 3221 4354 an.
3289 4301 3423 4356 1061
3461 4299 3804 4358 contabuit.

2136 4367 2431 4443 Lambert,
2466 4368 2536 4423 ad
2567 4385 2663 4424 an.
2699 4369 3127 4443 1057__Clemen_t
3149 4371 3330 4443 t._III,
3359 4389 3417 4443 p.
3482 4373 3619 4430 319.
3681 4374 3806 4430 Alii

2136 4437 2292 4563 hunfc
2314 4455 2618 4564 perpetrm
2639 4456 2772 4495 cum
2794 4440 2912 4496 filio
2927 4441 3172 4498 Henrico
3187 4437 3430 4499 Lacérisi
3445 4443 3808 4519 huscusque

2137 4527 2242 4564 con
2273 4527 2306 4563 ιι
2355 4527 2496 4564 erun
2531 4551 2544 4564 .

2137 4527 2544 4566 οΟΠῐυαΕΓΠῐΙῐ.

2208 4582 2354 4655 (686)
2387 4580 2516 4636 Fuit
2547 4580 2656 4655 hoc
2683 4580 3036 4655 Medlicense
3083 4587 3346 4640 castrum
3407 4583 3468 4640 in
3528 4587 3808 4655 Austria,

2136 4651 2306 4707 hodie
2337 4653 2762 4708 monasterium
2784 4653 3134 4710 Melllcense.

2211 4723 2729 4804 (687)_Lambertus
2751 4740 2885 4779 cum
2908 4724 3037 4780 aliis
3061 4725 3169 4781 hoc
3190 4728 3262 4782 ad
3287 4743 3516 4785 annum
3540 4746 3816 4804 sequen-

2055 4799 2102 4862 Β
2136 4797 2250 4848 tem
2285 4795 2478 4849 refert.

2135 4935 2168 4989 ὀ
2205 4865 2482 4989 (688)tHic
2511 4865 2758 4920 Conradi
2790 4865 2835 4920 II
2867 4865 3011 4938 imp.
3046 4851 3224 4924 {Fater
3247 4884 3400 4925 anno
3437 4869 3564 4937 jam
3599 4873 3808 4946 priore

2176 4951 2352 4989 ecessu
2391 4977 2403 4989 .

2176 4936 2403 4990 ecessit.

2206 5007 2353 5076 (689)
2371 5005 2731 5080 Lambertus
2762 5007 2833 5080 ad
2858 5024 2959 5080 an.
2995 5010 3132 5063 1057
3161 5009 3464 5067 Cunonem
3493 5020 3698 5080 vocat,
3735 5021 3800 5072 et

2135 5077 2345 5153 fratrer
2370 5077 2598 5153 Henrici
2631 5077 2895 5153 palatini,
2927 5079 2998 5133 de
3023 5095 3139 5153 quo
3170 5097 3326 5153 anno
3353 5077 3766 5153 praecedente.

2371 5147 2518 5225 _l_3]ra_t
2549 5145 2599 5202 is
2631 5145 2982 5225 Bertholdus
3005 5145 3075 5225 de
3105 5145 3416 5225 Zuringen.

2222 5220 2352 5295 691)
2370 5219 2450 5274 De
2475 5218 2586 5295 hac
2614 5217 2894 5295 electione
2931 5221 3046 5276 vid.
3076 5217 3409 5295 anonymus
3430 5224 3804 5284 Zwetlensis

2133 5291 2694 5364 apud_Pez_§nectd.
2728 5295 2770 5345 t.
2805 5291 2845 5356 Ι,
2879 5308 2927 5345 s.
2963 5309 3045 5352 IlI.
3079 5309 3136 5364 p.
3180 5291 3307 5360 384,
3340 5299 3397 5350 et
3423 5295 3638 5354 Petrus
3671 5299 3805 5356 Da-

2133 5360 2311 5438 miani
2343 5366 2384 5438 t.
2423 5360 2520 5438 IlI,
2554 5377 2892 5438 op_u§c.ivp_.
2917 5365 3037 5438 _25:_
3065 5360 3298 5438 Pagius,
3331 5367 3582 5438 aliique.
3617 5369 3812 5428 Caete-

2133 5449 2262 5486 rum
2283 5431 2538 5513 iniquior
2555 5436 2643 5486 est
2663 5431 3009 5513 Bertholdus
3025 5436 3082 5489 in
3097 5431 3584 5513 Alexandrumjl
3607 5458 3802 5513 quem

2133 5509 2540 5576 usurpatorem
2573 5502 2826 5576 appellat
2851 5521 2864 5570 ;
2901 5521 3017 5575 quo
3053 5505 3141 5561 vel
3169 5506 3294 5563 solo
3325 5524 3389 5564 se
3419 5525 3456 5564 a
3487 5502 3802 5572 Berrioldo

2133 5573 2303 5657 satis:
2335 5573 2667 5650 distinguit,
2695 5573 2864 5632 aliter
2895 5573 3201 5650 sentiente,
3235 5579 3370 5638 Vid.
3439 5579 3802 5645 dissertatio

2133 5661 2365 5720 prmia.
