3894 6346
380 403 493 464 271

1076 400 1470 462 APPENDIX
1517 400 1620 460 AD
1665 397 2106 460 CHRONICON
2153 396 2563 461 HERMANNI
2611 397 3083 479 CONTRAC'I‘I.

3667 393 3788 456 2n

1333 753 2782 926 CHBONICON

1528 1097 1818 1204 SEU
1938 1099 2632 1204 ANNALES

915 1332 1926 1467 MONASTEBII
2023 1333 3248 1466 PETEBSHUSANI

676 1590 768 1646 EX
806 1587 922 1644 MS.
965 1585 1118 1642 COD.
1163 1585 1328 1642 SASC.
1371 1584 1470 1640 XII
1510 1583 1830 1641 EJUSDEM
1872 1584 2282 1641 IMPERIALIS
2321 1584 2639 1641 COENOBII
2679 1583 2870 1642 NUNC
2909 1583 3133 1640 PRIMO
3172 1581 3478 1652 EDITUM,

1133 1764 1533 1838 (Ussermann,
1565 1764 1884 1820 Germani}?
1911 1777 2086 1820 sacrae
2111 1763 2462 1831 Prodromus,
2491 1767 2629 1818 tom.
2663 1762 2705 1831 Ι,
2739 1766 2889 1834 part.
2927 1761 3012 1834 ιι.)

1737 1939 2418 2034 PBIEFATIO.

435 2294 749 2354 Hermanni
776 2310 844 2348 ex
875 2287 1148 2362 Augiensi
1181 2287 1378 2342 codice
1398 2286 1708 2357 desumpta
1729 2285 2012 2342 Chronico
2043 2289 2098 2354 Α
2130 2288 2388 2344 medium
2423 2304 2552 2344 saec.
2585 2305 2663 2343 xu
2688 2288 2896 2359 prodit.
2941 2287 3031 2342 Sic
3091 2286 3129 2341 Ι.
3163 2304 3240 2354 ιν,
3280 2304 3330 2344 c.
3373 2288 3460 2362 12,
3495 2288 3658 2348 circa
3688 2309 3792 2350 an.

381 2385 540 2442 aliud
573 2383 667 2440 hic
701 2379 1051 2451 subjicimus
1080 2377 1264 2432 eidem
1297 2375 1469 2430 vicini
1504 2374 1864 2440 monasterii,
1914 2375 2014 2430 Pe-

383 2473 725 2531 tershausen
754 2467 927 2539 vulgo
959 2465 1117 2532 dicti,
1137 2469 1298 2520 extra
1321 2480 1520 2519 muros
1546 2462 2016 2519 Constantienscs

379 2563 450 2619 ad
485 2561 772 2618 Rhenum.
800 2553 1146 2612 Particulare
1178 2553 1234 2607 id
1259 2552 1527 2624 equidem
1561 2555 1667 2619 est,
1700 2551 1927 2623 locique
1948 2551 2016 2605 il-

379 2651 496 2707 lius
527 2648 810 2722 originem
834 2661 899 2700 ac
930 2643 1124 2716 priora
1145 2645 1296 2698 facta
1325 2640 1698 2713 potissimum
1754 2640 1932 2709 sistit,
1955 2644 2020 2695 ut

379 2743 575 2798 tamen
604 2735 773 2810 plura
801 2733 975 2790 etiam
997 2731 1311 2797 contineat,
1334 2729 1486 2785 unde
1508 2729 1696 2800 patria
1715 2729 1886 2785 medii
1914 2727 2016 2785 aevi

382 2827 622 2887 historia
653 2828 942 2898 quantum
965 2823 1036 2878 ad
1059 2819 1281 2876 nobiles
1301 2819 1592 2874 Bodamici
1614 2822 1834 2874 tractus
1858 2817 2019 2874 fami-

381 2919 516 2988 lias,
548 2911 961 2989 geographiam
990 2915 1049 2966 et
1069 2909 1422 2966 Alamanniae
1444 2923 1728 2980 pagorum
1751 2905 2016 2962 notitiam

385 3004 663 3063 illustrari
687 3001 1006 3074 plurimum
1033 2997 1236 3053 valeat.
1257 2998 1315 3050 ln
1340 3013 1454 3067 quo
1480 2996 1653 3051 etiam
1676 2999 2018 3066 argumento

388 3097 651 3158 versatur
665 3091 854 3146 Codex
876 3085 1294 3160 Diplomaticus
1315 3083 1664 3141 Alemannis:
1689 3086 2018 3156 etBurgun-

387 3185 497 3242 dia:
525 3180 959 3250 Trans-juranae
991 3175 1146 3230 intra
1171 3173 1317 3230 fines
1337 3172 1598 3229 dicecesis
1620 3173 2022 3228 Constantien-

389 3275 492 3342 sis,
509 3287 681 3344 quem
706 3284 816 3324 seu
841 3266 1217 3340 prodromum
1239 3262 1494 3318 historiae
1516 3262 1776 3332 ejusdem
1798 3261 2022 3334 episco~

389 3367 560 3436 patus
611 3357 768 3433 prelo
817 3355 1066 3428 jamjam
1126 3351 1375 3424 subjecit
1425 3349 1643 3408 sodalis
1705 3355 1903 3407 noster
1958 3350 2018 3406 P.

387 3451 542 3511 Trud
552 3451 750 3522 pertus
780 3446 1052 3516 Neugart.

458 3540 710 3612 Dignum
733 3537 874 3591 adeo
906 3547 1215 3588 censemus
1241 3530 1350 3585 hoc
1381 3528 1703 3585 Chronicon
1751 3529 1908 3600 quod
1963 3529 2022 3586 in

388 3627 681 3702 publicam
695 3623 885 3678 lucem
903 3619 1292 3692 protrahatur,
1307 3619 1475 3687 cujus
1488 3617 1771 3672 hactenus
1788 3617 2022 3672 nonnisi

389 3719 656 3786 excerpta
683 3711 948 3783 quaedam
979 3709 1038 3762 S.
1063 3707 1360 3762 Gebehard
1373 3722 1468 3760 um
1502 3706 1864 3761 i'nndatorem
1889 3721 2022 3760 con-

385 3801 682 3862 cernentia
710 3800 768 3854 in
801 3795 996 3853 Manlii
1015 3794 1297 3851 Chronico
1329 3793 1697 3866 episcopatus
1739 3799 2018 3849 Constan-

383 3892 588 3949 tiensis
617 3889 768 3962 apud
805 3884 1116 3942 Pistorium
1139 3884 1335 3956 (Scrz'p.
1369 3885 1490 3940 Rer.
1527 3882 1705 3938 Germ.
1736 3886 1778 3936 t.
1818 3884 1914 3949 Ill,
1959 3901 2016 3956 p.

381 3982 508 4054 685)
531 3981 814 4054 prostant.
847 3975 1104 4031 Habetur
1131 3973 1190 4027 in
1223 3989 1332 4029 ms.
1361 3972 1556 4028 codice
1578 3971 2032 4028 membranaeeo’

383 4071 442 4126 in
477 4071 598 4136 fol.,
630 4065 902 4139 pluribus
931 4079 1062 4119 vero
1089 4061 1280 4118 lituris
1311 4061 1448 4115 hinc
1479 4059 1613 4116 inde
1661 4076 2014 4131 respersum,

386 4157 542 4231 quod
571 4153 896 4212 collectioni
919 4157 1127 4208 nostrae
1149 4150 1521 4206 inserendum
1546 4147 1798 4220 gratiose
1833 4150 2022 4206 nobis-

385 4263 520 4304 cum
535 4240 1379 4313 communicavitdignissimus
1394 4237 1566 4293 istius
1583 4236 1825 4292 coenobii
1839 4238 2020 4295 abbas

385 4333 698 4406 Josephus,
727 4331 817 4388 cui
846 4331 1011 4404 proin
1042 4333 1236 4402 grates
1267 4327 1361 4382 hic
1397 4325 1625 4398 publico
1665 4325 1900 4382 nomine
1931 4344 2020 4384 re-

387 4424 715 4497 pendimus.
741 4421 1064 4476 Occurrunt
1092 4417 1330 4490 quidem
1364 4415 1422 4470 in
1450 4431 1518 4470 eo
1555 4413 1788 4470 levioris
1846 4415 2019 4471 subin

385 4511 666 4568 momenti
693 4509 1074 4576 uenationes,
1095 4522 1223 4578 qua:
1254 4501 1448 4559 saeculi
1481 4520 1596 4576 quo
1626 4503 1911 4574 scriptum
1935 4508 2024 4560 est

385 4605 442 4657 et
471 4599 769 4673 scriptoris
809 4597 1046 4671 genium
1105 4593 1378 4666 produnt,
1437 4607 1758 4663 quarumve
1815 4591 2024 4648 notitia

383 4689 540 4746 haud
572 4689 812 4746 interest
844 4683 1099 4758 publico.
1131 4682 1278 4746 Quin
1309 4698 1439 4736 vero
1468 4679 1570 4735 illa
1591 4679 1779 4735 omitti
1807 4684 2024 4753 queant

383 4777 467 4834 nil
497 4795 634 4836 sane
662 4776 927 4849 impedit,
955 4789 1090 4828 cum
1111 4771 1169 4826 id
1193 4770 1359 4826 unice
1381 4773 1588 4842 agatur
1609 4773 1674 4824 ut
1695 4785 1762 4824 ne
1784 4770 1922 4842 quid
1938 4769 2020 4824 la-

383 4870 502 4924 teat
530 4867 684 4940 quod
719 4864 915 4938 patriae
945 4859 1199 4916 historia
1237 4875 1470 4931 quoquo
1515 4858 1686 4914 modo
1742 4857 2021 4914 inservire

381 4957 587 5028 possit.
618 4953 798 5012 Nobis
827 4955 1002 5018 certe,
1041 4948 1139 5020 qui
1167 4947 1238 5002 ab
1278 4947 1501 5018 aliquot
1548 4947 1675 5018 jam
1733 4946 1902 5002 annis
1958 4947 2018 5004 in

2125 2377 2262 2431 H26
2293 2375 2634 2447 aliquandiu
2683 2377 2742 2430 in
2793 2375 2938 2432 cella
2996 2375 3452 2450 Wagenhausen
3511 2379 3796 2438 demora-

2125 2470 2219 2520 tus
2251 2470 2355 2521 est.
2393 2465 2613 2520 Ibidem
2647 2481 2708 2530 n,
2735 2465 2768 2519 3
2800 2464 3154 2522 Petersbusii
3185 2481 3446 2537 praesens
3477 2469 3794 2538 erat,dum

2125 2571 2220 2608 an.
2255 2554 2387 2609 113i
2421 2571 2632 2626 corpus
2691 2555 2749 2609 S.
2811 2553 3139 2610 Gehehardi
3197 2551 3455 2610 levatum
3503 2561 3659 2628 erat,
3691 2558 3796 2619 cui

2124 2643 2301 2698 etiam
2331 2643 2640 2698 sanitatem
2672 2659 2840 2699 suam
2871 2643 2928 2698 in
2975 2641 3228 2716 acceptis
3269 2642 3491 2701 retulit.
3526 2644 3794 2705 Demum

2127 2749 2183 2786 n.
2217 2731 2282 2786 l6
2337 2731 2774 2811 expeditionem.
2815 2731 3062 2788 Conradi
3129 2731 3284 2805 regis
3338 2731 3400 2788 in
3449 2733 3794 2792 Saracenos

2127 2837 2220 2874 an.
2258 2821 2394 2875 1147
2426 2825 2644 2876 motam
2677 2820 3034 2889 describens,
3065 2837 3166 2877 eos
3197 2819 3384 2878 adhuc
3415 2821 3672 2880 minime
3707 2841 3798 2884 re-

2127 2909 2304 2964 diisse
2334 2911 2600 2975 testatur,
2633 2909 2735 2980 qui
2764 2925 2830 2964 ex
2861 2925 2966 2965 suo
2997 2906 3120 2964 loco
3150 2906 3292 2964 illuc
3331 2909 3580 2981 profecti
3613 2915 3790 2969 sunt.

2127 2999 2206 3052 Ex
2235 2997 2411 3054 variis
2433 3002 2626 3053 tamen
2646 2997 3104 3054 circumstantiis
3127 3013 3234 3053 suo
3257 2997 3382 3054 loco
3402 2999 3691 3057 notandis
3712 3002 3796 3056 vi-

2127 3087 2397 3142 debimus
2427 3085 2746 3142 Chronicon
2777 3085 2886 3141 hoc
2916 3103 3030 3141 non
3061 3086 3134 3142 ab
3166 3103 3282 3143 uno
3321 3090 3578 3157 tantum,
3616 3089 3726 3146 sed
3761 3108 3797 3146 a

2130 3175 2398 3248 pluribus
2429 3175 2810 3246 scriptoribus
2841 3174 3020 3230 fuisse
3068 3174 3475 3248 compilatum,
3529 3178 3622 3234 uti
3656 3179 3793 3254 jam

2131 3265 2273 3321 alias
2307 3265 2377 3321 de
2406 3263 2743 3334 huiusmodi
2773 3263 3060 3320 chronicis
3091 3263 3554 3322 observavimus.

2202 3353 2433 3410 Primus
2463 3369 2596 3408 vero
2627 3352 2838 3409 horum
2860 3351 3164 3409 annalium
3185 3353 3439 3426 scriptor
3451 3371 3554 3412 eos
3574 3372 3698 3412 non
3723 3373 3797 3413 ex

2133 3442 2380 3498 aliorum
2402 3443 2688 3497 duntaxat
2703 3441 3004 3508 relatione,
3029 3443 3182 3498 unde
3202 3441 3404 3514 plures
3428 3442 3795 3518 plerumque

2133 3531 2338 3587 fabulae
2359 3547 2654 3603 emergere
2675 3529 2882 3593 solent,
2909 3531 3009 3586 sed
3031 3547 3102 3586 ex
3128 3530 3483 3589 authenticis
3505 3536 3576 3590 ut
3597 3532 3794 3604 pluri-

2133 3638 2296 3677 mum
2326 3618 2562 3686 tabulis,
2582 3617 2797 3675 chartis
2829 3618 3076 3691 aliisque
3113 3619 3318 3676 coaavis
3342 3621 3697 3678 monasterii
3720 3621 3796 3680 i1-

2128 3709 2242 3765 lius
2269 3708 2632 3764 documentis
2652 3707 3018 3780 conscripsit,
3045 3707 3130 3763 uti
3149 3724 3217 3763 ex
3246 3707 3499 3765 aliorum
3524 3711 3794 3784 scripto-

2127 3815 2254 3854 rum
2289 3797 2590 3854 collatione
2611 3796 2813 3868 liquet,
2829 3796 2927 3868 qui
2951 3795 3085 3852 inde
3104 3795 3282 3852 etiam
3304 3797 3464 3854 haud
3483 3799 3795 3856 modicam

2129 3887 2477 3960 quandoque
2509 3884 2696 3941 lucem
2728 3884 3040 3956 accipiunt.
3089 3885 3164 3941 Ut
3206 3889 3427 3958 autem,
3475 3888 3642 3960 quod
3692 3905 3793 3945 ms

2129 3979 2236 4041 est,
2268 3975 2553 4043 dicamus,
2579 3974 2752 4028 ﬁdem
2803 3973 3074 4030 Chronici
3131 3975 3316 4030 nostri
3365 3975 3525 4032 haud
3560 3993 3786 4049 parum

2129 4070 2462 4135 suspectam
2494 4062 2745 4118 reddunt
2767 4078 2891 4133 quae
2915 4061 3082 4118 initio
3103 4063 3232 4133 ejus
3251 4063 3552 4120 habentur
3571 4065 3650 4120 de
3666 4063 3794 4121 Bri-

2129 4153 2502 4226 gantinorum
2535 4150 2813 4206 comitum
2870 4150 3118 4222 origine,
3177 4150 3340 4208 nullo
3391 4152 3792 4225 antiquorum

2129 4241 2480 4312 scriptorum
2501 4238 2831 4294 testimonio
2847 4237 3012 4306 fulta,
3037 4255 3104 4295 ac
3132 4239 3379 4314 insuper
3395 4237 3459 4297 in
3497 4242 3796 4300 nonnulis

2128 4328 2417 4384 historice
2435 4326 2666 4383 illorum
2693 4329 3022 4398 temporum
3047 4328 3257 4384 rationi
3287 4329 3612 4386 contraria.
3647 4331 3790 4396 Que

2129 4419 2259 4488 ipsa
2287 4417 2462 4471 etiam
2495 4431 2671 4470 causa
2695 4419 2786 4471 est
2812 4417 2968 4486 quod
2995 4415 3172 4473 Wilh.
3207 4417 3342 4474 Ern.
3368 4419 3694 4478 Tenzelius
3724 4419 3788 4474 in

2129 4504 2378 4560 Vindicii
2400 4503 2694 4560 historicis
2713 4520 2815 4576 pro
2833 4504 3130 4578 Conringii
3151 4522 3402 4582 censura
3423 4507 3482 4562 in
3523 4507 3801 4582 diploma

2130 4593 2374 4650 coenobii
2403 4591 2822 4658 Lindaviensis,
2839 4595 3361 4668 p.270,postquam
3387 4613 3456 4652 ex
3475 4595 3707 4652 Manlio
3728 4612 3803 4653 ea

2131 4683 2428 4740 retulisset
2446 4699 2572 4754 qua:
2596 4682 2747 4738 infra
2767 4681 2825 4736 in
2848 4681 3132 4740 Chronico
3153 4683 3194 4739 l.
3227 4701 3268 4750 ι,
3297 4701 3358 4740 n.
3384 4688 3442 4754 2,
3472 4685 3510 4741 3
3540 4689 3602 4742 et
3631 4689 3689 4754 4,
3723 4685 3800 4742 de

2131 4773 2239 4828 hac
2261 4771 2597 4844 genealogia
2616 4769 2913 4842 leguntur,
2938 4771 3060 4828 haec
3082 4773 3323 4830 demum
3363 4775 3750 4845 subjunxerit
3777 4790 3797 4832 :

2130 4885 2158 4912 ‹‹
2192 4862 2400 4917 Totum
2434 4860 2622 4916 locum
2659 4859 2904 4916 recitare
2932 4877 3119 4932 operae
3150 4863 3406 4934 pretium
3439 4861 3575 4930 fuit,
3609 4867 3686 4920 ut
3713 4867 3802 4919 le-

2130 4955 2254 5008 ctor
2270 4949 2497 5007 facilius
2519 4949 2589 5005 de
2608 4947 2870 5005 fabulosa
2883 4950 3162 5006 comitum
3179 4950 3674 5025 Brigantinorum
3687 4951 3804 5008 eri-

384 5027 720 5101 adornanda
749 5038 1060 5098 Germania
1078 5053 1245 5092 sacra
1273 5052 1642 5092 communem
1671 5036 2020 5092 conferimus
2050 5027 2092 5092 C
2131 5041 2265 5112 gine
2300 5038 2379 5094 ibi
2407 5037 2701 5110 descripta
2721 5037 2991 5108 judicare
3013 5043 3208 5111 queat.
3243 5062 3273 5092 ››
3324 5041 3512 5116 Cujus
3545 5041 3800 5114 quidem

385 5149 642 5206 operam,
670 5132 946 5200 huncque
977 5127 1034 5180 in
1068 5126 1244 5180 ﬁnem
1284 5124 1683 5181 delitescentia
1737 5124 2019 5180 hactenus

385 5223 761 5278 monumenta
777 5216 1039 5286 undique
1053 5213 1476 5285 conquirimus,
1490 5214 1679 5268 visum
1698 5214 1841 5269 satis
1860 5213 2018 5268 haud

382 5314 471 5367 est
501 5310 550 5366 si
581 5307 684 5364 illa
715 5307 998 5362 duntaxat
1024 5303 1084 5359 in
1115 5318 1312 5359 sacros
1341 5319 1484 5358 usus
1521 5307 1754 5357 nostros
1783 5317 2017 5356 conver-

381 5403 600 5466 tamus,
633 5395 747 5451 nisi
784 5395 985 5450 eadem
1020 5391 1152 5449 aliis
1183 5408 1414 5465 quoque
1471 5399 1811 5446 sistercmus
1868 5389 2020 5444 unde

381 5487 556 5543 etiam
586 5483 838 5558 profana:
872 5482 1124 5540 historia:
1155 5481 1254 5536 lux
1277 5481 1540 5553 quaedam
1573 5478 1791 5533 atl‘undi
1827 5483 2017 5550 queat.

457 5575 612 5632 262
646 5573 818 5630 Porro
847 5573 1112 5630 Chronici
1142 5572 1315 5628 istius
1344 5570 1596 5641 scriptor
1616 5583 1824 5622 nomen
1848 5584 2017 5623 suum

380 5663 610 5740 nullibi,
650 5679 710 5722 se
744 5667 934 5721 tamen
967 5660 1211 5722 ccenobii
1240 5657 1402 5715 illius
1461 5654 1816 5716 monachum
1873 5655 2024 5714 circa

2130 5131 2174 5184 ri
2184 5128 2329 5200 gidaa
2360 5144 2617 5184 censurae
2641 5126 2893 5183 rationes
2915 5133 3224 5198 sequentes
3253 5129 3491 5202 allegat.
3515 5131 3569 5186 1.
3596 5152 3631 5182 α
3653 5129 3805 5196 Quis

2135 5217 2278 5272 ferat
2298 5213 2884 5282 fabulantem,Gallize
2899 5216 3128 5289 Togatze
3151 5219 3514 5275 Francorum
3539 5219 3808 5292 impen-

2128 5309 2320 5361 torum
2343 5309 2602 5377 tempore
2625 5301 2975 5374 peculiarem
3000 5319 3196 5379 regem
3221 5308 3403 5370 fuisse
3419 5307 3452 5364 Τ
3475 5331 3504 5360 ››
3538 5306 3805 5382 Atquisi

2131 5394 2200 5449 de
2221 5409 2356 5450 vera
2385 5393 2566 5449 Gallia
2597 5393 2788 5464 Togata
2811 5409 2912 5447 seu
2935 5394 3100 5448 Italia
3129 5411 3324 5452 sermo
3373 5397 3474 5463 sit,
3517 5401 3682 5454 certe
3727 5411 3804 5452 ex

2131 5481 2443 5538 Hermanni
2467 5480 2799 5536 testimonio
2823 5481 2891 5536 ad
2917 5499 3011 5538 an.
3036 5485 3140 5539 888
3159 5485 3328 5542 multi
3349 5485 3578 5544 ibidem
3601 5481 3804 5558 reguli

2130 5569 2329 5626 Carolo
2355 5571 2563 5627 Crasso
2595 5573 2824 5625 mortuo
2855 5578 3254 5644 emerserunt;
3309 5574 3361 5631 si
3409 5591 3552 5632 vero
3593 5574 3800 5633 Gallis

2137 5659 2349 5734 Togatae
2370 5657 2603 5716 nomine
2633 5657 2786 5718 208
2817 5657 3084 5740 scriptori
3117 5666 3318 5723 nostro
3349 5663 3536 5726 Gallia
3565 5663 3802 5744 Belgica
