3894 6346
986 436 1434 503 CHBONIGON
1480 434 2195 501 PETERSHUSANUM.
2227 466 2311 486 -
2338 436 2750 503 PROOEMIA.

3326 462 3329 465 ·
3437 432 3558 504 874

173 564 261 624 vel
292 565 494 625 Celtica
520 568 733 641 veniat,
754 570 838 627 uti
869 576 1071 645 postea
1098 572 1380 653 dicemus,
1414 569 1651 628 Carolus
1683 569 1811 627 Cal-
1844 576 1893 638 Α
1923 570 2169 627 aiiorum
2201 571 2535 629 testimonia
2555 572 2607 629 ei
2629 571 3154 646 suﬁ‘ragentur,etsi
3185 572 3240 628 in
3264 572 3561 631 nonnullis

174 673 277 713 vus
308 656 389 713 ibi
441 657 551 715 sub
608 660 1060 732 imperatoribus
1119 660 1355 717 Francis
1419 659 1817 717 Lotharielet

171 745 450 802 Ludovice
477 746 525 802 II
543 764 787 820 regnum
810 749 1126 806 obtinebat.
1149 754 1204 806 2.
1234 750 1444 816 Qumrit
1461 774 1486 801 ‹‹
1520 748 1817 814 Quomodo

172 849 237 890 ex
266 833 396 890 aliis
419 834 693 907 genuinis
714 837 1100 909 scriptoribus
1129 838 1358 909 probari
1392 841 1581 911 potest
1609 851 1816 909 quem-

169 939 344 997 quam
370 924 725 980 Francorum
755 925 1175 997 imperatorum
1201 928 1377 981 ﬁliam
1413 944 1578 981 suam
1604 926 1661 979 in
1696 942 1816 979 ma-

168 1012 508 1068 trimonium
524 1013 753 1068 dedisse
768 1015 947 1069 nobili
967 1016 1200 1071 cuidam
1217 1032 1281 1070 ex
1305 1014 1490 1070 Gallia
1510 1012 1768 1085 Tegata?
1790 1034 1816 1060 »

169 1100 353 1157 Pauca
392 1100 592 1172 legerit
643 1102 987 1171 Tonzelius;
1021 1104 1077 1158 id
1126 1105 1280 1159 enim
1323 1105 1476 1176 quod
1511 1102 1816 1175 ignoravit,

168 1206 279 1245 non
300 1206 369 1247 ex
390 1189 663 1261 genuinis
685 1192 856 1245 modo
880 1192 1289 1263 scriptoribus,
1320 1194 1421 1247 sed
1445 1198 1501 1247 et
1526 1190 1817 1246 authenti-

167 1276 246 1334 cis
276 1294 511 1350 quoque
542 1278 947 1335 instrumentis
968 1280 1121 1335 infra
1152 1282 1554 1351 probabimus.
1591 1281 1643 1334 3.
1679 1277 1820 1348 obji-

167 1365 275 1422 cit:
309 1388 336 1415 ››
385 1367 589 1423 Nonne
635 1384 702 1423 ex
739 1372 824 1422 tot
874 1369 1091 1424 chartis
1141 1370 1639 1440 scriptoribusque
1685 1385 1817 1421 con-

166 1458 279 1511 stat
334 1455 642 1511 Potamum
714 1460 834 1510 tam
898 1458 1346 1529 praecedentium
1403 1460 1817 1528 imperatorum

165 1543 514 1600 Francorum
546 1560 724 1615 quam
774 1544 960 1599 Caroli
992 1546 1187 1601 Crassi
1237 1552 1498 1617 tempore
1535 1545 1819 1615 palatium

164 1631 387 1706 regium
424 1631 654 1688 fuisse?
688 1633 986 1697 Quomodo
1018 1634 1199 1705 igitur
1229 1636 1301 1689 ab
1346 1634 1542 1706 aliquo
1576 1635 1818 1689 Franco-

163 1737 290 1777 rum
306 1719 729 1793 imperatorum
744 1722 948 1777 denari
964 1723 1156 1793 potuit
1173 1724 1373 1777 comiti
1396 1724 1734 1794 Brigantino
1755 1726 1819 1776 ἓ»

160 1808 260 1866 Hic
289 1808 415 1882 ipse
471 1809 585 1865 sibi
639 1811 990 1881 respondeat
1049 1811 1352 1867 Tenzelius
1385 1814 1446 1883 (l.
1511 1830 1580 1878 c.,
1607 1830 1662 1884 p.
1694 1812 1823 1879 27l)

158 1902 237 1992 ita
262 1897 529 2001 s‘cribens
556 1914 569 1953 :
603 1917 625 1946 ι
651 1899 848 1969 Neque
872 1900 1027 1954 enim
1065 1899 1178 1955 illis
1204 1901 1572 1971 temporibus
1604 1917 1815 1957 novum
1848 1937 1894 2001 D

158 1982 535 2058 insolensque
578 1987 871 2043 duxerunt
918 1988 1317 2058 imperatores,
1362 1995 1552 2043 curtes
1584 2007 1813 2061 quoque

159 2073 447 2147 regales...
495 2074 811 2131 comitibus
857 2076 1002 2131 bene
1052 2077 1273 2131 meritis
1325 2077 1577 2149 elargiri.
1608 2101 1633 2127 η
1664 2080 1721 2133 Si
1755 2080 1810 2132 id

161 2163 335 2237 igitur
361 2162 555 2221 Caroli
577 2164 765 2219 Crassi
798 2165 1157 2236 temporibus
1181 2182 1281 2220 nec
1312 2183 1511 2221 novum
1542 2184 1644 2221 nec
1668 2170 1810 2222 inso-

160 2252 271 2309 lens
299 2255 449 2317 erat,
481 2267 617 2323 ergo
630 2253 757 2323 jam
786 2260 956 2308 antea
990 2254 1208 2308 factum
1232 2255 1670 2330 fuerit‘necesse
1702 2261 1808 2323 est,

165 2344 226 2398 ut
247 2340 433 2397 curtis
451 2340 887 2413 regalis,qualis
916 2346 1037 2397 erat
1054 2341 1383 2409 Petamum,
1417 2362 1530 2398 non
1563 2345 1689 2399 dico
1712 2362 1811 2400 ce-

167 2428 288 2486 miti
317 2430 468 2485 bene
498 2430 874 2497 merenti,sed
910 2430 1141 2502 proprio
1182 2448 1287 2485 suo
1319 2433 1514 2503 nepoti
1546 2432 1811 2488 Udalrico

165 2517 223 2575 in
272 2517 580 2591 proprium
638 2519 975 2573 concederet
1024 2519 1349 2575 Ludovicus
1406 2522 1809 2589 Germanicus,

156 2606 340 2663 Caroli
372 2606 567 2663 Crassi
596 2610 779 2677 pater.
813 2609 936 2673 Qua
982 2612 1176 2663 tamen
1225 2609 1533 2664 donatione
1565 2628 1678 2665 non
1710 2611 1809 2665 eb-

161 2700 369 2764 stante,
398 2699 710 2752 Potamum
738 2712 804 2750 eo
836 2696 1008 2750 modo
1067 2697 1246 2750 curtis
1278 2698 1434 2768 regio
1474 2715 1813 2769 permanere

154 2784 364 2857 potuit,
398 2783 502 2840 ubi
534 2783 690 2855 regio
726 2784 961 2839 nomine
992 2785 1093 2854 jus
1124 2785 1430 2852 diceretur,
1465 2804 1578 2857 quo
1610 2788 1810 2842 Luste-

160 2890 332 2931 nowa
362 2890 470 2929 seu
517 2872 832 2929 Lustinava
880 2873 1096 2945 pariter
1125 2874 1306 2928 curtis
1337 2874 1565 2944 regalis,
1606 2876 1675 2929 de
1698 2893 1811 2946 qua

154 2963 236 3020 ita
262 2960 472 3019 scribit
513 2960 815 3017 Tenzelius
864 2962 1029 3031 (1.0.,
1070 2978 1125 3032 p.
1174 2963 1299 3031 272)
1324 2979 1337 3016 ε
1366 2986 1391 3012 ‹‹
1443 2962 1512 3016 Ut
1540 2963 1811 3018 Arnolfus

160 3049 473 3122 iniperator
513 3053 740 3105 curtem
784 3049 1135 3105 Lustenowa
1183 3050 1451 3105 Udalrico
1501 3051 1695 3105 comiti
1741 3052 1812 3105 de

156 3138 486 3211 Umgewe
518 3138 704 3208 (juxta
758 3137 1017 3192 chartam
1052 3154 1144 3193 an.
1207 3140 1307 3192 891
1334 3140 1485 3209 apud
1520 3128 1811 3208 Herrgott)

157 3228 214 3285 in
234 3228 334 3301 jus
359 3226 733 3301 proprietatis
788 3226 965 3294 dedit,
998 3226 1079 3281 ita
1109 3245 1222 3282 non
1251 3228 1545 3282 intercede
1577 3229 1807 3299 quomi-

157 3334 263 3374 nus
290 3316 495 3372 comiti
526 3314 863 3387 Brigantino
912 3320 1135 3370 curtem
1171 3316 1437 3371 Lintovva
1483 3316 1569 3372 vel
1600 3316 1806 3371 Aruul-
1838 3302 1880 3367 C

156 3405 244 3464 fus
270 3405 359 3462 vel
388 3405 544 3462 alius
572 3405 821 3460 donasse
855 3404 1101 3459 dicatur.
1138 3407 1258 3460 Ime
1289 3423 1403 3460 non
1449 3422 1804 3478 repugnave-

155 3493 260 3552 τίω
288 3494 341 3553 si
389 3494 527 3567 quis
564 3491 722 3549 hunc
775 3492 1107 3549 Udalricum
1169 3495 1438 3550 comitem
1499 3494 1633 3549 velit
1680 3512 1805 3550 esse

155 3583 419 3645 eumdem
441 3597 622 3655 quem
641 3581 708 3637 cb
719 3581 953 3637 ronicon
973 3583 1486 3639 Petershusianum
1510 3583 1806 3654 Brigantio

132 3672 396 3745 aliisque
412 3671 560 3729 locis
580 3676 1019 3727 renumeratum
1044 3670 1201 3726 sistit
1220 3670 1281 3742 (l.
1310 3690 1347 3741 ι,
1384 3689 1439 3726 n.
1457 3674 1534 3739 3),
1553 3673 1724 3726 modo
1739 3688 1806 3727 ea

158 3760 463 3821 demantur
504 3778 631 3833 quas
666 3764 723 3815 et
771 3758 983 3815 fabulis
1031 3760 1266 3831 propria
1319 3764 1538 3827 sunt,et
1565 3761 1805 3826 notorie,

142 3854 221 3907 »αἱ
249 3850 582 3916 Potamum,
614 3850 687 3907 ad
720 3848 948 3921 imperii
974 3849 1179 3904 iiscum
1204 3849 1425 3903 diutius
1458 3850 1807 3920 pertinuere,

138 3936 241 3995 Jul
267 3937 401 3996 aliis
431 3937 773 4004 comitibus,
802 3940 869 3992 ut
898 3937 1182 4005 Buchorn,
1219 3937 1623 3992 inservierunt.
1650 3960 1676 3987 ››
1714 3942 1811 3993 De-

154 4038 317 4085 lum
346 4026 432 4084 ita
489 4024 876 4084 ooncluditm
910 4024 1125 4081 Saltem
1156 4025 1475 4081 Chronicon
1512 4026 1667 4080 istud
1704 4025 1811 4081 Pe-

158 4115 577 4175 tenhusanum
607 4114 949 4171 recentioris
1004 4114 1312 4169 cemmatis
1368 4130 1496 4169 esse
1545 4114 1631 4170 vel
1666 4113 1809 4168 illud

138 4203 367 4276 .mdit,
395 4203 563 4277 quod
590 4205 787 4260 ruina:
817 4203 1169 4259 habitationis
1218 4205 1460 4274 antiquae
1493 4204 1645 4259 264
1686 4220 1811 4257 me-

134 4296 363 4363 morat,
396 4308 579 4366 quam
613 4291 925 4348 incoluerit
955 4295 1068 4346 Uzo
1094 4295 1255 4364 pater
1284 4291 1574 4347 Gebhardi
1608 4292 1817 4347 funda-

158 4381 299 4441 toris
327 4380 747 4441 Βοιωτίδαιωί
778 4380 839 4453 (ι.
869 4398 906 4449 i,
942 4398 999 4436 n.
1029 4382 1105 4452 5).
1140 4403 1166 4429 »
1191 4381 1432 4453 Scripsit
1454 4398 1615 4445 sane,
1646 4384 1811 4435 ut’vi-

159 4470 372 4539 ﬁnus,
424 4468 699 4527 Ghronici
748 4474 953 4525 auctor
981 4470 1213 4524 duobus
1253 4470 1368 4524 fere
1401 4474 1532 4541 post
1562 4470 1811 4524 Uzonem

156 4559 405 4628 scentis,
441 4560 545 4617 ubi
570 4560 699 4630 jam
756 4559 816 4613 in
872 4558 1085 4613 rudera
1134 4559 1474 4613 consederat
1521 4564 1684 4615 vetus
1714 4576 1815 4612 arx

164 4646 520 4721 Brigantiae,
551 4663 706 4702 anno
753 4648 860 4701 948
890 4646 962 4701 ab
1011 4647 1339 4702 Hermanno
1387 4647 1533 4701 duce
1562 4652 1730 4717 capta
1759 4652 1817 4701 et
1847 4670 1893 4732 D

150 4734 476 4793 destructa.
507 4734 725 4791 Verum
775 4751 844 4791 ex
889 4734 1099 4793 iisdem
1132 4735 1392 4791 fontibus
1440 4735 1673 4789 haurire
1716 4752 1815 4806 pe-

160 4822 271 4880 tuit
287 4823 587 4883 Gebhardi
606 4824 1128 4896 progeniem,unde
1149 4828 1203 4880 et
1224 4825 1491 4895 ejusdem
1514 4829 1680 4896 gesta
1697 4829 1815 4879 tam

167 4909 405 4973 ﬁdeliter
432 4912 766 4985 descripsit.
800 4912 997 4983 Neque
1052 4913 1206 4968 enim
1247 4913 1473 4968 sincero
1503 4912 1647 4967 alias
1678 4912 1818 4967 scri-

167 5003 310 5072 ptori
336 5002 539 5061 omnis
568 5000 700 5058 ideo
730 5001 877 5057 ﬁdes
898 5002 1240 5074 deneganda
1260 5006 1349 5057 est
1372 5002 1430 5056 in
1454 5000 1571 5057 illis
1596 5018 1722 5072 quae
1748 5001 1818 5055 de

169 5090 531 5167 uaporibus
558 5107 599 5147 a
621 5107 685 5147 se
713 5089 1126 5147 remotioribus
1149 5095 1367 5157 narrat,
1402 5090 1653 5146 maxime
1686 5089 1732 5145 si
1765 5093 1821 5144 et

1926 658 2210 715 factorum
2236 660 2693 729 circumstantiis
2725 662 2969 718 aberret.
3004 659 3325 735 lEquiorem
3366 666 3562 718 tamen

1927 764 1988 802 se
2008 753 2201 819 po.tea
2227 752 2310 821 (p.
2340 751 2467 821 275)
2497 750 2709 806 horum
2731 750 3035 807 annalium
3058 750 3317 823 judicem
3350 752 3567 822 praebet

1926 837 2249 905 Tenzelius,
2284 862 2311 888 ‹‹
2349 856 2515 911 quos,
2574 837 2728 907 licet,
2764 840 3049 910 scribens,
3085 845 3255 895 antea
3285 839 3565 896 comitum

1929 926 2443 1000 (Brigantinorum)
2474 928 2756 1001 originem
2783 928 3000 985 fabulis
3024 929 3439 1000 coinquinasse
3468 945 3565 985 os-

1926 1014 2287 1070 tenderimus
2316 1017 2607 1086 (asseruit,
2641 1034 2756 1072 non
2788 1018 3098 1090 probavit,)
3130 1035 3243 1073 non
3279 1018 3569 1091 improba-

1929 1117 2060 1157 mus
2090 1107 2304 1170 tamen,
2339 1122 2462 1175 quae
2496 1106 2712 1161 habent
2740 1107 2810 1160 de
2842 1111 3079 1178 parente
3110 1106 3403 1162 Gebhardi
3433 1106 3567 1161 fun-

1928 1191 2147 1246 datoris
2177 1193 2391 1260 (Uzene
2448 1211 2548 1248 seu
2611 1194 2923 1265 Udalrico,)
2976 1194 3191 1267 quippe
3222 1199 3286 1249 ut
3315 1194 3566 1250 coenobii

1927 1278 2337 1334 Petershusani
2369 1281 2550 1335 initiis
2582 1283 2871 1353 propiora,
2898 1283 2977 1336 ita
2999 1282 3196 1354 procul
3229 1284 3346 1338 dub
3375 1300 3407 1338 o
3438 1288 3565 1339 stu-

1929 1366 2153 1422 diosius
2184 1368 2586 1441 sinceriusque
2618 1370 2937 1425 adservata.
2956 1371 3349 1443 Novimusque
3372 1388 3441 1427 ex
3469 1372 3563 1443 ip-

1931 1456 2012 1509 sis
2046 1456 2519 1527 Brigantinorum
2579 1458 2893 1514 assertis...
2951 1474 3047 1513 eos
3078 1476 3111 1513 a
3140 1459 3463 1515 Gebehardi
3514 1460 3562 1515 II

1928 1545 2460 1601 Constanliensium
2505 1547 2759 1618 episc0pi
2785 1546 3065 1618 genitore,
3097 1563 3165 1602 ex
3191 1547 3565 1619 praclirissi-

1933 1650 2026 1689 me
2057 1634 2513 1689 Alamannorum
2538 1652 2747 1707 genere
2768 1640 3087 1707 procreato,
3118 1642 3395 1708 tanquam
3423 1638 3569 1693 radi-

1930 1739 1994 1778 ce
2025 1726 2203 1778 totam
2240 1725 2520 1780 comitum
2578 1742 2821 1780 suorum
2855 1725 3187 1798 progeniem
3219 1726 3497 1783 derivare.
3538 1751 3564 1777 ››

1930 1812 2093 1875 Quod
2114 1812 2163 1866 si
2186 1811 2463 1885 largiente
2481 1812 2752 1868 Tensalio
2775 1830 2841 1869 ea
2862 1814 2918 1868 in
2940 1813 3032 1869 his
3054 1814 3366 1871 annalibus
3388 1814 3569 1872 since-

1932 1900 2084 1955 iiera
2106 1905 2243 1956 sunt
2274 1918 2399 1973 quae
2431 1902 2669 1973 propius
2699 1906 2961 1974 tempora
2991 1903 3359 1959 S.Gebhardi
3383 1904 3566 1976 respi-

1926 1988 2247 2061 ciunt,erge
2281 1990 2493 2061 pariter
2521 1989 2776 2061 genuina
2808 1991 3031 2046 censeri
3062 1991 3275 2046 debent
3300 2009 3426 2063 quae
3454 1992 3563 2048 ibi-

1922 2077 2054 2131 dem
2087 2078 2156 2132 de
2187 2077 2441 2149 episCOpi
2464 2077 2623 2132 illius
2648 2079 2989 2149 cognatione
3018 2079 3444 2152 cumHedwige
3464 2080 3564 2136 du-

1923 2163 2421 2228 cissa,Burchardi
2446 2166 2491 2220 Il
2512 2164 2861 2220 Alemannis:
2888 2166 3052 2221 ducis
3072 2167 3562 2238 conjuge,haben-

1923 2256 2039 2308 tur.
2074 2253 2203 2309 Haec
2244 2270 2376 2308 vero
2396 2270 2499 2307 nec
2532 2254 2651 2325 ipse
2677 2254 2982 2310 Tenzelius
3011 2254 3295 2325 explicare
3327 2257 3558 2327 poterit,

1923 2340 2189 2395 nisiillud
2210 2341 2486 2395 horumce
2512 2342 2811 2397 annalium
2838 2348 3094 2414 systema
3123 2343 3561 2415 genealogicum

1921 2428 2072 2483 infra
2100 2432 2127 2497 ἓ
2158 2431 2223 2483 14
2254 2446 2288 2484 a
2319 2430 2485 2485 nobis
2517 2430 2878 2501 propositum
2906 2432 3208 2486 admiserit
3235 2448 3249 2498 ;
3278 2434 3430 2503 quod
3453 2432 3562 2505 igi-

1920 2520 2018 2572 tur
2046 2518 2201 2573 haud
2220 2519 2363 2574 adeo
2386 2518 2719 2574 fabulosum
2741 2524 2920 2586 est,ut
2948 2519 3084 2575 huic
3115 2520 3383 2592 scriptori
3402 2520 3561 2576 vide-

1922 2611 2035 2661 tur.

1990 2695 2184 2750 Mitius
2217 2695 2481 2751 nonnihil
2517 2697 2587 2751 de
2617 2696 2894 2753 Chronico
2921 2701 3116 2753 nostro
3138 2698 3397 2753 sentiunt
3426 2698 3560 2755 Bol-

1920 2783 2174 2839 landiani
2205 2784 2696 2857 agiographi,qui,
2732 2787 2786 2840 in
2815 2787 3233 2842 commentario
3255 2787 3463 2859 praevio
3486 2789 3557 2843 ad

1918 2872 2110 2928 Vitam
2134 2874 2191 2928 S.
2226 2873 2513 2927 Gebhardi
2545 2879 2609 2943 (t.
2646 2875 2716 2928 Vl
2757 2874 3020 2947 Augusti,
3054 2892 3107 2947 p.
3143 2876 3286 2946 106),
3321 2876 3399 2931 ita
3429 2893 3563 2948 pro.

1921 2962 2230 3015 nuntiant:
2270 2985 2293 3009 α
2328 2961 2649 3016 Chronicon
2677 2964 3119 3018 Constantiense
3148 2963 3366 3033 (Manlii
3402 2964 3558 3020 scili-

1922 3054 2029 3119 cet,
2064 3050 2257 3120 qui,ut
2280 3067 2458 3121 supra
2478 3050 2754 3114 diximus,
2778 3050 3205 3106 nobilissimam
3238 3052 3390 3107 hanc
3427 3069 3557 3124 pro-

1921 3138 2148 3211 geniem
2181 3154 2249 3194 ex
2278 3138 2369 3193 his
2426 3139 2832 3195 Petri-Domus
2887 3140 3200 3197 annalibus
3250 3141 3562 3213 decerpsit)

1921 3229 2147 3299 egregie
2205 3228 2417 3283 meruit
2471 3229 2541 3283 de
2598 3228 3194 3299 praeclarissimo‘viri
3230 3235 3557 3297 stemmate,

1920 3317 2091 3372 modo
2122 3321 2241 3370 tam
2274 3333 2407 3371 vera
2435 3316 2555 3371 sint
2583 3333 2761 3386 quam
2821 3316 3128 3387 splendida
3177 3333 3305 3388 qua:
3360 3319 3553 3374 refert.

1915 3405 2026 3459 Sed
2059 3405 2207 3461 265
2240 3410 2377 3459 aetas
2407 3404 2579 3459 istius
2628 3404 2883 3458 auctoris
2913 3408 3031 3459 tam
3074 3419 3273 3460 recens
3304 3405 3363 3459 in
3394 3422 3556 3461 com-

1914 3492 2210 3564 paratione
2231 3496 2350 3546 tam
2374 3490 2596 3563 antiqui
2613 3491 2938 3546 stemmatis
2953 3493 3106 3563 quod
3127 3494 3319 3561 refert,
3342 3511 3555 3566 parum

1915 3580 2088 3635 habet
2119 3579 2504 3635 auctoritatis.
2536 3602 2562 3627 ››
2594 3579 2703 3633 Sed
2737 3578 3032 3635 advertere
3054 3580 3396 3636 debuissent
3425 3597 3553 3637 cru-

1916 3668 2019 3723 diti
2050 3667 2190 3723 socii
2220 3684 2336 3722 non
2356 3666 2554 3723 Manlii
2577 3685 2703 3723 esse
2725 3667 2875 3723 hanc
2895 3668 3320 3740 genealogiam,
3341 3668 3443 3741 qui
3464 3687 3564 3725 sa:-

1917 3755 2047 3811 culo
2069 3773 2158 3810 xvx
2186 3756 2509 3811 Cbrenicon
2529 3756 2891 3827 scripsit,sed
2924 3757 3238 3813 Annalium
3260 3758 3565 3813 Petershu-

1919 3845 2217 3901 sianorum
2251 3831 2378 3899 saec.
2404 3862 2504 3899 xu.
2536 3846 2695 3910 Quod
2729 3845 2862 3900 dein
2894 3846 3157 3901 addunt:
3192 3870 3219 3896 ‹‹
3255 3846 3368 3900 Nec
3393 3846 3572 3917 impe-

1920 3935 2147 3998 ratoris,
2180 3951 2282 3989 nec
2314 3933 2530 3990 sororis
2562 3935 2711 4003 ejus,
2746 3951 2850 3989 nec
2904 3934 3055 4006 regis
3088 3935 3420 4006 interempti
3456 3952 3565 3990 no-

1922 4039 2055 4078 men
2104 4022 2392 4094 exprimit,
2428 4045 2455 4071 »
2485 4027 2635 4077 recte
2665 4027 2924 4091 monent,
2968 4039 3101 4078 cum
3132 4027 3189 4078 et
3219 4039 3324 4078 nos
3350 4039 3417 4078 ea
3446 4022 3562 4077 ibi-

1921 4112 2054 4167 dem
2069 4112 2486 4179 desideremus,
2506 4127 2631 4183 que:
2644 4128 2777 4166 vero
2796 4110 3040 4166 inferius
3058 4111 3564 4184 investigabimus,

1923 4201 2077 4255 unde
2099 4199 2318 4272 patebit
2338 4198 2469 4255 illos
2489 4204 2637 4254 recte
2668 4199 3046 4269 subjunxiese
3071 4218 3085 4255 :
3120 4225 3145 4250 ‹‹
3174 4200 3233 4256 Si
3268 4204 3465 4256 tamen
3494 4202 3564 4258 ad

1921 4294 2157 4361 tempus
2186 4289 2474 4353 attendas,
2506 4287 2734 4343 videtur
2754 4288 3039 4360 respicere
3062 4290 3131 4344 ad
3158 4288 3440 4344 familiam
3466 4288 3566 4344 Ca-

1923 4377 2028 4433 roli
2062 4377 2271 4449 Magni,
2330 4377 2417 4432 vel
2449 4376 2693 4432 alierum
2756 4376 2853 4448 qui
2880 4394 2911 4432 e
2944 4377 3175 4431 natione
3214 4377 3562 4433 Francorum

1922 4466 2132 4522 smculo
2165 4483 2318 4521 none
2351 4465 2661 4538 imperium
2694 4464 3018 4521 Occidentis
3056 4468 3389 4521 tenuerunt.
3427 4488 3454 4515 »

1994 4557 2121 4611 Haec
2153 4556 2222 4611 de
2277 4560 2475 4611 nostro
2536 4555 2816 4610 Chronico
2875 4559 3223 4626 praenetasse
3279 4554 3564 4621 sufﬁciat;

1927 4646 2094 4717 plura
2123 4645 2180 4698 in
2214 4644 2606 4714 sequentibus
2633 4644 2770 4698 hinc
2800 4643 2931 4698 inde
2954 4648 3270 4708 recurrent,
3305 4644 3569 4714 subjecta

1926 4732 2257 4806 przsprimis
2288 4732 2704 4803 disquisitione
2736 4748 2851 4803 qua
2890 4736 3153 4787 vexatam
3184 4732 3242 4786 S.
3276 4729 3569 4787 Gebhardi

1927 4820 2327 4895 genealogiam
2362 4838 2475 4876 non
2508 4820 2747 4892 quidem
2779 4819 3456 4889 defendere,examinare
3484 4824 3570 4875 ta-

1930 4928 2061 4967 men
2094 4909 2466 4975 tentavimus,
2501 4908 2703 4965 relicta
2732 4908 2883 4978 aliis,
2919 4927 3097 4981 quam
3122 4911 3289 4965 nobis
3321 4909 3576 4982 sumpsi-

1931 5018 2084 5067 mus,
2118 5017 2243 5070 quzc
2274 4998 2565 5054 voluerint
2594 4997 2883 5061 sentiendi
2914 4997 3202 5054 libertate.
