3874 6336
390 441 508 504 275
575 429 626 474 Ὗ

1087 439 1482 520 APPENDIX
1524 441 1626 507 AD
1671 435 2118 510 CHRONICON
2161 443 2582 510 HERMANNI
2625 441 3090 512 GONTRAGTI.
3687 439 3776 507 276

389 604 3780 636 ..ῃ-*Μ

903 765 1052 872 DE
1119 763 2061 878 BRIGANTINOBUM
2127 765 2643 880 COMITUM
2711 766 3314 882 PROSAPIA

1643 990 2536 1102 DISQUISITIO

1453 1221 1561 1282 Ea:
1599 1203 1907 1304 systemate
1953 1222 2242 1288 Chronici
2278 1221 2723 1285 Petershusam'.

463 1545 496 1614 ξ
527 1545 552 1599 1
592 1543 746 1602 286
773 1541 1148 1616 Praepotentis
1199 1541 1337 1598 olim
1387 1541 1566 1614 hujus
1591 1541 1845 1608 familia,
1875 1542 2033 1598 unde
2063 1543 2110 1609 Α
2147 1542 2464 1615 imperator
2491 1543 2814 1600 Germaniae
2844 1546 2902 1599 et
2938 1541 3310 1600 Alemanniw
3361 1541 3788 1599 dominabatur:

395 1633 521 1689 alia:
553 1632 882 1704 complures
911 1631 1269 1703 prodierunt,
1319 1631 1602 1702 originem
1653 1631 1725 1686 ab
1774 1631 2033 1702 antiquis

395 1721 585 1777 Raetia:
617 1719 909 1776 Curiensis
932 1719 1243 1776 comitibus
1269 1723 1538 1790 repetunt
1561 1719 2035 1784 Lazius,Crusius

394 1811 722 1882 Stumpﬁus
753 1809 985 1880 aliique.
1021 1809 1178 1864 Hanc
1209 1825 1338 1863 vero
1370 1825 1470 1863 ceu
1495 1807 1691 1879 primi;
1725 1811 1789 1861 ut
1809 1808 2037 1862 videtur

395 1898 726 1956 stemmatis
749 1898 843 1952 hic
873 1897 1028 1952 haud
1077 1896 1501 1961 examinamus,
1555 1897 1822 1951 Chronici
1855 1897 2034 1951 nostri

395 1987 740 2058 scriptorem
770 1987 838 2040 de
869 1984 1188 2057 posteriore
1232 1986 1519 2040 duntaxat
1567 1985 1836 2056 prosapia
1881 1988 2034 2039 trae-

391 2080 616 2132 tantem
643 2074 1016 2144 illustraturi,
1051 2073 1148 2145 qui
1181 2074 1422 2129 comites
1453 2072 1585 2128 illos
1616 2089 1683 2128 ex
1713 2073 1899 2128 Gallia
1925 2073 2032 2128 To-

395 2169 532 2236 gata
563 2165 622 2218 in
653 2164 760 2219 has
791 2167 975 2218 terras
1008 2162 1354 2217 adducit.At
1385 2179 1518 2217 mox
1547 2162 1605 2216 in
1638 2161 1840 2216 limine
1867 2161 2035 2216 aber-

397 2255 654 2320 rat,dum
677 2251 736 2306 in
756 2251 1076 2308 Galliarum
1101 2251 1385 2306 divisione
1409 2255 1610 2306 contra
1633 2249 1878 2305 aliorum
1902 2249 2037 2304 scri-

397 2346 631 2414 ptorum
663 2341 836 2396 ﬁdem
870 2339 1107 2395 Galliam
1140 2341 1438 2396 Comatam
1471 2339 1530 2393 in
1591 2338 1886 2410 Cisalpina
1933 2355 2036 2394 seu

397 2430 562 2485 Italia
593 2429 854 2497 collocat,
889 2445 1013 2499 qum
1043 2433 1236 2482 tamen
1259 2428 1479 2482 emteris
1497 2427 1717 2499 Togata
1735 2433 1820 2482 est
1845 2445 1858 2492 ;
1883 2427 2038 2482 unde

395 2536 497 2591 per
527 2535 588 2574 se
619 2518 750 2572 ﬂuit
781 2533 848 2572 ex
878 2521 1070 2571 mente
1103 2515 1356 2571 auctoris
1405 2515 1592 2570 nostri
1631 2513 1877 2569 Galliam
1926 2515 2036 2569 To-

393 2611 590 2680 gatam
643 2605 803 2660 illam
836 2621 963 2660 esse
995 2621 1170 2675 quam
1203 2603 1298 2658 alii
1323 2603 1622 2658 Comatam
1642 2619 1742 2657 seu
1762 2602 2036 2658 Celtieam

394 2703 495 2751 aut
525 2695 814 2766 Belgicam
847 2694 1170 2748 nominant.
1206 2690 1365 2755 Quod
1396 2708 1530 2747 cum
1581 2691 1737 2746 haud
1777 2692 2036 2746 attende-

391 2789 520 2840 rent
559 2783 660 2856 qui
690 2784 760 2838 de
793 2783 900 2837 hoc
929 2781 1214 2836 Chronico
1245 2785 1589 2846 tractarunt,
1615 2780 1674 2834 in
1706 2778 1850 2834 alios
1881 2796 2037 2834 erro-

391 2891 485 2929 res
513 2873 772 2945 prolapsi
810 2875 970 2936 sunt,
1005 2875 1068 2926 ut
1099 2887 1231 2925 mox
1261 2873 1434 2925 antea
1461 2870 1532 2924 de
1571 2867 1839 2924 Tenzelio
1873 2875 2036 2924 nota-
2067 2907 2115 2972 B

391 2977 608 3014 vunus.

467 3047 496 3119 §
525 3047 593 3102 II.
627 3047 782 3101 Idem
813 3045 1055 3117 contigit
1083 3045 1169 3100 Jo.
1204 3045 1372 3100 Conr.
1414 3043 1737 3108 Fuesslino,
1781 3044 1880 3115 qui
1929 3043 2038 3099 etsi

396 3135 741 3208 (Staats-und
765 3133 1264 3202 Erdbeschreibung
1315 3132 1414 3187 der
1461 3133 1724 3188 Schwoz'tz.
1773 3137 1814 3186 t.
1851 3133 1946 3200 IV,
1978 3150 2034 3204 p.

399 3225 522 3296 173)
554 3223 852 3295 scriptoris
883 3223 1064 3277 nostri
1124 3237 1376 3278 errorem
1435 3221 1751 3292 agnoverit,
1785 3220 1909 3293 ipse
1951 3227 2036 3276 ta-

403 3329 536 3368 men
559 3312 732 3367 etiam
754 3311 1036 3384 originem
1057 3311 1206 3366 hanc
1227 3309 1286 3364 in
1311 3310 1472 3365 Italia
1492 3327 1594 3365 ceu
1625 3309 1743 3365 veri
1783 3309 2038 3365 nominis

401 3401 592 3456 Gallia
619 3402 836 3473 Togata
865 3400 1125 3471 inquirit.
1163 3401 1548 3456 Memoratum
1589 3398 1742 3454 enim
1795 3415 1828 3454 a
1871 3397 2037 3454 chro-

398 3489 697 3561 nographo
725 3491 762 3544 l.
799 3507 835 3556 ι,
868 3507 926 3544 n.
958 3493 1010 3556 '2,
1045 3489 1388 3561 regicidium
1435 3492 1565 3560 post
1613 3487 1794 3543 Caroli
1845 3487 2036 3542 Crassi

395 3577 540 3651 imp.
573 3578 794 3632 obitum
827 3578 1225 3649 reponendum
1275 3577 1587 3644 existimat,
1623 3577 1857 3647 quando
1905 3577 2038 3631 novi

395 3668 614 3738 ubique
645 3653 828 3738 reguli
859 3671 1242 3732 emerserunt,
1295 3683 1442 3736 quos
1499 3665 1650 3720 inter
1702 3665 1770 3721 ad
1804 3682 1899 3720 an.
1932 3667 2038 3720 895

395 3757 716 3827 pracipuos
739 3759 1000 3810 recenset
1013 3755 1426 3825 Berengarium
1451 3755 1488 3807 E
1499 3769 1624 3807 vera
1635 3753 1720 3807 rdi
1741 3753 1926 3808 filium
1941 3755 2038 3808 Fo-

395 3842 792 3914 rojuliensem,
819 3847 876 3897 et
929 3842 1232 3896 Widonem
1247 3841 1458 3913 Spoleti
1485 3842 1661 3895 duces
1693 3857 1825 3896 cum
1857 3841 2036 3912 hujus

391 3932 512 3988 ﬁlio
569 3932 897 3998 Lamberto,
918 3931 1017 4003 qui
1049 3931 1119 3985 de
1146 3929 1318 3986 Italiae
1347 3945 1523 4001 regno
1555 3929 1706 3984 inter
1730 3946 1791 3985 se
1807 3935 2038 3984 conten-

393 4021 627 4076 debant.
661 4021 738 4075 Ex
795 4020 888 4075 his
923 4019 1262 4074 Lambertus
1329 4035 1421 4073 an.
1455 4019 1561 4073 898
1587 4018 1814 4073 occisus
1847 4023 1933 4074 est
1962 4019 2034 4073 ab

391 4108 633 4180 Hugone
659 4107 1330 4179 lilioMeginfredi,quem
1352 4105 1692 4177 Arnulplius
1717 4107 2035 4178 imperator

2145 1633 2215 1686 ad
2249 1649 2422 1704 quem
2453 1633 2618 1700 adeo,
2653 1649 2768 1688 non
2811 1632 2881 1687 ad
2935 1632 3302 1700 Conradum,
3369 1635 3510 1705 post
3547 1629 3790 1686 tredecim

2143 1737 2328 1776 annos
2354 1719 2627 1786 electum,
2661 1721 2976 1793 confugere
3033 1719 3353 1776 debuisset
3397 1719 3498 1775 hic
3545 1717 3788 1790 regicida,

2145 1808 2310 1878 isque
2343 1825 2458 1864 non
2489 1809 2798 1864 Udalrieus
2833 1809 2934 1864 sed
2966 1809 3132 1881 Hugo
3153 1808 3597 1881 appellatus,et
3617 1805 3792 1862 unicus

2143 1897 2386 1968 insuper
2407 1897 2745 1968 Meginfredi
2769 1897 2936 1952 ducis
2959 1897 3438 1952 Mediolanensis
3463 1893 3791 1966 ﬁlius(Lurr-

2146 2001 2354 2038 paann.
2389 1986 2428 2038 ι.
2461 2001 2532 2051 c.,
2562 2001 2611 2040 c.
2649 1985 2757 2054 12),
2785 1985 2886 2039 ubi
2913 1985 3092 2040 etiam
3151 1983 3309 2039 nihil
3376 1985 3454 2039 de
3501 1985 3629 2054 ejus
3657 1982 3790 2052 fuga.

2145 2075 2267 2137 Qua
2277 2089 2410 2128 vero
2431 2073 2656 2128 ratione
2674 2073 3020 2144 probabitur
3033 2073 3411 2145 Meginfredo
3425 2071 3564 2127 huic
3577 2073 3788 2142 nuptam

2145 2159 2326 2216 fuisse
2355 2161 2726 2233 imperatoris
2759 2161 3071 2232 cujusdam
3101 2165 3206 2216 aut
3265 2165 3432 2234 regis
3465 2161 3790 2216 Francorum

2144 2247 2527 2320 ﬁliam,primi
2551 2250 2723 2306 istius
2745 2250 3070 2322 Brigantiui
3093 2251 3338 2306 comitis
3365 2247 3788 2317 matrem,cujus

2145 2343 2408 2409 respectu
2434 2340 2739 2393 avunculus
2759 2338 3050 2394 illiusdiei
3075 2343 3282 2410 posset
3309 2337 3676 2409 Arnulphus,
3707 2333 3788 2406 qui

2147 2425 2462 2494 nequidem
2500 2443 2728 2482 sorores
2759 2426 3004 2482 habuit?
3034 2427 3247 2483 Melius
3277 2428 3340 2483 id
3360 2426 3626 2482 Conrado
3649 2425 3669 2478 Ι
3689 2422 3787 2496 regi

2147 2515 2456 2570 convenire
2487 2520 2702 2586 posset,
2753 2515 2864 2571 nisi
2926 2515 3192 2588 Hugonis
3243 2531 3472 2572 nomen
3517 2514 3784 2574 obstaret;

2147 2599 2312 2656 facile
2341 2603 2498 2656 enim
2531 2619 2696 2658 soror
2725 2602 2923 2675 aliqua
2952 2603 3200 2658 Conradi
3259 2603 3426 2676 regis
3475 2597 3785 2672 Meginfredi

2145 2688 2316 2743 istius
2347 2692 2559 2762 conjux
2587 2707 2716 2746 esse
2747 2691 3120 2762 potuit,unde
3147 2695 3204 2746 et
3253 2693 3330 2748 ab
3373 2689 3673 2761 Arnulpho
3699 2687 3786 2741 im-

2146 2783 2408 2848 peratore
2422 2779 2748 2835 Mediolano
2759 2781 3068 2852 praefectus
3081 2795 3211 2835 esse
3224 2781 3488 2848 videtur,
3513 2793 3642 2833 cum
3661 2777 3786 2831 Con-

2147 2865 2272 2920 radi
2304 2867 2433 2922 avia
2465 2867 2638 2922 fuerit
2659 2867 2778 2922 fiiia
2799 2867 3027 2935 Gisela),
3051 2885 3178 2940 quas
3201 2885 3378 2925 soror
3395 2871 3521 2923 erat
3543 2861 3781 2922 Ludovici

2147 2955 2496 3023 Germanici,
2523 2956 2704 3028 patris
2733 2957 2978 3024 Arnulﬁ,
3012 2957 3096 3012 uti
3145 2973 3286 3013 mox
3340 2960 3548 3031 postea
3593 2949 3782 3008 videbi-

2147 3059 2300 3098 mus.
2335 3043 2635 3100 Constaret
2673 3044 2809 3100 hinc
2857 3045 3005 3100 ratio
3066 3062 3172 3102 cur
3229 3043 3586 3119 Meginfredi
3640 3039 3778 3095 ﬁlius

2148 3131 2421 3187 occiderit
2443 3133 2912 3201 Lambertum,ut
2933 3137 3064 3206 pote
3085 3135 3146 3189 in
3178 3151 3364 3208 regno
3409 3132 3588 3190 Italia
3627 3143 3780 3184 emu-

2149 3219 2268 3273 lum
2293 3219 2754 3293 Berengarii,qui
2779 3221 2982 3278 Giselaa
2999 3221 3174 3278 istius
3197 3223 3364 3279 ﬁlius
3391 3226 3535 3290 erat,
3551 3220 3778 3287 adeoque

2148 3307 2258 3378 ipsi
2293 3313 2593 3380 cognatus.
2625 3311 2888 3365 Conrado
2917 3327 3052 3366 vero
3111 3311 3412 3368 avunculo
3469 3311 3542 3367 ad
3564 3317 3779 3380 regnum

2148 3396 2365 3451 elevato
2399 3396 2656 3452 melioris
2688 3398 2934 3453 fortuna:
2979 3415 3083 3470 spe
3115 3399 3340 3470 potius,
3375 3413 3556 3472 quam
3600 3397 3666 3452 ob
3693 3407 3777 3464 pa-

2147 3488 2364 3539 tratum
2401 3485 2766 3556 regieidium,
2787 3487 2857 3541 ad
2881 3501 3016 3542 eum
3039 3487 3101 3541 in
3127 3487 3548 3544 Alemanniam
3569 3493 3775 3540 conces-

2147 3572 2307 3640 serit,
2341 3573 2679 3645 Brigantino
2709 3575 2988 3630 comitatu
3021 3576 3093 3630 ab
3116 3591 3183 3631 eo
3214 3575 3499 3633 donatus.
3527 3565 3774 3638 Quamvis

2147 3667 2342 3716 autem
2365 3661 2458 3716 hic
2517 3662 2862 3734 regicidium
2921 3663 3298 3734 haberemus,
3363 3663 3553 3720 multa
3603 3663 3774 3714 tamen

2147 3749 2337 3804 adhuc
2393 3749 2646 3816 obstant,
2702 3767 2835 3806 cum
2899 3751 3168 3807 Chronici
3225 3753 3418 3809 nostri
3473 3746 3774 3806 narratione

2143 3837 2238 3891 vix
2267 3853 2332 3892 ac
2353 3853 2424 3893 ne
2455 3839 2548 3893 vix
2570 3839 2804 3910 quidem
2837 3840 3204 3896 concilianda
3227 3859 3241 3910 ;
3263 3858 3398 3913 quae
3429 3838 3582 3896 enim
3611 3835 3666 3890 in
3681 3833 3770 3888 hoc

2145 3931 2460 3996 systemate
2475 3927 2683 3982 fuisset
2704 3943 2868 3983 soror
2889 3928 3044 3999 regis
3069 3929 3434 3985 Francorum
3455 3932 3514 3985 et
3541 3925 3764 3994 impera-

2142 4013 2287 4070 toris
2309 4014 2727 4083 Romanorum,
2759 4031 2906 4072 uxor
2947 4017 3131 4088 patris
3163 4017 3422 4074 Udalriei
3453 4004 3764 4086 Brigantiui:

2145 4103 2258 4157 nisi
2291 4103 2534 4158 Conradi
2580 4105 2734 4175 regis
2793 4105 3220 4161 Germanorum
3274 4123 3382 4162 seu
3443 4105 3766 4162 Francorum

389 4197 462 4251 ad
494 4197 711 4251 tuenda
735 4195 1160 4251 suainltaliam
1175 4195 1532 4265 juraducem
1546 4194 2032 4250 Mediolanensem
2145 4191 2548 4260 Orientalium,
2583 4193 2738 4248 unde
2768 4199 2944 4249 natus
2973 4199 3116 4263 erat,
3151 4197 3428 4266 quamvis
3482 4187 3766 4262 imperator

389 4285 789 4350 constituerat,
827 4285 1167 4338 Lambertus
1198 4299 1329 4339 vero
1348 4283 1533 4354 capite
1563 4283 1733 4354 plecti
1757 4284 2032 4352 jusserat,
2065 4267 2108 4334 C
2145 4296 2449 4351 nunquam
2481 4281 2700 4336 fuerit?
2729 4282 2870 4338 Dein
2903 4282 3291 4354 regicidarum
3325 4299 3486 4339 unus
3515 4279 3606 4335 hic
3639 4268 3766 4328 diei-

389 4377 455 4428 ut
484 4373 688 4428 scribit
735 4372 1130 4444 Luitprandus
1187 4372 1332 4427 Hist.
1366 4371 1404 4426 1.
1443 4373 1482 4438 l,
1517 4387 1566 4426 c.
1603 4371 1670 4426 42
1700 4371 1846 4428 ππ
1885 4374 2034 4444 (MU-

389 4478 515 4516 RAT.
561 4461 738 4533 Scrzpt
793 4461 917 4516 Ital.
976 4465 1017 4514 t.
1051 4459 1143 4530 Il).
1203 4459 1550 4531 Opinionem
1611 4475 1778 4514 suam
1837 4459 2035 4516 hausit

388 4551 728 4606 Fuesslinus
762 4567 830 4606 ex
851 4548 1352 4620 Herm.Conringii
1384 4565 1630 4603 censura
1649 4547 2031 4620 diplom.Lin-

386 4639 512 4694 dav.
543 4657 599 4712 p.
633 4641 758 4706 270,
791 4639 888 4694 ubi
947 4639 1029 4694 ita
1059 4639 1264 4692 refert:
1319 4659 1346 4686 ‹‹
1383 4637 1641 4692 Conrado
1671 4637 1693 4692 Ι
1725 4641 2027 4708 regnante,

386 4727 549 4798 Hugo
610 4727 1063 4783 Mediolanensis
1113 4725 1437 4781 secundum
1495 4725 1808 4780 Baronium
1839 4725 2030 4781 occiso

386 4817 691 4870 Lamberto
725 4815 900 4871 Italiae
963 4831 1113 4888 rege,
1150 4815 1222 4869 ad
1254 4815 1578 4869 Cunradum
1632 4813 1798 4868 illum
1832 4831 2026 4886 regem

382 4904 734 4958 avunculum
767 4921 939 4959 suum
968 4903 1331 4975 confugiens,
1377 4903 1715 4974 Brigantiae
1749 4904 2026 4959 comitatu

383 4988 609 5060 primus
640 4992 902 5045 omnium
945 4992 1199 5046 creditur
1257 4991 1526 5046 donatus.
1565 5013 1592 5039 ››
1623 4991 1756 5054 Quae
1789 4991 2026 5062 quidem

383 5077 668 5130 sententia
701 5077 959 5147 proxime
1019 5095 1148 5134 eum
1199 5079 1528 5134 narratione
1575 5079 1891 5134 Annalium
1924 5098 2024 5136 no-

381 5165 635 5216 strorum
685 5165 1032 5234 conveniret,
1094 5167 1162 5231 si,
1226 5166 1378 5238 quod
1439 5171 1600 5238 optat
1629 5167 1935 5224 Tenzelius
1967 5187 2022 5242 p.

379 5251 505 5314 282,
538 5253 744 5306 asserti
777 5253 867 5307 sui
899 5265 1162 5311 auctores
1193 5255 1565 5323 rationesque
1595 5255 1922 5327 allegasset.
1955 5263 2028 5314 At

379 5341 588 5407 praeter
615 5355 682 5394 ea
716 5357 844 5410 quae
881 5341 974 5397 hic
1021 5343 1176 5399 idem
1211 5347 1416 5398 auctor
1445 5341 1754 5412 Conringio
1777 5343 1816 5398 l.
1851 5361 1899 5399 c.
1930 5363 2028 5418 0p-

381 5425 564 5494 ponit,
600 5427 714 5481 alia
737 5429 926 5484 adhuc
949 5439 1082 5487 sunt
1107 5449 1234 5503 qua:
1267 5427 1404 5482 huic
1423 5429 1762 5496 conjecturas
1795 5432 2026 5491 obstare

379 5511 964 5572 videnturJiaronius
985 5521 1258 5592 equidem
1280 5513 1494 5568 caedem
1521 5515 1806 5570 Lamberti
1831 5521 1900 5574 ad
1925 5538 2020 5579 an.

2144 4373 2242 4424 tur
2271 4369 2631 4438 Vodalrieus,
2665 4371 2818 4441 apud
2851 4371 3232 4443 Conringium
3263 4371 3476 4446 Hugo;
3532 4367 3668 4422 forte
3691 4363 3764 4412 ta-

2143 4473 2276 4512 men
2309 4459 2706 4530 Luitprandus
2737 4459 2796 4514 in
2829 4459 2992 4516 Italia
3021 4461 3291 4516 scribens
3347 4474 3561 4517 nomen
3613 4447 3764 4508 unius

2141 4547 2359 4614 fratris,
2393 4547 2492 4619 qui
2522 4547 2581 4601 in
2612 4547 2959 4604 Alemannia
2989 4553 3376 4618 remanserat,
3411 4538 3698 4622 ignoravit,
3718 4535 3763 4588 et

2139 4635 2487 4708 Conringius
2526 4653 2628 4708 pro
2665 4638 2841 4693 Usone
2871 4653 2974 4693 seu
3005 4639 3246 4704 numne,
3280 4639 3368 4694 uti
3399 4637 3569 4695 etiam
3597 4627 3759 4684 ἀίοῐαε

2139 4729 2228 4780 est
2259 4719 2587 4796 Udalrieus,
2619 4725 2879 4797 reposuit
2905 4727 3077 4795 Hugo.
3111 4727 3256 4782 Cum
3315 4743 3455 4800 ergo
3509 4726 3620 4778 hmo
3667 4709 3758 4768 sub

2139 4813 2400 4869 Conrado
2423 4814 2684 4886 adeoque
2710 4819 2844 4886 post
2873 4831 2972 4872 an.
3011 4815 3112 4872 9H
3181 4815 3336 4872 268
3388 4801 3754 4882 contigissent,

2139 4901 2444 4957 Udalricus
2475 4901 2583 4958 levi
2609 4903 2840 4975 negotio
2871 4903 2930 4958 in
2953 4903 3300 4960 Alemannis
3321 4895 3622 4976 progenuit
3637 4889 3753 4976 Usu-

2137 5008 2271 5047 nem
2302 5008 2404 5046 seu
2437 4989 2772 5046 Udalrieum
2805 4991 3052 5046 alterum
3085 4975 3752 5048 PatremIS.Gebbardiel

2136 5079 2388 5135 Udalrici
2422 5079 2624 5150 lll,qui
2657 5081 2862 5134 an.965
2883 5095 3092 5152 pugnis
3122 5081 3476 5153 Augustanze
3507 5075 3751 5132 interesse

2135 5169 2342 5241 potuit.

2204 5259 2232 5325 §
2262 5257 2359 5311 ΙΙΙ.
2385 5254 2762 5312 Tentavimus
2793 5254 3098 5328 hucusque
3127 5256 3390 5328 primum
3409 5247 3647 5312 Annales
3667 5253 3748 5336 Ito"

2133 5351 2286 5402 stros
2317 5343 2642 5416 eXplieandi
2673 5343 2939 5412 modum,
2967 5327 3102 5402 licet
3118 5327 3371 5402 necdum
3393 5344 3532 5402 satis
3551 5327 3745 5406 expedi-

2132 5439 2282 5502 tum,
2317 5437 2540 5488 retenta
2572 5431 2832 5505 regieidii
2863 5433 3268 5506 historia,quaa
3301 5435 3414 5490 nisi
3434 5433 3574 5490 dicto
3597 5416 3741 5480 modo

2131 5527 2187 5579 et
2217 5527 2476 5594 tempore
2506 5521 2736 5576 admitti
2768 5523 2973 5593 nequit
3004 5523 3116 5578 sub
3176 5523 3500 5596 Carolingis
3537 5508 3740 5596 regibus

755 5601 902 5657 male
923 5587 1138 5674 tam-cn,
1173 5619 1308 5660 eum
1343 5603 1566 5697 certum
1600 5604 1677 5656 sit
1711 5604 1868 5661 illam
1894 5610 2018 5678 jam
2050 5633 2096 5697 D
2131 5617 2230 5668 aut
2255 5587 2727 5682 imperatoribus.
2760 5587 3143 5668 Tentabimus
3168 5614 3294 5684 jam
3336 5619 3395 5668 et
3413 5587 3672 5697 alterum.
3697 5587 3738 5646 εί

379 5695 473 5732 an.
497 5681 599 5734 898
631 5685 810 5742 fuisse
839 5699 1250 5764 perpetratum,
1302 5701 1418 5756 quo
1449 5684 1637 5744 adhuc
1679 5693 2018 5767 Arnulphus
2050 5681 2094 5697 ”
2129 5681 2467 5770 regicidium
2498 5696 3049 5770 excipias,Chroniei
3084 5681 3270 5756 nostri
3297 5689 3607 5759 narrationi
3635 5696 3738 5743 ωι-
