3874 6368
115 490 238 556 ῗΠ

951 495 1400 560 CHRONICON
1441 493 2164 560 PETERSHUSANUM.
2195 524 2275 544 —
2303 494 2714 560 PROGEMIA.

3409 491 3528 561 2'78

115 625 210 698 gis
244 625 724 686 accommodum.
757 627 1122 701 Praecipuum
1180 628 1361 701 hujus
1405 629 1770 684 tractationis
1801 628 1855 694 Α
1885 628 1960 683 tis
1981 629 2254 684 Bussenin
2279 629 2558 685 hodierno
2579 629 2852 686 districta
2872 627 3108 702 capituli
3130 627 3528 702 Sulgaviensis

119 715 588 773 fundamentum
619 717 838 790 prebet
867 717 1126 790 diploma
1157 716 1429 773 Ludovici
1450 717 1778 773 Germanici

119 803 334 859 datum
369 821 445 860 an
471 805 580 861 867
639 806 948 875 (Hsaco'rr.
1011 823 1067 860 n.
1127 807 1275 876 177),
1333 822 1449 876 quo
1494 805 1650 860 idem
1681 821 1780 860 rex

121 891 474 948 Udalricum
492 894 766 949 comitem
789 894 848 948 in
862 896 1221 966 Argengewe
1247 893 1521 950 dilectum
1535 903 1781 964 nepotem

120 996 298 1036 suum
333 981 616 1053 appellat,
650 983 822 1054 cujus
855 982 1180 1055 progenies,
1215 982 1262 1038 si
1297 981 1594 1054 explorata
1614 983 1778 1047 foret,

122 1067 301 1141 plana
331 1069 608 1126 fortassis
636 1074 792 1126 esset
822 1071 1102 1126 comitum
1146 1070 1615 1141 Brigantinorum
1649 1086 1780 1142 pro-

123 1156 409 1230 sapia,uti
433 1174 568 1214 mox
599 1158 864 1214 dicemus
895 1159 1237 1230 (702).Haud
1262 1159 1417 1214 enim
1439 1159 1779 1214 dubitamus

121 1247 280 1302 hunc
311 1246 518 1317 ipsum
548 1245 718 1302 illum
746 1263 876 1302 esse
907 1246 1248 1302 Udalricum
1281 1247 1338 1301 in
1373 1247 1658 1302 Chronico
1683 1263 1782 1301 no-

123 1335 244 1391 stre
277 1339 704 1402 memoratum,
727 1336 897 1406 cujus
920 1334 1077 1391 filius
1101 1335 1212 1391 Uzo
1236 1336 1391 1407 apud
1414 1335 1778 1408 Brigantium

125 1423 396 1479 habitare
429 1423 694 1495 coeperit,
728 1422 962 1478 interim
993 1440 1201 1478 rursus
1237 1427 1369 1494 post
1398 1423 1650 1487 ruinam,
1680 1439 1780 1478 cu-

118 1512 220 1583 jus
251 1509 624 1567 Walafridus
647 1510 1339 1577 meminit,instauratum
1368 1529 1381 1577 ;
1414 1512 1569 1566 unde
1601 1516 1658 1566 et
1687 1527 1785 1582 pa-

125 1604 214 1655 ter
241 1599 374 1669 ejus
407 1599 472 1654 in
501 1599 693 1655 vicino
721 1615 869 1672 pago
903 1605 1265 1672 Argengewe
1320 1615 1422 1655 seu
1469 1599 1782 1671 Linzgowe

125 1686 432 1744 habitarit.

193 1819 584 1892 Cognationis
615 1819 789 1892 hujus
811 1820 1165 1892 stipitem,ut
1187 1820 1418 1876 interim
1441 1838 1475 1875 a
1493 1819 1783 1877 Chronico

127 1913 326 1966 nostro
357 1908 964 1981 abstrahamus,quod
1001 1907 1107 1964 hac
1138 1909 1196 1964 in
1218 1925 1278 1964 re
1316 1909 1560 1964 minime
1581 1910 1782 1965 defen-

128 1997 387 2054 dendum
419 1997 807 2070 suscipimus,
839 2014 870 2054 e
901 1996 1121 2068 duplici
1156 1998 1312 2053 fonte
1361 1997 1529 2053 nobis
1583 1999 1782 2070 depre-
1810 1995 1858 2060 B

127 2085 404 2142 hendisse
462 2085 754 2142 videmur.
816 2090 1015 2141 Unum
1064 2085 1376 2158 Theganus
1420 2086 1781 2142 Trevirensis

129 2173 590 2246 chorspiscopus
615 2189 838 2229 coaevus
870 2178 948 2229 De
977 2173 1158 2246 gestis
1203 2173 1473 2229 Ludovici
1504 2174 1586 2229 Pii
1637 2175 1778 2248 imp.

131 2263 448 2334 (Bouourr,
480 2268 526 2318 t.
563 2262 658 2327 VI,
692 2279 748 2334 p.
778 2263 869 2334 73)
901 2262 1139 2329 indicat,
1173 2263 1272 2318 ubi
1317 2279 1443 2334 cap.
1476 2263 1512 2318 2
1542 2263 1662 2319 haec
1693 2264 1778 2320 le-

131 2355 384 2424 guntur:
418 2374 448 2401 «
483 2348 728 2408 Carolus
757 2352 980 2422 (postea
1013 2351 1280 2424 Magnus)
1312 2341 1447 2406 cum
1488 2351 1547 2406 in
1570 2352 1780 2421 juven-

131 2444 250 2496 tute
278 2444 425 2508 erat,
446 2438 562 2496 sibi
586 2439 786 2510 junxit
816 2439 1169 2494 nobilissimi
1199 2439 1427 2511 generis
1458 2441 1778 2496 Suevorum

133 2527 384 2601 puellam
415 2527 661 2584 nomine
688 2527 1106 2600 Hiltegardam,
1141 2545 1266 2600 quae
1297 2533 1421 2584 erat
1465 2529 1536 2584 de
1567 2546 1778 2601 cogna-

132 2617 287 2674 tione
316 2615 650 2674 Gothefridi
680 2615 844 2672 ducis
882 2615 1364 2672 Alamannorum.
1401 2617 1778 2673 Gothel‘ridus

132 2705 245 2762 dux
271 2705 479 2779 genuit
509 2704 920 2777 Houchingum
948 2721 962 2772 ;
1001 2704 1388 2778 Houchingus
1408 2706 1608 2778 genuit
1637 2705 1779 2760 Nebi

133 2793 280 2864 (vide
311 2811 498 2867 supra
527 2793 586 2848 in
620 2792 774 2850 notis
803 2793 875 2848 ad
912 2794 1181 2849 Herman.
1218 2810 1269 2849 a.
1301 2795 1465 2865 724);
1500 2793 1642 2849 Nebi
1673 2811 1775 2849 au-

133 2883 412 2955 tegenuit
443 2885 736 2950 Immam;
784 2883 972 2938 Imma
1026 2898 1156 2938 vero
1207 2883 1430 2954 peperit
1491 2881 1775 2954 Hiltegar-

134 2969 264 3027 dam
294 2971 704 3028 beatissimam
728 2971 1050 3042 reginam.»
1079 2969 1254 3024 Plura
1278 2971 1348 3025 de
1379 2970 1486 3025 hac
1511 2971 1780 3042 prosopia

131 3057 470 3131 disquirnnt
498 3058 764 3116 Cointius
789 3065 846 3114 et
876 3058 1240 3114 Bollandiani
1276 3059 1332 3113 in
1365 3059 1499 3114 Vita
1532 3059 1779 3114 B.Hilte-

134 3149 325 3220 gardis
355 3155 398 3205 t.
431 3150 513 3206 ΙΙΙ
542 3148 750 3222 April.,
774 3149 942 3221 p.790
963 3165 1287 3220 seqq.,quae
1308 3164 1440 3204 vero
1472 3150 1546 3205 ad
1574 3166 1779 3221 propo-

136 3235 312 3293 situm
341 3242 617 3294 nostrum
649 3235 805 3292 haud
830 3236 1142 3307 pertinent.

1888 716 2160 773 habebat.
2182 717 2437 774 Alteram
2462 718 2630 775 nobis
2651 720 2797 773 viam
2822 718 3024 791 pandit
3045 734 3370 790 anonymus
3391 719 3532 774 San-

1887 804 2176 862 Gallensis
2215 806 2534 862 monachus
2571 808 2649 862 De
2677 807 2855 879 gestis
2891 807 3076 862 Caroli
3110 807 3185 862 M.
3221 807 3526 879 (Bouquet,

1887 899 1930 950 t.
1964 895 2031 964 V,
2056 911 2107 966 p.
2137 895 2258 966 111)
2282 898 2424 951 dum
2447 895 2625 951 alium
2651 897 2842 952 adhuc
2864 897 3129 966 ejusdem
3158 895 3526 968 Hildegardis

1889 984 2098 1056 regina:
2141 984 2373 1039 fratrem
2419 984 2682 1054 producit
2730 983 3084 1050 Udalricum,
3136 985 3229 1040 cui
3287 983 3528 1039 Carolus

1889 1071 2133 1143 Magnus
2163 1071 2414 1143 plurima
2443 1073 2754 1128 contulerit
2796 1073 2854 1127 in
2897 1075 3106 1128 oriente
3151 1081 3202 1127 et
3237 1072 3530 1140 occidente,

1885 1159 2103 1214 Suevia
2134 1158 2356 1215 scilicet
2385 1176 2486 1215 seu
2509 1159 2882 1228 Alamanniae,
2908 1160 3123 1232 quibus
3143 1177 3266 1215 cum
3293 1167 3408 1232 post
3437 1160 3530 1215 ob-

1887 1249 2027 1303 itum
2047 1251 2218 1318 ipsius
2253 1248 2607 1317 Hildegardae
2629 1251 2704 1320 (a.
2735 1252 2864 1317 783)
2901 1266 2999 1321 pro
3045 1249 3277 1321 quodam
3300 1251 3528 1304 comisso

1887 1352 1921 1390 a
1954 1335 2151 1392 Carolo
2171 1336 2519 1408 spoliaretur
2548 1338 2863 1402 honoribus,
2907 1339 3241 1393 admonitus
3289 1353 3387 1392 rex
3407 1339 3528 1407 pri-

1887 1427 2056 1481 stinos
2085 1426 2312 1480 honores
2339 1429 2532 1482 statim
2571 1427 2660 1481 illi
2703 1429 2833 1497 fecit
2879 1428 3116 1481 restitui.
3168 1425 3529 1496 llildegardis

1889 1530 2060 1585 porro
2092 1515 2308 1584 praedia
2347 1514 2720 1584 potissimum
2751 1515 2810 1569 in
2840 1514 3079 1586 Algovia
3109 1513 3289 1570 fuisse
3310 1514 3426 1569 sita
3443 1513 3533 1569 vel

1890 1602 2078 1657 solum
2102 1601 2410 1658 fundatum
2433 1603 2505 1657 ab
2531 1619 2597 1658 eo
2629 1603 3088 1673 Campidonense
3113 1601 3532 1658 monasterium

1889 1689 2180 1757 declarat;
2209 1689 2363 1745 unde
2387 1694 2444 1746 et
2464 1691 2710 1746 fratrum
2730 1691 2857 1762 ejus
2878 1691 3277 1762 possessiones
3293 1690 3533 1746 omnino

1890 1777 1990 1834 illo
2021 1778 2378 1834 Alemannis:
2399 1783 2583 1834 tractu
2607 1780 2930 1851 querenda;
2955 1783 3114 1847 sunt,
3149 1779 3303 1850 quod
3336 1780 3406 1834 de
3427 1781 3533 1834 Ge-

1889 1867 2051 1922 roldo
2066 1871 2191 1938 jam
2214 1867 2487 1923 vidimus.
2515 1868 2850 1923 Udalricum
2884 1885 3014 1924 vero
3038 1867 3203 1922 illum
3226 1867 3527 1938 Turgovite

1889 1955 2158 2010 comitem
2191 1970 2518 2023 censemus,
2552 1973 2726 2028 quem
2755 1961 2816 2010 P.
2845 1960 3115 2028 Herrgott
3144 1957 3216 2011 ab
3247 1972 3398 2011 anno
3429 1956 3535 2010 787

1891 2060 2079 2115 usque
2109 2045 2215 2099 800
2241 2044 2298 2098 in
2331 2043 2555 2099 chartis
2586 2045 2710 2100 suis
2742 2049 2926 2109 notat,
2975 2045 3073 2115 qui
3133 2043 3307 2099 simul
3339 2059 3534 2098 comes

1893 2148 2124 2204 quoque
2151 2133 2209 2187 in
2236 2134 2596 2205 Argengewe
2619 2132 2798 2188 fuisse
2833 2133 3064 2188 videtur
3085 2149 3153 2188 ex
3193 2133 3252 2187 P.
3276 2132 3535 2203 Neugart

1891 2221 2025 2276 Cod.
2061 2219 2200 2291 dipl.
2233 2219 2414 2275 Alcm.
2448 2225 2584 2288 vet.,
2628 2239 2684 2276 n.
2733 2221 2876 2288 41:4;
2928 2221 2986 2274 in
3035 2221 3207 2291 cujus
3251 2220 3533 2276 comitatu

1889 2308 2068 2363 situm
2097 2312 2222 2364 erat
2241 2313 2495 2364 castrum
2522 2309 2862 2381 Breganzia:
2883 2308 3000 2364 imo
3014 2308 3336 2379 Linzgovize
3356 2306 3531 2362 etiam

1889 2413 2105 2461 comes,
2129 2397 2227 2468 qui
2253 2399 2311 2465 (ι.
2345 2414 2417 2463 c.,
2453 2415 2510 2451 n.
2541 2399 2662 2467 150)
2695 2414 2827 2452 cum
2855 2397 3084 2452 duobus
3109 2396 3242 2450 filiis
3266 2394 3534 2450 Odalrico

1888 2490 1945 2541 et
1976 2486 2264 2558 Rodperto
2297 2490 2534 2541 notatur
2580 2485 2639 2540 in
2685 2486 2890 2541 charta
2923 2504 3018 2541 an.
3071 2487 3195 2550 805,
3251 2489 3307 2539 et
3337 2484 3393 2539 in
3421 2483 3535 2540 alia

1888 2591 1982 2628 an.
2016 2575 2120 2628 804
2153 2575 2391 2646 insuper
2436 2573 2493 2628 in
2542 2573 2858 2646 Brisgovia.
2914 2577 3100 2646 Atque
3149 2573 3284 2628 hinc
3315 2572 3533 2644 optime

1886 2662 2060 2718 verba
2079 2663 2241 2718 citati
2271 2663 2544 2734 anonymi
2589 2662 2955 2734 explicantur
2974 2663 3044 2718 de
3075 2664 3284 2718 triente
3311 2670 3362 2716 et
3391 2663 3528 2716 occi-

1885 2750 2043 2806 dente
2056 2751 2416 2806 Alemannici
2440 2751 2706 2817 ducatus,
2731 2750 2830 2806 ubi
2857 2766 3254 2821 possesswnes
3276 2765 3414 2804 suas
3432 2749 3528 2804 ha-

1886 2838 2076 2894 buerit
2107 2837 2434 2899 Udalricus.
2479 2839 2654 2894 frater
2700 2837 3066 2909 Hildegardis
3114 2838 3347 2908 regina).
3379 2837 3524 2891 Cum

1886 2933 2078 2983 autem
2113 2927 2233 2982 haec
2263 2944 2362 2998 per
2393 2927 2575 2982 tilium
2609 2927 2964 2982 Ludovicum
2995 2927 3161 2982 Pium
3193 2925 3322 2981 avia
3355 2925 3532 2980 fuerit

1888 3015 2162 3071 Ludovici
2194 3016 2542 3081 Germanici,
2570 3016 2652 3070 uti
2676 3015 2836 3071 illius
2877 3016 3052 3071 frater
3094 3014 3398 3070 Udalricus
3427 3031 3532 3085 pa-

1888 3105 2028 3159 riter
2059 3120 2200 3159 avus
2223 3104 2586 3174 cognominis
2616 3121 2710 3159 an.
2743 3105 2847 3158 867
2878 3103 2934 3157 in
2966 3106 3326 3176 Argengewe
3356 3101 3534 3157 comi-

1887 3192 1983 3256 tis,
2007 3196 2340 3263 postremus
2361 3191 2455 3248 hic
2478 3192 2782 3248 Udalricus
2803 3196 2858 3247 et
2881 3191 3206 3247 Ludovicus
3228 3190 3533 3246 Germani-

1889 3297 1993 3336 cus
2021 3281 2334 3335 consobrini
2359 3282 2574 3352 potius,
2622 3297 2798 3352 quam
2848 3281 2967 3335 veri
3018 3279 3275 3335 nominis
3319 3287 3536 3350 nepotes

206 3369 449 3443 Propius
479 3369 598 3425 huc
627 3372 893 3441 spectant
950 3385 1075 3440 quae
1133 3369 1308 3424 habet
1367 3370 1631 3424 Wetinus
1662 3374 1778 3424 Au-
1811 3355 1854 3421 C
1892 3369 2005 3424 dici
2035 3369 2248 3423 debent
2272 3386 2285 3436 ;
2309 3369 2464 3439 quod
2487 3385 2618 3423 vero
2641 3386 2752 3422 non
2777 3370 2972 3422 obstat
2999 3367 3318 3438 quominus
3340 3383 3533 3421 comes

141 3456 352 3530 giensis
399 3457 729 3514 monachus
759 3457 817 3512 in
848 3457 1174 3512 visionibus
1231 3457 1354 3512 suis
1405 3458 1476 3512 de
1535 3457 1780 3513 Geroldo

142 3547 364 3614 comite,
399 3545 770 3619 Hildegardis
802 3545 1038 3618 reginae,
1071 3545 1254 3601 Caroli
1288 3545 1478 3616 Magni
1512 3546 1782 3617 conjugis

141 3632 330 3702 fratre,
363 3634 422 3690 in
456 3635 727 3690 Hunnico
760 3633 908 3689 bello
939 3633 1129 3689 occiso
1159 3634 1229 3688 ad
1264 3649 1358 3688 an.
1387 3635 1513 3699 799,
1566 3635 1637 3689 de
1667 3650 1781 3704 quo

141 3722 206 3777 ad
230 3725 503 3780 eumdem
537 3739 762 3778 annum
791 3726 1198 3778 Hermannus:
1235 3738 1528 3794 quemque
1561 3721 1779 3777 ibidem

139 3809 451 3866 Pessimum
481 3826 718 3883 quoque
738 3811 1215 3883 cognominatum
1241 3810 1422 3866 fuisse
1445 3811 1780 3866 notavimus

142 3895 280 3956 200
310 3900 382 3956 ob
414 3899 636 3971 praedia
665 3916 772 3954 sua
801 3915 928 3970 quas
959 3899 1017 3954 in
1049 3898 1258 3954 Suevia
1285 3901 1342 3952 et
1391 3897 1584 3953 vicina
1613 3914 1776 3953 mon-

1888 3457 1998 3513 iste
2021 3457 2335 3528 improprie
2355 3458 2562 3511 saltem
2585 3472 2747 3527 nepos
2777 3473 2880 3510 seu
2904 3455 3381 3527 consanguineus
3412 3455 3532 3509 Lu-

1890 3545 2077 3600 dovici
2108 3544 2396 3600 nominari
2427 3544 2700 3616 potuerit,
2732 3544 2852 3615 qui,
2889 3545 2970 3598 uti
3003 3548 3059 3598 et
3090 3560 3231 3598 avus
3259 3544 3410 3613 ejus,
3438 3559 3532 3597 ca-

1890 3638 2075 3689 strum
2101 3633 2463 3705 Brigantium
2488 3632 2763 3702 obtinuit,
2789 3632 2885 3688 ubi
2903 3633 3078 3688 etiam
3102 3633 3228 3702 ejus
3243 3631 3398 3687 filius
3416 3631 3536 3686 sive

1890 3738 2092 3794 nepos,
2128 3727 2292 3794 pater
2321 3722 2380 3776 S.
2414 3721 2724 3789 Gebhardi,
2763 3720 3060 3776 habitavit.
3113 3721 3318 3776 Nescio
3362 3737 3534 3793 porro

1890 3828 1962 3865 an
1987 3827 2100 3865 non
2125 3810 2183 3864 in
2215 3810 2350 3865 dicti
2371 3810 2647 3883 anonymi
2675 3809 2863 3866 verbis
2884 3809 3061 3866 lateat
3085 3810 3532 3866 fundamentum

1887 3899 2070 3954 totius
2102 3897 2452 3954 narrationis
2485 3899 2667 3954 nostri
2698 3898 2988 3966 Chronici,
3011 3897 3298 3969 ejusmodi
3339 3901 3536 3951 tamen

140 4073 274 4148 (702)
304 4076 576 4145 Genuina,
606 4083 665 4132 ut
694 4076 926 4146 ridetur,
960 4077 1412 4146 Brigantinorum
1426 4080 1686 4132 comitum
1713 4078 2033 4203 geneatzqgiq
2058 4085 2170 4132 tam
2192 4093 2261 4133 ex
2313 4077 2520 4133 chartis
2577 4077 2742 4148 quam
2791 4077 2988 4132 scaevis
3041 4078 3157 4147 fere
3183 4075 3542 4147 scriptoribus

1560 4163 1789 4203 seauens
1835 4165 1861 4202 s
1947 4165 2007 4203 ut
2033 4165 2119 4203 ur.

1560 4163 1789 4220 sequens
1835 4163 2119 4204 statuitur.

776 4272 1040 4328 Stemma
1067 4269 1267 4342 Caroli,
1285 4269 1498 4342 Magni.

709 4343 1037 4415 Ansegisus
1063 4341 1308 4415 tiliusS.
1343 4341 1594 4415 Arnult‘i.

713 4412 964 4486 lfepirius
986 4412 1318 4486 ﬁeristalus
1351 4417 1379 4478 1
1413 4427 1466 4468 a.
1490 4413 1616 4486 714.

712 4483 956 4541 Carolus
985 4483 1284 4540 Martellus
1319 4489 1346 4550 1
1384 4500 1436 4539 a.
1467 4485 1592 4538 741.

1718 4272 1977 4344 Stemma
2005 4271 2374 4344 Hildegardis
2404 4272 2532 4342 ejus
2561 4270 2848 4344 conjugis.

1722 4342 2099 4398 Gothel‘ridus
2129 4342 2245 4398 dux
2273 4342 2627 4398 Alemanniaa
2664 4348 2689 4407 1
2720 4342 2771 4397 a7.
2802 4344 2928 4397 708.

1722 4413 2102 4486 Houchingus
2138 4414 2412 4486 princeps
2443 4414 2630 4486 partis
2659 4412 3035 4486 Alamanniae.

1723 4485 1866 4540 Nebi
1897 4485 2035 4540 dux.

2480 4483 2753 4540 Berthold
2763 4501 2830 4542 us
2860 4485 2996 4540 dux.

1732 4556 2005 4612 Herman.
2041 4573 2092 4612 a.
2125 4556 2247 4610 824.

711 4625 951 4699 Pipinus
981 4640 1100 4681 rex.
1317 4631 1345 4690 1
1379 4642 1431 4680 a.
1462 4625 1590 4680 768.
1730 4626 1937 4699 lmma.
1969 4627 2035 4682 N.
2068 4627 2330 4682 maritus.

711 4691 951 4754 Ca'rolus
981 4713 1252 4769 magnus.
1466 4713 1611 4752 uxor
1731 4697 2118 4769 Hildegardis.
2447 4695 2756 4769 Udalricus
2787 4698 2808 4752 Ι
2840 4713 2933 4752 co-
3142 4691 3426 4769 Geroldus

1744 4774 1772 4833 1
1809 4787 1860 4825 a.
1891 4765 2016 4825 7'83.
2459 4783 2586 4823 mes
2616 4767 2673 4822 in
2707 4770 2921 4840 Argen-
3147 4765 3460 4840 priefactus

2448 4854 2633 4909 gewe.
2669 4839 2740 4894 ab
2776 4835 2827 4894 εἴ.
3147 4835 3355 4909 limitis

2449 4907 2710 4965 787-882.
3146 4907 3371 4978 Bajoar.
3405 4911 3432 4972 ιτ

3149 4997 3202 5034 a.
3231 4979 3358 5033 799.

721 5051 1048 5108 Ludovicus
1078 5051 1217 5106 Pius
2464 5050 2770 5107 Udalricus
2801 5051 2846 5106 ll
2877 5066 3072 5107 comes
3104 5053 3172 5122 (')

2457 5122 2926 5204 Ξειμδετεθηεὲγῖθο

752 5193 1078 5251 Ludovicus
1109 5192 1512 5249 Germanicus.
2458 5191 2771 5249 Udalricus
2796 5193 2872 5248 IIl
2905 5207 3100 5249 comes
3132 5191 3190 5248 in

2456 5265 2816 5336 Argengewe
2849 5281 2901 5320 a.
2933 5264 3058 5318 867.

2458 5334 2604 5407 Uzio
2636 5334 2831 5391 comes
2863 5334 3166 5407 Brigantii.

1676 5403 1983 5461 Udalricus
2014 5405 2087 5460 IV
2375 5404 2864 5462 S.Gehshardus.
2964 5400 2994 5407 “
3120 5405 3242 5460 Ι)υο
3323 5400 3549 5452 fratres.

1682 5491 1879 5557 comes
1909 5476 2144 5602 Brigan-
2379 5477 2706 5550 episcopus.

1683 5549 1750 5600 tn
1786 5553 1814 5602 1
1850 5565 1903 5602 a.
1930 5549 1998 5602 97
2043 5591 2056 5602 .

1710 5553 1750 5600 ii
1786 5553 1814 5613 1
1850 5565 1903 5603 a.
1930 5553 2056 5603 978.

229 5662 292 5734 (‘)
319 5664 726 5746 liunc‘prioris
762 5671 960 5746 tilium
985 5668 1366 5746 habemuscx
1392 5685 1570 5746 supra
1601 5669 1784 5746 citata
1812 5671 2014 5727 charta
2041 5687 2136 5746 an.
2168 5670 2295 5740 805,
2326 5670 2496 5746 cujus
2545 5671 2633 5746 vel
2684 5670 2877 5746 fratris
2925 5667 3050 5746 ejus
3075 5655 3341 5746 Boflggﬂi
3397 5651 3549 5705 ﬁlius

172 5728 286 5791 esse
313 5728 794 5823 debuitisequens
822 5741 1126 5800 Udalricus
1155 5739 1216 5794 in
1248 5740 1449 5796 charta
1469 5728 1614 5796 anni
1644 5741 1772 5809 867,
1807 5747 1872 5798 ut
1901 5743 2167 5816 cognatio
2193 5728 2329 5798 cum
2364 5728 2650 5798 L'udovico
2680 5728 3019 5796 Germanico
3061 5728 3335 5786 servetur-
