3894 6352
384 463 508 536 2‘19

1089 466 1477 534 APPENDIX
1522 469 1626 533 AD
1670 466 2118 534 CHRONICON
2158 465 2578 532 HERMANNI
2623 467 3084 534 CONTRACTI.

393 603 1217 677 circumstantiisvestitaequas
1239 605 1372 660 huic
1392 604 1862 677 systematibaud
1881 620 2023 658 con-
2051 602 2108 670 Α
2137 603 2330 660 comiti
2377 604 2892 670 Antissiodorensi,
2942 603 3139 676 Alpais
3190 600 3409 676 Begoni
3441 599 3781 671 Parisiensi,

389 696 652 752 veniunt.
667 693 958 750 Udalricm
973 693 1233 764 aliuquid
1253 694 1590 764 deliquisse,
1607 694 1805 748 undea
1822 691 2024 748 Carolo

390 785 620 856 Magno,
643 783 857 840 sororis
882 799 996 838 suae
1029 783 1255 850 marito,
1291 783 1460 838 bonis
1491 782 1614 838 suis
1645 781 1927 853 spoliatus
1960 797 2024 836 ac

389 874 764 946 postmodum
779 872 1082 926 restitutus
1097 872 1140 925 si
1152 877 1266 938 t,ex
1279 889 1566 944 anonymo
1585 876 1828 926 constat.
1848 871 2025 924 Deme

395 962 759 1034 regicidium,
783 960 1025 1016 Galliam
1056 967 1109 1014 et
1141 961 1358 1030 fugam,
1383 977 1448 1014 ac
1471 977 1571 1030 pro
1592 960 1858 1014 avunculo
1885 958 2024 1013 sub-

400 1053 576 1108 stitue
595 1049 1539 1118 sororium,habebisidipsumtere
1567 1049 1717 1120 quod
1736 1049 1793 1102 in
1825 1051 2024 1101 Anna-

395 1138 552 1194 libus
584 1139 621 1194 l.
657 1157 692 1202 I,
738 1157 792 1192 n.
835 1139 886 1205 3,
939 1141 1229 1203 narratur,
1279 1137 1407 1207 ipsa
1458 1137 1631 1191 etiam
1685 1140 2025 1190 enumerata

393 1227 607 1300 praedia
628 1227 684 1281 in
714 1227 876 1298 pagis
915 1227 1292 1297 Argcngewe,
1327 1226 1632 1294 Linzgewe
1655 1230 1710 1280 et
1731 1225 1890 1280 alibi.
1913 1228 2024 1278 Ha-

392 1317 494 1372 bes
525 1317 658 1370 hinc
681 1317 854 1370 etiam
879 1333 982 1369 cur
1017 1315 1213 1385 plures
1245 1315 1530 1385 praecipue
1572 1313 1820 1368 Udalrici
1845 1314 1902 1366 in
1934 1313 2024 1366 his

389 1405 654 1478 partibus
676 1405 943 1458 dicantur
965 1405 1032 1458 de
1054 1402 1237 1458 Caroli
1266 1403 1451 1468 Magni
1488 1403 1755 1473 prosapia
1793 1401 1922 1464 orti,
1959 1417 2026 1455 ex

391 1495 585 1550 carnis
616 1493 894 1547 nimirum
926 1491 1354 1562 propinquitate
1377 1507 1507 1545 cum
1535 1491 1877 1562 Hildegarde
1898 1492 2024 1560 ejus

392 1581 640 1650 conjuge
663 1595 727 1633 ac
752 1577 1016 1632 Ludovici
1045 1577 1125 1632 Pii
1151 1583 1348 1642 matre,
1373 1579 1524 1648 quod
1551 1577 1682 1632 dein
1719 1593 1927 1633 nomen
1953 1578 2022 1632 ab

393 1669 521 1739 ejus
544 1669 718 1722 fratre
741 1665 1006 1721 Udalrico
1028 1666 1305 1721 haustum
1341 1666 1472 1722 aliis
1503 1668 1656 1722 270
1679 1683 1910 1738 quoque
1939 1668 2024 1720 fa-

394 1755 572 1812 miliis
596 1771 696 1826 per
717 1771 892 1810 novas
905 1759 1224 1810 contractas
1241 1755 1550 1810 afﬁnitates
1565 1755 1808 1810 adhaesit
1823 1773 1836 1822 ;
1855 1756 2025 1826 cujus

395 1843 630 1916 quidem
650 1843 728 1898 rei
750 1861 861 1898 non
887 1843 942 1896 in
971 1842 1253 1898 Udalricis
1280 1844 1468 1908 modo,
1495 1843 1594 1898 sed
1627 1848 1682 1898 et
1712 1844 2024 1898 Hartman-

391 1933 503 1999 nis,
551 1932 926 2002 Mancgoldis,
976 1931 1326 1986 Burchardis
1385 1931 1718 2003 emterisque
1765 1931 2026 2004 exempla

391 2022 610 2094 passim
636 2026 896 2092 prostant
918 2021 974 2074 in
1006 2020 1382 2092 genealogus,
1417 2037 1664 2090 quorum
1699 2020 1937 2076 nomina
1960 2037 2026 2075 ex

389 2110 612 2182 nuptiis
643 2109 702 2164 in
729 2108 873 2164 alias
906 2109 1082 2164 etiam
1117 2109 1368 2164 familias
1399 2112 1539 2164 sunt
1567 2108 1928 2179 implantata.

465 2244 610 2298 271
647 2243 677 2314 ξ
709 2243 800 2297 IV.
837 2241 1052 2296 Ultima
1085 2241 1206 2295 haec
1229 2241 1296 2294 de
1338 2241 1395 2296 S.
1433 2240 1720 2296 Gebhardi
1759 2241 2030 2312 prosapia

393 2330 702 2400 desumpta
751 2333 890 2385 sunt
935 2345 1003 2383 ex
1053 2327 1332 2384 Chronico
1383 2329 1829 2393 Petershusano,
1861 2329 2029 2399 cujus

393 2425 649 2488 systema
671 2419 794 2488 jam
822 2433 955 2472 eum
987 2415 1260 2472 omnibus
1291 2416 1414 2471 suis
1434 2415 1724 2487 adjunctis
1745 2416 2031 2471 examina-

391 2506 628 2573 bimus;
663 2505 816 2576 quod
850 2504 958 2560 etsi
990 2505 1434 2560 difficultatibus
1467 2504 1588 2560 suis
1632 2504 1786 2559 haud
1818 2509 2026 2573 careat,

392 2593 582 2650 multa
601 2599 793 2648 tamen
817 2595 887 2648 ad
910 2593 1315 2648 illustrandum
1349 2593 1652 2648 historiam
1692 2593 1749 2647 in
1788 2609 1853 2648 eo
1893 2611 2028 2648 con-

389 2686 610 2738 tentam
646 2682 882 2737 faciunt.
916 2682 1078 2737 Haud
1103 2697 1244 2736 sane
1275 2681 1598 2737 difﬁtemur
1626 2681 1908 2737 nonnulla
1935 2681 2030 2736 hic

391 2787 692 2828 occurrere
724 2787 852 2842 quae
884 2787 998 2826 non
1031 2769 1158 2825 dico
1184 2769 1428 2836 fabulas,
1462 2770 1606 2825 tales
1635 2774 1830 2826 tamen
1859 2771 2032 2825 tradi-

390 2860 579 2916 tiones
603 2877 706 2916 seu
743 2860 928 2914 fontes
969 2859 1224 2930 sapiunt,
1253 2859 1352 2929 qui
1396 2859 1501 2914 etsi
1537 2875 1766 2930 semper
1789 2859 2027 2929 genuini

392 2947 545 3003 haud
571 2948 708 3013 sint,
747 2947 932 3003 multa
967 2951 1161 3002 tamen
1197 2964 1328 3002 vera
1357 2947 1462 3002 etsi
1489 2946 1652 3002 falsis
1683 2948 2032 3019 quandoque

397 3037 683 3108 permixta
703 3053 805 3108 pro
829 3035 1021 3090 saeculi
1061 3036 1230 3108 genio
1261 3036 1534 3090 referant.
1566 3035 1791 3090 Norunt
1818 3035 2030 3091 eruditi

397 3116 731 3196 frequenter
759 3125 816 3178 id
847 3124 1091 3190 evenire,
1125 3128 1190 3178 ut
1211 3122 1268 3177 in
1301 3123 1710 3179 remotioribus
1740 3124 1832 3179 his
1865 3124 2032 3180 factis

397 3215 708 3271 onerandis
721 3213 1006 3284 ejusmodi
1021 3214 1192 3268 subin
1207 3213 1650 3270 circumstantiae
1665 3215 2032 3270 admiscean-

399 3307 512 3368 tur,
553 3321 700 3374 qua),
754 3303 862 3358 etsi
902 3303 970 3357 de
1017 3303 1127 3357 fide
1172 3308 1442 3374 suspecta
1480 3309 1580 3357 aut
1603 3302 1840 3358 omnino
1872 3301 2029 3358 falsae

395 3389 530 3458 sint,
558 3391 745 3463 ipsam
762 3395 954 3444 tamen
973 3389 1256 3444 historicen
1275 3389 1622 3444 narrationis
1641 3389 2029 3444 substantiam

394 3495 764 3551 nequaquam
797 3484 1101 3546 evertunt;
1139 3495 1308 3534 secus
1338 3477 1494 3534 enim
1547 3482 1741 3533 actum
1785 3479 1931 3534 foret
1961 3479 2031 3533 de

393 3566 666 3638 plurimis
697 3568 1052 3622 Francorum
1095 3567 1424 3633 annalibus,
1476 3566 1576 3637 qui
1625 3570 1820 3622 tamen
1871 3571 2030 3622 tanto

395 3655 588 3710 studio
610 3655 785 3710 etiam
809 3655 880 3709 ab
911 3655 1324 3710 eruditissimis
1345 3655 1482 3710 viris
1503 3655 1783 3710 hactenus
1798 3654 2034 3728 conqui-

396 3743 491 3800 siti
523 3748 696 3812 atque
721 3742 996 3798 illustrati
1029 3747 1184 3798 sunt.
1211 3743 1372 3814 Saepe
1394 3759 1648 3816 namque
1669 3743 1726 3798 in
1754 3743 2032 3799 sublestis

397 3847 627 3904 quoque
646 3830 740 3886 his
759 3831 1154 3886 monumentis
1177 3831 1462 3903 reperitur
1481 3832 1633 3904 quod
1657 3830 1796 3886 alibi
1819 3831 2035 3888 frustra

397 3937 640 3992 quaeres,
691 3920 946 3974 historiae
999 3924 1193 3974 tamen
1271 3919 1522 3975 multum
1579 3920 1857 3991 proficua.
1917 3921 2032 3975 Nec

396 4013 660 4064 nostrum
695 4009 838 4064 adeo
869 4008 975 4063 hac
1011 4009 1067 4063 in
1120 4025 1180 4064 re
1222 4013 1494 4064 conatum
1543 4008 1937 4080 improbatum
1963 4007 2033 4064 iri

397 4095 784 4162 confidimus;
827 4096 1026 4151 eadem
1076 4096 1366 4167 siquidem
1412 4096 1682 4151 libertate
1731 4095 2032 4168 opiniones

397 4187 628 4239 nostras
650 4184 1047 4255 proponimus,
1074 4201 1190 4255 qua
1211 4186 1504 4256 voluptate
1527 4183 1771 4240 aliorum
1795 4184 1853 4239 in
1877 4185 2034 4240 simi-

393 4271 550 4327 libus
599 4288 771 4327 sensa
821 4277 919 4328 aut
980 4274 1346 4344 conjecturas
1413 4271 1820 4344 pervolvimus.
1874 4273 2031 4330 Hane

395 4376 648 4430 namque
679 4361 886 4416 damus
917 4361 1167 4428 veniam,
1212 4361 1581 4433 petimusque
1609 4361 1886 4418 vicissim.

464 4494 493 4563 ξ
525 4493 590 4546 ν.
617 4493 687 4548 Ut
723 4494 958 4566 propius
999 4493 1178 4565 igitur
1214 4493 1444 4549 tertiam
1477 4491 1902 4550 conciliationis
1933 4512 2029 4550 ra-

393 4583 610 4638 tionem
634 4583 1062 4655 aggrediamur,
1089 4598 1154 4637 ex
1183 4581 1496 4637 Annalium
1533 4586 1862 4638 nostrorum
1896 4601 2028 4638 nar-

394 4670 614 4726 ratione
647 4673 732 4726 vir
761 4671 858 4726 ille
907 4672 964 4725 in
999 4670 1186 4726 Gallia
1230 4673 1468 4740 Togata,
1515 4675 1615 4726 aut
1645 4670 1838 4742 potius
1861 4673 2031 4744 juxta
2057 4693 2104 4758 D

393 4764 646 4830 systema
669 4759 969 4830 scriptoris
987 4760 1040 4830 (Ξ
1060 4760 1110 4829 1)
1132 4758 1356 4832 Belgica
1393 4761 1512 4815 sive
1547 4759 1763 4816 Celtica
1789 4761 2028 4817 nobilis-

395 4847 873 4916 simus,Udalrici
915 4847 1234 4918 Brigantini
1283 4854 1466 4920 pater,
1502 4851 1645 4919 regis
1665 4853 2026 4919 Francorum,

393 4938 488 5007 qui
507 4945 556 4991 et
588 4938 880 5009 impera—tor
912 4936 1288 5004 Romanorum,
1328 4953 1582 4993 sororem
1628 4937 1687 4992 in
1728 4937 2026 4994 matrimo-

395 5023 488 5079 nio
511 5025 734 5079 habuit.
761 5023 861 5077 Vel
884 5023 991 5078 hoc
1013 5023 1199 5080 solum
1240 5026 1476 5081 denotat
1509 5025 1786 5082 saeculum
1811 5043 1886 5093 Ix,
1910 5044 2025 5082 non

391 5129 525 5168 vero
547 5130 602 5178 x,
626 5113 880 5182 quojam
915 5112 1315 5170 deficientibus
1357 5113 1737 5186 Carolingicis
1777 5131 1873 5170 rex
1903 5120 2026 5170 erat

389 5199 687 5256 Conradus
711 5201 758 5266 (ξ
790 5199 863 5268 2).
897 5200 1101 5256 Verum
1147 5202 1277 5273 quis
1323 5203 1434 5258 iste
1476 5201 1837 5271 imperator?
1866 5207 2026 5259 Certe

393 5304 498 5342 nec
519 5286 701 5341 Caroli
731 5287 918 5358 Magni
944 5307 1045 5345 nec
1066 5291 1336 5346 Ludovici
1360 5291 1445 5344 Pii
1472 5305 1698 5344 sorores
1721 5290 2022 5348 maritatas

387 5375 665 5444 legimus,
698 5374 748 5429 si
781 5393 892 5432 una
924 5377 1135 5434 Bertha
1165 5382 1223 5435 S.
1251 5377 1573 5448 Angilberti
1604 5394 1746 5432 uxor
1775 5379 2023 5450 excipia-

388 5467 506 5518 tur.
544 5463 740 5533 ltaquc
774 5466 1038 5522 Ludovici
1069 5468 1154 5522 Pii
1188 5465 1363 5528 Filiae,
1404 5480 1628 5518 sorores
1679 5466 1884 5520 Lotarii
1920 5469 1940 5522 Ι
1971 5472 2026 5524 et

391 5549 578 5606 Caroli
609 5551 760 5606 Calvi
786 5554 1226 5624 imperatorum,
1261 5569 1326 5606 ae
1353 5551 1623 5606 Ludovici
1657 5553 2023 5612 IGermanici

389 5637 776 5710 intelligenda:
809 5643 1067 5706 veniunt,
1102 5655 1350 5710 quarum
1383 5645 1630 5710 quatuor
1661 5643 2026 5714 reperiuntur

395 5726 638 5785 diversis
669 5727 809 5783 viris
832 5729 1081 5785 clocatcc.
1105 5727 1435 5784 Adelhcidis
1457 5728 1734 5786 nimirum
1765 5735 2024 5790 Conrado

2137 691 2496 765 Hildegardis
2527 693 2757 748 cuidam
2801 690 3158 748 Theoderico
3217 689 3444 761 comiti,
3491 694 3554 746 et
3597 687 3786 746 Giscle

2134 781 2464 836 Eberhardo
2496 781 2690 836 comiti
2731 780 3051 836 Cisoniensi
3090 780 3152 835 in
3185 777 3464 835 Flandria
3490 794 3562 834 ac
3590 782 3786 851 postea

2133 869 2265 924 duci
2291 869 2688 939 Foroiuliensi,
2723 885 2850 940 quae
2881 868 3020 924 dicti
3036 867 3224 924 Caroli
3247 866 3408 923 Calvi
3445 882 3516 923 ex
3547 866 3788 923 Juditha

2134 975 2298 1014 soror
2325 964 2448 1013 erat
2487 957 2734 1012 uterina.
2770 957 2847 1012 Ex
2875 956 2926 1012 is
2957 973 3076 1011 una
3116 962 3304 1012 mater
3350 957 3412 1010 in
3459 955 3576 1012 hoc
3606 960 3786 1028 syste-

2135 1051 2288 1101 mate
2319 1063 2444 1102 esse
2476 1046 2676 1100 debuit
2705 1046 2859 1101 212
2891 1044 3024 1100 dicti
3061 1043 3313 1100 Udalrici
3349 1044 3615 1111 comitis,
3639 1049 3704 1100 et
3731 1059 3788 1100 ex

2135 1151 2341 1190 sonore
2372 1136 2582 1205 nepotis
2614 1133 2884 1190 Ludovici
2935 1131 3288 1198 Germanici,
3333 1133 3438 1205 qui
3479 1136 3789 1205 propterea

2134 1222 2290 1278 illius
2321 1224 2620 1279 avunculus
2651 1222 2864 1277 dicitur
2912 1222 2972 1275 in
3019 1221 3299 1276 chronica
3347 1225 3598 1289 nostro;
3632 1227 3706 1277 ut
3734 1225 3792 1282 ut

2133 1311 2289 1366 enim
2319 1311 2427 1367 iste
2448 1309 2770 1366 avunculus
2791 1312 3086 1381 Imperator
3114 1311 3393 1380 Augustus
3424 1316 3703 1379 vocetur,
3735 1311 3786 1366 id

2133 1404 2325 1455 tamen
2359 1401 2429 1455 de
2468 1399 2580 1454 alio
2612 1415 2787 1469 quam
2820 1399 3111 1454 Ludovico
3152 1397 3504 1454 Germanico
3535 1397 3792 1472 intelligi

2133 1489 2354 1558 nequit,
2377 1489 2549 1542 ambo
2567 1489 2720 1542 enim
2745 1488 2871 1557 ejus
2895 1488 3100 1543 fratres
3120 1486 3511 1558 imperatores
3535 1486 3620 1542 nil
3637 1487 3792 1558 juris

2134 1578 2190 1632 in
2223 1577 2565 1633 Alemannia
2587 1577 2900 1643 habebant,
2927 1581 2994 1632 ut
3019 1576 3214 1648 nepoti
3237 1591 3345 1632 suo
3367 1576 3597 1648 praedia
3617 1578 3795 1634 dona-

2135 1682 2194 1720 re
2225 1666 2538 1738 potuerint.

2205 1801 2478 1864 Qurenam
2509 1802 2705 1854 autem
2737 1797 2970 1853 illarum
3003 1796 3344 1852 Udalricum
3385 1799 3794 1870 progenue‘rit,

2139 1887 2488 1956 eonjecturis
2519 1887 2714 1958 potius
2746 1903 2922 1958 quam
2954 1886 3128 1942 certis
3172 1885 3547 1957 argumentis
3578 1903 3795 1945 eruen-

2056 1966 2104 2032 Β
2137 1976 2299 2042 dum,
2323 1991 2453 2029 cum
2481 1991 2664 2046 pauca
2685 1989 2884 2030 earum
2910 1975 3059 2029 facta
3087 1973 3299 2029 litteris
3323 1974 3446 2030 sint
3463 1975 3798 2050 consigna-

2135 2068 2214 2130 ta,
2248 2067 2304 2117 et
2333 2063 2948 2133 aliundeJ‘eminarum
2971 2062 3032 2116 in
3053 2061 3275 2118 chartis
3296 2061 3482 2132 hujus
3502 2065 3799 2137 temporis

2136 2151 2439 2206 rarissima
2460 2152 2741 2206 habeatur
2763 2150 3005 2206 mentio.
3025 2151 3181 2206 Inter
3211 2149 3557 2207 Adelheidis
3577 2156 3710 2208 tres
3729 2169 3802 2208 ex

2136 2240 2394 2294 Conrado
2428 2237 2799 2317 [iliosnullus
2829 2237 3135 2294 Udalricus
3183 2238 3494 2310 reperitur,
3537 2241 3648 2296 sed
3679 2241 3802 2300 duo

2137 2327 2378 2383 abbates
2416 2331 2620 2394 erant;
2669 2327 2876 2382 tertius
2925 2325 3071 2398 patri
3121 2323 3416 2398 requivon
3477 2330 3801 2386 successit.

2137 2418 2271 2482 Quae
2303 2416 2444 2471 adeo
2477 2415 2571 2470 hic
2601 2414 2845 2486 intelligi
2877 2414 3098 2486 nequit,
3122 2414 3205 2468 uti
3233 2429 3341 2472 nec
3361 2413 3594 2488 Alpais,
3621 2418 3805 2490 cujus

2139 2505 2283 2559 duos
2307 2503 2456 2558 ﬁlios
2480 2505 2790 2558 Letardum
2813 2508 2871 2558 et
2891 2503 3217 2558 Ebrardum
3234 2503 3506 2559 nominat
3519 2504 3808 2562 Flodoar-

2138 2593 2251 2648 dus
2281 2592 2340 2646 in
2367 2592 2618 2646 Historia
2650 2591 2919 2647 Remensi
2955 2590 2993 2646 l.
3026 2607 3102 2659 iv,
3137 2607 3188 2657 e,
3221 2591 3312 2648 46.
3339 2591 3592 2648 Restant
3614 2595 3808 2668 igitur

2139 2681 2503 2753 Hildegardis
2533 2685 2589 2736 et
2630 2681 2840 2737 Gisela.
2895 2679 3118 2738 Prioris
3165 2679 3417 2736 maritus
3467 2681 3807 2740 Theodori-

2139 2784 2241 2824 cus
2271 2785 2338 2823 ex
2367 2770 2603 2824 nomine
2633 2775 2862 2825 tantum
2892 2767 3187 2824 indicatur
3216 2785 3251 2824 a
3295 2769 3531 2827 Cointio
3561 2760 3803 2844 (Annal.

2137 2861 2179 2912 t.
2212 2857 2359 2925 VIII,
2391 2875 2448 2930 p.
2470 2860 2595 2921 606)
2616 2863 2673 2914 et
2693 2859 2750 2913 in
2775 2857 2908 2913 l'Art
2928 2858 2993 2913 de
3030 2859 3250 2928 veri/ter
3271 2858 3351 2914 les
3369 2859 3530 2916 dates
3559 2861 3631 2932 (t.
3667 2867 3717 2930 Ι,
3743 2879 3803 2935 p.

2135 2946 2284 3013 555),
2318 2961 2444 3012 nec,
2477 2946 2575 3001 ubi
2605 2946 2866 3002 locorum
2907 2961 3103 3001 comes
3125 2945 3320 3016 fuerit,
3346 2948 3616 3019 produnt
3645 2955 3806 3007 vete-

2139 3051 2230 3090 res
2265 3035 2510 3090 Francia:
2534 3035 2865 3106 scriptores.
2893 3034 2953 3090 Id
2976 3051 3161 3090 unum
3183 3051 3251 3090 ex
3293 3035 3571 3092 Nithardi
3599 3037 3807 3096 Histo-

2137 3123 2224 3178 ria
2255 3122 2293 3176 l.
2327 3140 2410 3188 in,
2439 3141 2495 3178 n.
2528 3125 2560 3177 4
2592 3125 2966 3193 (moueunt.
2999 3123 3122 3191 VII,
3152 3139 3211 3196 p.
3241 3125 3336 3195 25)
3367 3123 3571 3199 colligi
3636 3129 3809 3186 vide-

2137 3211 2680 3284 tur,’_HiIdegardem
2703 3211 2888 3267 Caroli
2918 3209 3073 3267 Calvi
3113 3227 3400 3280 sororem,
3432 3229 3582 3284 qua
3605 3215 3809 3273 Theo-

2142 3299 2337 3354 derico
2359 3303 2657 3370 nupserat,
2685 3299 2744 3354 in
2767 3299 2996 3355 civitate
3018 3299 3416 3368 Laudunensi,
3443 3302 3723 3376 adeoque
3745 3305 3810 3362 in

2087 3369 2106 3393 ³
2143 3387 2329 3444 Gallia
2380 3369 2610 3460 Belgica
2655 3389 2851 3444 sedem
2901 3387 3202 3456 habuisse,
3247 3393 3428 3462 atque
3460 3389 3538 3446 ab
3588 3369 3810 3450 eodem

2139 3476 2341 3532 Carolo
2381 3495 2474 3531 an.
2529 3479 2634 3532 852
2679 3475 2904 3532 veniam
2954 3475 3319 3550 impetrasse,
3373 3481 3535 3552 quod
3567 3469 3815 3538 “contra

2138 3565 2335 3638 ipsum
2367 3565 2569 3622 faverit
2594 3565 2861 3621 Lothario
2883 3566 3242 3637 imperatori,
3275 3565 3446 3626 alteri
3467 3569 3643 3625 fratri
3670 3589 3809 3629 suo.

2139 3654 2309 3711 Nulla
2339 3671 2509 3727 porro
2540 3653 2753 3709 ibidem
2788 3651 2982 3709 mariti
3017 3653 3080 3708 ﬁt
3111 3654 3352 3723 mentio,
3395 3652 3521 3712 sive
3548 3659 3809 3716 demum

2141 3747 2408 3799 mortuus
2447 3743 2573 3814 jam
2625 3742 2818 3810 fuerit,
2889 3741 3007 3798 sive
3057 3760 3091 3798 a
3136 3743 3339 3800 Carolo
3389 3745 3674 3804 eamdem
3728 3747 3809 3809 ob

2139 3847 2377 3887 causam
2412 3829 2618 3904 pulsus
2649 3847 2780 3885 cum
2813 3829 2972 3899 filiis,
3004 3831 3053 3886 si
3097 3847 3246 3904 quos
3275 3831 3506 3890 habuit.
3544 3836 3724 3902 Quod
3753 3835 3813 3897 εἰ

2138 3917 2308 3993 plura
2337 3920 2407 3976 de
2435 3936 2500 3974 eo
2525 3919 2803 3974 haberent
2833 3918 3074 3990 antiqua
3105 3923 3513 3989 monumenta,
3547 3919 3811 3982 consta-

2139 4015 2228 4064 ret
2249 4007 2510 4064 fortassis
2538 4007 2694 4062 hunc
2719 4007 2916 4080 ipsum
2945 4007 3198 4064 Udalrici
3246 4010 3436 4066 nostri
3479 4027 3554 4068 ex
3593 4013 3812 4077 Hilde-

2138 4097 2314 4171 garde
2337 4100 2559 4170 patrem
2589 4095 2902 4162 exstitisse,
2930 4095 3088 4152 haud
3117 4097 3561 4157 contradicente
3593 4105 3813 4160 nostro

2137 4185 2442 4252 Chronico,
2475 4185 2526 4241 si
2557 4185 2728 4240 modo
2777 4184 3040 4257 regieidii
3084 4185 3210 4242 loco
3263 4193 3425 4244 mota
3471 4195 3690 4248 contra
3720 4209 3826 4250 re-

2139 4290 2269 4348 gem
2301 4271 2534 4330 rebellio
2565 4273 2976 4330 substituatur.
3017 4274 3152 4338 Quae
3175 4274 3268 4332 his
3290 4276 3531 4335 obstare
3549 4279 3824 4338 ulterius

2141 4367 2399 4436 possent,
2432 4362 2582 4418 infra
2609 4362 2640 4435 §
2671 4363 2738 4417 12
2766 4362 3174 4419 discutiemus.

2205 4495 2354 4568 §VI.
2387 4495 2762 4550 Pervenimus
2789 4494 2917 4566 jam
2951 4496 3024 4550 ad
3067 4495 3343 4552 ultimam
3392 4497 3682 4556 Ludovici
3717 4502 3816 4558 Pii

2137 4584 2320 4640 ﬁliam
2371 4582 2646 4648 Giselam,
2696 4582 2882 4639 Caroli
2950 4583 3107 4640 Calvi
3157 4601 3422 4643 sororem
3471 4589 3822 4660 uterinam,

2138 4687 2316 4745 quam
2339 4674 2646 4743 conjugem
2671 4672 2916 4728 duxerat
2937 4673 3316 4730 Eberhardus
3341 4691 3448 4732 seu
3470 4675 3821 4746 Evrardus,

2137 4765 2265 4815 tum
2315 4760 2668 4816 Cisoniensis
2717 4760 2775 4814 in
2833 4759 3106 4817 Flandria
3153 4778 3374 4833 comes,
3423 4767 3637 4836 postea
3683 4768 3826 4824 dux

2140 4847 2580 4918 Forojuliensis,
2614 4862 2860 4918 quamve
2901 4847 2997 4903 hic
3051 4848 3324 4920 pluribus
3370 4850 3824 4912 illustrandam

2137 4937 2433 5003 duximus,
2465 4935 2512 4991 si
2545 4951 2661 4990 non
2684 4952 2786 5006 pro
2809 4938 3118 4992 statuendo
3141 4937 3251 4994 hoc
3274 4942 3617 5011 stemmate,
3643 4949 3826 5002 certe

2136 5043 2239 5097 pro
2268 5023 2616 5079 illustranda
2643 5023 2966 5080 Germania
3016 5031 3232 5082 nostrae
3283 5044 3464 5086 sacrae
3515 5029 3818 5089 historia.

2137 5115 2504 5170 Hermannus
2525 5112 2873 5169 Contractus
2894 5114 2964 5170 ad
2987 5129 3082 5172 an.
3105 5117 3214 5171 799
3239 5115 3582 5186 Ehericum,
3619 5137 3823 5194 quem

2134 5202 2232 5258 alii
2265 5201 2600 5258 Heinricum
2631 5201 2853 5267 dicunt,
2887 5203 3097 5259 ducem
3130 5205 3608 5277 Forojuliensem
3641 5227 3680 5266 a
3703 5210 3826 5267 Ca-

2135 5291 2257 5347 rolo
2290 5291 2440 5346 213
2471 5293 2676 5361 Magno
2723 5291 3130 5361 constitutum,
3179 5311 3216 5350 a
3261 5295 3545 5354 Liburnis
3592 5303 3819 5357 autem

2133 5380 2392 5436 occisum
2425 5382 2728 5434 memorat.
2763 5378 2950 5451 Hujus
2993 5379 3184 5437 filium
3235 5383 3537 5442 Eccardus
3569 5387 3818 5460 (Frena.

2135 5469 2225 5525 0r.
2261 5471 2303 5524 t.
2339 5469 2380 5534 l,
2414 5484 2470 5539 p.
2499 5469 2626 5536 796)
2662 5467 2866 5522 statuit
2908 5467 3246 5526 Hunrocum
3297 5488 3401 5528 seu
3433 5473 3822 5550 Hunrogum

2133 5557 2426 5621 comitem,
2479 5555 2579 5627 qui
2624 5555 2775 5611 inter
2820 5559 2998 5612 testes
3055 5559 3455 5617 subscribitur
3501 5563 3568 5620 in
3623 5571 3830 5622 testa-

2133 5651 2328 5702 mento
2357 5643 2542 5700 Caroli
2573 5644 2767 5717 Magni
2798 5661 2893 5701 an.
2925 5646 3023 5702 8H
3079 5649 3235 5720 apud
3287 5650 3712 5724 Eginhardum
3741 5655 3822 5712 in

2133 5735 2259 5805 ejus
2291 5734 2440 5804 Vita,
2472 5750 2576 5790 nec
2608 5750 2722 5790 non
2754 5733 2906 5792 inter
2931 5735 3291 5797 Francorum
3321 5738 3554 5814 legatos
3589 5746 3670 5802 ad
3700 5761 3826 5818 pa—
