3894 6352
125 609 287 670 quem
317 587 517 650 nullus
534 591 1072 651 simulFrancorum
1106 611 1348 668 regnum
1363 594 1743 666 etimperium
1779 594 1828 658 Α
1849 591 1940 645 ita
1971 590 2149 646 edixit
2185 607 2196 644 :
2223 614 2251 639 ‹‹

121 683 657 750 Romanumtenuit,
674 684 842 753 cujus
856 701 1018 739 soror
1043 685 1283 739 fueritin
1307 681 1748 739 matrimonium

12 803 14 836 ε
121 773 264 828 data.
295 768 479 826 Caroli
529 771 686 826 enim
716 773 908 828 Crassi
942 773 1134 828 ambae
1165 789 1392 828 sorores
1443 771 1749 827 abbatissae

120 857 457 917 Turicenses
488 862 674 914 erant.
735 860 983 916 Perinde
1015 866 1207 917 autem
1238 865 1346 927 est,
1380 860 1499 915 sive
1558 858 1747 913 Ludo-

12 985 15 1014 ι
117 947 270 1004 vicus
298 946 437 1002 Pius
469 946 673 1014 ﬁliam,
706 949 824 1004 sive
853 948 1090 1005 Carolus
1115 950 1320 1005 Calvus
1351 964 1608 1004 sororem
1641 963 1748 1000 nu-

117 1036 235 1110 ptui
280 1033 538 1092 elocasse
585 1036 814 1092 dicatur
867 1055 880 1092 :
936 1061 962 1086 «
1018 1055 1085 1093 ex
1133 1055 1249 1109 qua
1279 1039 1426 1092 duos
1457 1035 1659 1109 genuit
1691 1035 1753 1088 ﬁ-

12 1159 15 1194 ;
117 1125 240 1191 lios,
273 1145 299 1173 »
332 1128 475 1196 quot
521 1140 730 1197 nempe
760 1125 819 1182 in
851 1126 1255 1182 Alemanniam
1288 1130 1583 1189 venerant,
1618 1123 1749 1179 reli-

116 1212 210 1286 qui
229 1211 386 1268 enim
417 1228 520 1268 ceu
550 1213 782 1286 longius
813 1214 1004 1270 dissiti
1035 1215 1093 1270 in
1127 1215 1219 1271 his
1263 1214 1526 1287 partibus
1574 1213 1750 1285 scrip-

12 1339 16 1374 ,
115 1301 220 1359 tori
250 1301 408 1358 haud
440 1300 848 1357 innatuerunt.

926 457 1373 524 CHRONICON
1417 451 2137 522 PETERSHUSANUM.
2171 486 2249 502 —
2278 450 2698 519 PROOEMIA.

3383 451 3502 516 286

2287 589 2404 645 illis
2437 588 2797 654 hominibus,
2851 585 2953 661 qui
3001 589 3203 644 contra
3241 603 3334 644 me
3363 588 3502 644 fece-

1861 685 2016 744 runt,
2052 679 2206 734 sicut
2237 679 2420 744 scitis,
2455 685 2510 734 et
2539 679 2611 734 ad
2646 694 2846 733 meum
2880 678 3116 732 fratrem
3153 683 3501 733 venerunt...

1859 771 2046 823 totum
2080 769 2370 840 perdono;
2407 768 2562 840 quod
2610 772 2813 823 contra
2861 783 2954 822 me
3002 767 3400 833 mislecerunt,
3450 770 3509 821 et

1859 856 2093 912 illorum
2127 857 2347 914 allodes
2379 856 2632 929 [allodia,
2652 873 2754 912 seu
2778 857 3019 928 praedia]
3050 856 3121 910 de
3147 854 3505 922 haereditate,

1861 949 1916 1000 et
1945 946 2014 1000 de
2045 946 2400 1017 conquisitu,
2424 950 2482 1001 et
2509 963 2632 1017 quae
2655 947 2725 1000 de
2755 945 3070 1000 donatione
3093 944 3278 1000 nostri
3303 944 3504 999 Senio-

1861 1033 1940 1089 ris
1971 1034 2189 1090 scilicet
2213 1035 2418 1107 patris,
2451 1051 2554 1090 seu
2589 1033 2861 1089 Ludovici
2890 1033 2996 1098 Pii,
3033 1032 3389 1098 habuerunt,
3418 1049 3510 1087 ex-

1860 1127 2024 1194 cepto
2055 1121 2178 1190 illo,
2211 1124 2364 1195 quod
2398 1125 2470 1178 de
2501 1138 2627 1178 mea
2657 1122 2968 1178 donatione
3000 1121 3179 1188 venit,
3215 1120 3334 1176 illis
3369 1137 3506 1174 con-

1859 1210 2019 1278 cedo,
2059 1211 2106 1266 si
2143 1211 2287 1265 mihi
2337 1211 2672 1266 ﬁrmitatem
2706 1209 2968 1276 fecerint,
3016 1209 3170 1280 quod
3219 1208 3279 1263 in
3322 1225 3505 1279 regno

1860 1314 1988 1353 meo
2021 1299 2243 1370 pacifici
2279 1299 2420 1366 sint,
2459 1321 2484 1348 »
2517 1300 2600 1354 uti
2633 1299 2847 1370 legitur
2877 1299 3030 1370 apud
3055 1296 3363 1352 Buluzium
3385 1297 3507 1368 (Ca-

177 1389 308 1455 Qua
337 1404 474 1445 vero
519 1389 791 1462 deinceps
823 1391 892 1446 de
923 1391 1076 1464 regis
1113 1395 1468 1448 Francorum
1515 1392 1668 1446 caede
1717 1408 1751 1446 a
1853 1389 1955 1459 pit.
1989 1404 2100 1458 reg.
2131 1390 2325 1443 Franc.
2359 1393 2400 1442 t.
2432 1388 2500 1452 Il,
2529 1404 2580 1457 p.
2637 1388 2757 1455 154,
2799 1404 2864 1442 ac
2906 1403 3038 1442 cum
3070 1386 3184 1442 illis
3239 1387 3504 1459 apprime

12 1517 17 1550 ε
113 1479 334 1536 duobus
355 1478 451 1534 his
473 1478 752 1534 fratribus
766 1483 989 1551 patrata
1012 1486 1342 1546 narrantur,
1365 1481 1543 1536 totius
1565 1480 1746 1551 hujus

12 1605 17 1638 ε
114 1565 301 1624 saeculi
333 1566 592 1623 historiae
623 1573 972 1640 repugnant,
1008 1585 1093 1635 ac,
1128 1569 1176 1624 si
1206 1570 1321 1624 veri
1369 1569 1621 1640 speciem
1651 1568 1750 1623 ba-

112 1656 240 1712 bere
267 1655 538 1722 debeant,
573 1657 805 1711 nonnisi
835 1658 906 1711 de
942 1661 1098 1712 mota
1141 1659 1395 1728 quadam
1437 1657 1749 1712 rebellione

12 1781 18 1816 ,
113 1760 208 1801 seu
241 1743 567 1799 defectione
610 1762 644 1800 a
674 1762 778 1800 suo
811 1761 942 1817 rege
985 1746 1184 1801 Carolo
1235 1747 1403 1801 Calvo
1444 1746 1623 1817 accipi
1657 1746 1751 1800 de-

108 1834 260 1899 bent,
312 1832 550 1903 qualem
582 1833 764 1888 altera
795 1805 1026 1905 quoque
1060 1835 1326 1903 ejusdem
1359 1852 1521 1890 soror
1553 1805 1749 1889 liilde-

1859 1481 2212 1549 congruunt,
2247 1495 2372 1548 quae
2395 1476 2587 1531 Gisela
2626 1493 2790 1532 soror
2825 1477 2882 1529 in
2914 1492 3094 1547 supra
3122 1475 3313 1532 citatis
3343 1475 3503 1531 char-

1856 1566 1932 1620 tis
1981 1567 2052 1631 de
2083 1565 2294 1622 ablatis
2338 1582 2692 1637 rursumque
2737 1565 2846 1620 sibi
2894 1563 3180 1619 restitutis
3232 1581 3266 1618 a
3303 1563 3504 1619 Carolo

1859 1655 2035 1709 fratre
2067 1657 2241 1711 rebus
2274 1660 2718 1710 commemorat.

1928 1744 2147 1798 Cuncta
2197 1744 2338 1807 haec,
2374 1745 2457 1799 uti
2490 1745 2658 1800 nobis
2689 1743 2892 1799 saltem
2919 1743 3185 1813 lvidetur,
3241 1744 3508 1798 sufﬁcere

1860 1838 2107 1904 possunt
2159 1834 2230 1888 ad
2271 1834 2683 1889 vindicandam
2740 1833 3045 1905 scriptoris
3085 1833 3268 1889 nostri
3308 1833 3506 1900 ﬁdem,

111 1921 302 1994 gardis
331 1921 532 1976 comiti
565 1921 919 1977 Theodorico
954 1929 1134 1993 nupta
1153 1925 1274 1992 jam
1296 1941 1387 1978 an.
1413 1925 1517 1978 8’a2
1547 1928 1750 1977 contra
1781 1955 1828 2021 Β
1858 1922 1904 1977 si
1956 1939 2140 1976 unum
2183 1923 2352 1977 modo
2385 1922 2728 1992 regicidium
2778 1922 3068 1990 dematur,
3102 1938 3168 1976 ac
3215 1930 3506 1976 commota

12 2048 17 2082 ε
108 2011 298 2082 ipsum
331 2008 538 2064 molita
568 2015 675 2074 est,
711 2011 790 2065 uti
815 2011 1085 2081 superius
1126 2011 1402 2067 diximus.
1457 2011 1603 2074 Quid
1636 2011 1751 2082 igi-

12 2137 18 2171 ε
110 2103 202 2152 tur
232 2097 476 2164 mirum,
509 2096 558 2153 si
584 2103 639 2152 et
671 2114 832 2153 socer
861 2098 1018 2154 illius
1052 2117 1117 2154 ac
1151 2105 1386 2172 nepotes
1441 2101 1552 2155 tale
1611 2099 1750 2171 quid

12 2225 18 2260 ε
109 2185 230 2242 ausi
261 2185 528 2241 iuerint?
561 2186 674 2240 Nec
704 2204 834 2242 vero
857 2187 1359 2259 solisconjecturis
1383 2189 1474 2244 hic
1511 2189 1749 2255 utimur;

110 2273 230 2346 ipsa
260 2290 521 2346 namque
554 2274 748 2330 Gisela
777 2276 1092 2332 Eberhardi
1129 2295 1272 2332 uxor
1293 2295 1412 2332 rem
1440 2279 1496 2332 in
1523 2279 1753 2333 duabus

12 2404 17 2436 τ
107 2363 295 2419 citatis
328 2362 553 2418 chartis
585 2364 655 2418 de
685 2381 778 2419 an.
804 2367 908 2419 868
931 2371 986 2420 ct
1016 2367 1120 2419 870
1142 2367 1285 2421 satis
1311 2372 1504 2438 aperte
1539 2368 1752 2439 prodit,

12 2495 18 2504 .
107 2452 240 2506 dum
273 2467 369 2506 res
403 2469 437 2506 a
469 2453 694 2507 seniore
725 2470 829 2508 suo
863 2471 962 2509 seu
1009 2455 1216 2510 marito
1261 2456 1510 2510 Evrardo
1557 2455 1752 2526 perdi-

12 2583 15 2616 ,
106 2545 191 2597 tas
216 2545 272 2596 et
302 2541 363 2595 in
389 2540 544 2613 regis
576 2541 902 2597 dominium
937 2545 1200 2598 redactas
1223 2544 1334 2599 sibi
1360 2546 1550 2599 denuo
1583 2563 1616 2599 a
1646 2545 1751 2599 Ca-

12 2671 16 2704 .
105 2627 218 2684 rolo
236 2628 736 2696 Calvo,Germano
760 2647 885 2696 suo,
912 2633 1212 2687 restitutas
1237 2636 1568 2703 profitetur;
1595 2633 1750 2704 quod

102 2719 355 2789 profecto
390 2716 630 2790 aliquod
692 2720 883 2773 mariti
927 2721 1016 2774 sui
1069 2727 1168 2775 aut
1198 2721 1448 2776 ﬁliorum
1509 2738 1750 2777 suorum

12 2851 14 2860 .
102 2803 304 2860 saltem
337 2805 566 2860 crimen
597 2822 699 2861 seu
732 2807 1007 2862 feloniam
1050 2809 1307 2864 indicare
1339 2810 1586 2865 videtur.
1622 2812 1752 2865 For-

99 2893 268 2950 tassis
301 2894 362 2949 hi
386 2893 504 2966 ipsi
538 2895 654 2950 duo
688 2897 893 2951 fratres
927 2897 1076 2952 inter
1106 2897 1238 2954 illos
1289 2915 1522 2970 quoque
1563 2899 1749 2954 Caroli

98 2997 366 3053 proceres
401 2983 888 3052 numerabantur,
924 2986 1021 3057 qui
1047 2985 1145 3040 diu
1169 2988 1290 3057 jam
1321 2987 1488 3042 illum
1523 2988 1749 3059 pertaesi

95 3086 184 3126 an.
213 3072 322 3127 858
353 3070 612 3127 solemni
654 3072 940 3144 legatione
985 3074 1249 3129 Ludovici
1285 3076 1604 3130 Germaniae
1656 3093 1748 3131 re-

96 3160 180 3231 gis
208 3159 514 3216 auxilium
570 3165 772 3216 contra
815 3161 999 3216 Caroli
1059 3163 1210 3234 regis
1255 3163 1345 3218 sui
1381 3165 1746 3236 tyrannidem

97 3248 499 3320 postularunt,
527 3247 743 3321 illoque
773 3267 906 3305 cum
939 3251 1187 3306 exercitu
1231 3252 1288 3306 in
1321 3252 1538 3308 Gallias
1587 3255 1750 3308 adve-

1865 2015 2066 2064 contra
2097 2028 2289 2082 regem
2330 2009 2564 2066 rebellio
2590 2010 3000 2066 substituatur.
3048 2009 3234 2066 Facile
3285 2009 3504 2081 quippe

1862 2097 1918 2152 in
1949 2116 2084 2154 vera
2110 2099 2404 2155 discessus
2435 2098 2666 2153 illorum
2702 2100 2944 2153 fratrum
2978 2115 3155 2154 causa
3189 2098 3501 2171 assignan-

1861 2189 1935 2243 da
1955 2188 2142 2260 decipi
2184 2188 2372 2260 potuit
2403 2188 2671 2259 scriptor,
2705 2188 2846 2259 quin
2894 2193 3088 2242 tamen
3131 2187 3372 2243 ﬁctitius
3424 2188 3503 2244 sit

1860 2277 2122 2348 ipsorum
2153 2276 2209 2331 in
2243 2277 2648 2331 Alemanniam
2683 2278 2986 2343 adventus,
3018 2276 3266 2347 buicque
3297 2295 3498 2349 super-

1862 2368 2084 2420 structa
2114 2364 2470 2436 genealogia,
2505 2369 2569 2418 ut
2591 2365 2824 2435 quidem
2857 2363 2983 2418 vult
3025 2364 3346 2420 'I‘enzelius.
3387 2368 3500 2420 Ad—

1861 2454 2035 2509 ducta
2093 2454 2297 2508 saltem
2360 2453 2664 2525 hucusque
2697 2457 3042 2525 argumenta
3088 2458 3407 2526 utrumque
3456 2457 3502 2511 si

1860 2559 1976 2597 non
2009 2546 2167 2598 extra
2197 2541 2456 2609 ﬁdubium
2502 2544 2747 2613 ponunt,
2784 2541 3007 2596 fabulas
3036 2546 3230 2598 tamen
3268 2560 3380 2599 non
3414 2561 3504 2599 sa-

1862 2633 2047 2703 piunt,
2073 2649 2429 2703 causamque
2452 2630 2627 2686 simul
2651 2629 2949 2686 declarant
2969 2648 3073 2685 cur
3092 2631 3264 2687 ambo
3298 2633 3504 2689 fratres

1857 2722 1916 2776 in
1947 2721 2348 2776 Alemanniam
2383 2719 2732 2784 devenerint,
2786 2735 2852 2774 ac
2895 2723 3125 2791 tempus
3167 2737 3281 2792 quo
3310 2721 3367 2775 in
3407 2738 3505 2792 pa~

1858 2811 2033 2865 triam
2083 2815 2326 2881 uterque
2367 2810 2443 2864 sit
2489 2813 2808 2876 revocatus,
2852 2808 3161 2879 impetrata
3201 2825 3410 2882 nempe
3468 2829 3502 2865 a

1857 2898 2058 2954 Carolo
2079 2897 2249 2954 Calvo
2278 2915 2410 2970 rege
2441 2897 2711 2952 admissae
2762 2896 3093 2952 rebellionis
3141 2897 3327 2965 venia,
3363 2915 3497 2955 con-

1858 2987 2092 3043 ciliante
2124 2991 2256 3058 pote
2288 2986 2662 3056 potissimum
2693 3001 2895 3040 eorum
2929 2991 3091 3056 patre
3140 2986 3498 3054 Eberhardo,

1858 3076 1958 3147 qui
1984 3077 2134 3130 inter
2163 3075 2428 3146 ejusdem
2462 3075 2622 3146 pacis
2655 3077 2834 3128 testes
2856 3077 3091 3128 notatur
3111 3075 3264 3146 apud
3295 3075 3499 3130 Eccer-

1857 3165 1996 3219 dum
2030 3166 2248 3235 (Franc.
2286 3168 2386 3220 0r.
2413 3168 2454 3217 t.
2487 3163 2554 3230 ΙΙ,
2589 3180 2644 3234 p.
2695 3164 2798 3217 476
2827 3179 2951 3234 seq.

1927 3256 1953 3319 §
1985 3253 2107 3307 XII.
2142 3251 2333 3308 Altero
2366 3251 2546 3324 igitur
2575 3251 2844 3319 fratrum,
2875 3250 3145 3322 quisquis
3175 3251 3273 3307 ille
3304 3252 3497 3317 fuerit,

96 3336 306 3403 niente,
355 3339 593 3394 deserto
633 3338 853 3406 Carolo,
902 3340 971 3394 ad
1006 3339 1199 3411 ipsum
1249 3341 1628 3411 transierunt,
1664 3342 1746 3397 uti
1779 3321 1820 3387 (ἶ
1860 3345 2009 3396 facta
2035 3358 2174 3413 pace
2205 3341 2263 3395 in
2296 3321 2542 3412 patriam
2593 3356 2838 3406 reverso,
2868 3321 3115 3394 solusin
3151 3339 3494 3396 Alemannin

93 3425 158 3480 ad
199 3427 487 3482 eumdem
538 3443 759 3482 annum
817 3428 1074 3483 referunt
1125 3428 1374 3484 Annales
1409 3429 1742 3486 Fuldenscs.

90 3512 461 3572 Conveniunt
513 3514 636 3570 haec
697 3515 790 3581 iis,
845 3533 971 3587 quae
1021 3517 1194 3572 habet
1234 3518 1742 3587 Chronicon,(l.1,

93 3618 147 3657 n.
179 3604 260 3674 3,)
291 3604 540 3660 venisse
571 3620 704 3658 cum
738 3603 856 3660 illis
888 3606 1041 3659 viros
1073 3605 1493 3673 nobilissimos,
1529 3609 1745 3679 quibus

88 3689 194 3763 ipsi
225 3694 460 3765 praedia
492 3693 564 3748 ab
595 3695 872 3750 avunculo
900 3711 1005 3750 suo
1038 3694 1094 3750 in
1127 3695 1469 3751 Alemannia
1509 3697 1618 3752 sibi
1644 3699 1747 3753 do-

91 3784 220 3836 nata
249 3781 489 3837 fuerint
521 3781 770 3854 elargiti.
794 3782 1161 3838 Avunculum
1180 3783 1335 3838 hunc
1368 3784 1548 3839 alium
1587 3785 1743 3841 haud

89 3867 262 3925 fuisse
295 3887 493 3942 quam
529 3871 886 3927 Ludovicum
910 3871 1341 3940 Germanicum,
1367 3873 1458 3927 cui
1482 3873 1748 3930 Aleman-

89 3955 178 4012 nia
206 3960 493 4030 parebat,
517 3960 645 4030 jam
676 3959 733 4014 in
767 3959 1166 4032 superioribus
1207 3963 1600 4033 probavimus.

149 4047 289 4111 Quae
338 4065 492 4106 vero
526 4047 831 4120 hucusque
876 4048 1153 4115 diximus,
1199 4051 1530 4105 conﬁrmari
1582 4068 1649 4106 ex
1680 4068 1745 4106 eo

86 4149 316 4208 quoque
348 4136 663 4205 videntur,
697 4137 849 4208 quod
871 4138 1043 4207 juxta
1069 4137 1307 4192 eosdem
1336 4138 1586 4194 Annales
1611 4139 1744 4194 Ful-

86 4221 293 4282 denses
326 4242 407 4281 an
432 4225 956 4291 858,Eberbardus
975 4242 1187 4293 comes,
1205 4225 1358 4281 haud
1385 4227 1557 4282 dubie
1590 4229 1742 4284 279

85 4308 545 4385 Forojuliensis,
573 4329 986 4386 germanorum
1006 4314 1213 4369 horum
1271 4315 1536 4370 exsulum
1562 4322 1743 4388 pater,

81 4400 294 4459 missus
345 4402 645 4459 Ludovici
679 4403 726 4457 ΙΙ
759 4402 900 4474 imp.
933 4420 1002 4458 ex
1051 4402 1214 4458 Italia
1261 4405 1332 4460 ad
1388 4405 1744 4461 Ludovicum

80 4487 509 4548 Germanicum
539 4490 767 4547 Ulmam
799 4492 869 4546 ad
911 4491 1268 4562 colloquium
1305 4493 1544 4548 venerit.
1581 4493 1743 4548 Unde

76 4576 181 4635 alia
206 4582 390 4638 nobis
425 4579 779 4651 conjectura
826 4581 1106 4647 nascitur,
1139 4580 1538 4637 Eberhardum
1583 4582 1739 4638 hunc

1857 3428 2161 3485 Udalricus
2184 3428 2482 3494 remansit,
2505 3427 2906 3497 omniumjam
2931 3427 3164 3499 utrique
3179 3443 3483 3499 germano-

1857 3535 1984 3572 rum
2045 3519 2199 3574 280
2245 3522 2414 3571 antea
2467 3518 2538 3572 ab
2569 3515 2856 3571 avunculo
2887 3515 3236 3572 donaturum
3276 3517 3334 3570 in
3362 3517 3492 3572 Ale-
3542 3541 3552 3550 -

1855 3607 2092 3662 mannia
2121 3607 2471 3677 praediorum
2495 3621 2816 3676 possessor.
2846 3603 3062 3660 Saltem
3079 3605 3204 3675 jam
3237 3622 3333 3660 an.
3363 3606 3489 3668 867,

1854 3712 1956 3750 ceu
2006 3700 2266 3767 tempore
2321 3694 2640 3749 narrationi
2687 3693 2824 3748 huic
2853 3709 3131 3765 congruo,
3187 3693 3497 3749 Udalricus

1856 3784 2124 3839 Ludovici
2157 3783 2483 3838 Germanici
2509 3799 2688 3854 nepos
2720 3787 2776 3837 et
2805 3782 3011 3838 Comes
3042 3783 3100 3836 in
3132 3788 3495 3854 Argengewe

1854 3873 2126 3938 occurrit,
2160 3889 2225 3928 ac
2274 3873 2418 3926 forte
2476 3872 2651 3926 etiam
2728 3870 2788 3925 in
2855 3870 3128 3942 liinzgove
3177 3871 3490 3942 (Hannon,

1853 3966 1895 4016 t.
1927 3961 1994 4016 ΙΙ.
2031 3979 2086 4032 p.
2120 3962 2210 4030 48)
2254 3977 2406 4015 anno
2435 3961 2561 4024 879,
2594 3961 2691 4014 881
2727 3963 2784 4014 et
2821 3960 2946 4012 902.
2969 3961 3070 4026 Ac,
3104 3962 3168 4014 ut
3222 3976 3401 4030 supra
3433 3959 3490 4013 in

1854 4049 2190 4122 praefatione
2230 4065 2298 4103 ex
2323 4047 2589 4102 Tenzelio
2631 4045 3086 4113 observavimus,
3120 4046 3274 4102 idem
3305 4046 3491 4114 facile,

1853 4138 1944 4192 cui
1975 4136 2312 4207 Arnulphus
2344 4135 2486 4206 imp.
2519 4139 2738 4190 curtem
2771 4135 3125 4189 Lustenowa
3143 4133 3204 4188 in
3236 4134 3493 4207 proprie-

1851 4230 2028 4281 tatem
2047 4226 2227 4292 dedit,
2252 4229 2317 4278 ut
2339 4227 2567 4280 constat
2586 4239 2652 4277 ex
2665 4223 2865 4279 charta
2890 4240 2964 4277 an
2989 4223 3084 4278 891
3116 4223 3421 4295 (Hsaoo'rr,
3449 4225 3489 4278 Ι.

1853 4331 1926 4380 c.,
1958 4331 2014 4386 p.
2047 4315 2160 4384 57,)
2203 4331 2330 4383 quae
2372 4312 2598 4384 integra
2645 4311 2821 4366 etiam
2868 4311 3084 4384 legitur
3129 4314 3188 4366 in
3230 4312 3491 4368 Schardii

1852 4403 2234 4475 scriptoribus
2256 4403 2320 4473 (t.
2356 4402 2399 4468 Ι,
2434 4418 2488 4472 p.
2521 4401 2667 4472 534).
2703 4399 2794 4454 Nil
2826 4404 3022 4458 tamen
3059 4401 3196 4456 certi
3247 4401 3341 4456 hic
3373 4406 3490 4457 sta-

1849 4495 2012 4547 tuere
2055 4490 2206 4558 licet,
2261 4506 2395 4545 cum
2455 4493 2538 4545 tot
2592 4488 2863 4554 Udalrici,
2919 4489 2978 4544 in
3013 4488 3256 4545 diversis
3284 4488 3490 4545 vicinis

1850 4579 2206 4635 Alemanniae
2263 4579 2451 4650 pagis,
2505 4576 2757 4632 maxime
2789 4576 2848 4631 in
2893 4576 3274 4650 Argengovia,
3327 4577 3489 4632 Linz-

77 4667 310 4735 perinde
334 4685 408 4725 ac
423 4667 710 4740 conjugis
733 4685 851 4723 suae
873 4685 1131 4724 sororem
1155 4668 1563 4741 Hildegardem
1579 4671 1741 4742 prius
1775 4685 1819 4749 D
1849 4669 2037 4740 govia,
2069 4666 2359 4739 Turgovia
2410 4683 2476 4722 ac
2512 4665 2645 4721 dein
2686 4664 2966 4736 Brigantii
3003 4681 3240 4737 quoque
3288 4682 3489 4722 occur-

75 4769 105 4808 a
135 4758 414 4827 partibus
471 4755 740 4812 Lotharii
771 4755 912 4828 imp.
962 4757 1216 4824 stetisse,
1266 4774 1332 4812 ac
1373 4763 1676 4830 propterea
1706 4777 1740 4815 a
1850 4762 2062 4824 rentes,
2094 4755 2340 4812 dubium
2375 4771 2606 4827 semper
2631 4754 2848 4809 faciant
2877 4771 3018 4809 num
3050 4753 3228 4809 iidem
3251 4755 3490 4814 fuerint.

74 4841 262 4902 Carolo
293 4846 485 4903 Calvo
511 4844 844 4900 ditionibus
875 4844 933 4899 in
965 4860 1142 4917 regno
1172 4846 1298 4914 ejus
1329 4846 1456 4902 sitis
1496 4853 1736 4903 exutum

74 4928 126 4986 in
154 4933 392 4992 Italiam
440 4934 526 4990 ad
573 4932 909 4988 Lotharium
941 4934 1317 4998 concessisse,
1358 4952 1392 4988 a
1422 4952 1557 5006 quo,
1617 4937 1734 4991 sive

73 5019 186 5089 ejus
215 5023 367 5092 ﬁlio,
393 5021 702 5079 Ludovico
724 5021 770 5077 ΙΙ
796 5021 964 5093 imp.,
993 5020 1409 5092 Forojuliensis
1424 5024 1540 5078 dux
1564 5024 1737 5080 fuerit

72 5111 468 5181 constitutus;
508 5127 696 5182 quam
726 5110 910 5182 patris
925 5109 1017 5166 sui
1035 5109 1436 5182 spoliationem
1460 5112 1601 5166 dum
1625 5112 1734 5166 ini-

70 5211 168 5266 que
198 5200 434 5258 ferrent
465 5201 599 5256 duo
631 5200 760 5270 ejus
793 5198 918 5268 ﬁlii,
953 5213 1086 5254 cum
1111 5197 1240 5254 aliis
1269 5199 1606 5269 proceribus
1638 5201 1737 5255 ad-

68 5298 258 5347 versus
321 5289 629 5348 Carolum
688 5286 1037 5343 rebellantes
1079 5286 1360 5342 Ludovico
1391 5287 1732 5344 Germanico

69 5379 344 5437 avunculo
378 5395 451 5436 se
486 5375 872 5438 tradiderint.
907 5375 1040 5439 Quae
1073 5379 1275 5446 postea
1313 5379 1643 5446 sequuntur
1671 5376 1732 5430 in

66 5461 340 5526 Chronico
364 5469 444 5525 de
493 5467 703 5522 furore
721 5463 1016 5520 Gallorum
1045 5463 1241 5518 sedato
1264 5463 1508 5535 istisquc
1539 5464 1731 5519 fratri-

67 5549 162 5610 bus
183 5556 241 5612 in
275 5557 562 5630 patriam
601 5552 902 5619 revocatis,
935 5553 1006 5607 ad
1049 5568 1269 5606 annum
1299 5553 1404 5606 850
1433 5552 1732 5608 referenda

64 5653 541 5718 censemus,quo
563 5641 723 5714 apud
753 5641 1117 5696 Conﬂuentes
1140 5655 1278 5709 pace
1300 5639 1450 5695 inter
1463 5639 1730 5695 Carolum

65 5734 111 5784 et
137 5735 498 5801 praedictum
559 5729 917 5786 Ludovicum
955 5728 1183 5782 ﬁrmata
1230 5727 1468 5783 Carolus
1523 5727 1730 5784 Calvus

1848 4863 1921 4901 an
1947 4862 2078 4900 vero
2110 4843 2348 4912 diversi,
2379 4845 2581 4899 eodem
2616 4843 2874 4909 nomine,
2905 4847 2968 4897 ut
3003 4843 3125 4898 ﬁeri
3157 4842 3403 4910 solebat,
3431 4843 3488 4898 in

1845 4934 1992 4989 alias
2032 4947 2262 5004 quoque
2295 4930 2553 4987 familias
2586 4948 2686 5002 per
2727 4931 3102 4987 matrimonia
3150 4937 3489 5004 propagato.

1913 5025 1940 5089 ἓ
1969 5022 2115 5076 ΧΙΙΙ.
2140 5021 2240 5075 His
2258 5020 2494 5075 interim
2520 5020 2888 5074 eruditorum
2908 5019 3162 5075 examini
3186 5020 3491 5091 subjectis,

1843 5110 1944 5165 illa
1972 5110 2143 5164 modo
2175 5109 2496 5179 expendere
2511 5109 2680 5179 juvat
2709 5125 2859 5180 quae,
2894 5111 2964 5163 de
2995 5108 3105 5163 hac
3127 5108 3492 5182 Brigantino-

1844 5216 1974 5255 rum
2008 5199 2289 5254 comitum
2322 5195 2684 5269 genealogis,
2718 5213 2889 5268 porro
2911 5197 2970 5251 in
2992 5197 3278 5253 Chronico
3297 5204 3493 5254 nostro

1842 5288 2130 5344 habentur
2151 5285 2726 5358 prioribus,apprime
2757 5291 3168 5342 consentanea.
3193 5287 3276 5341 Ita
3295 5291 3491 5342 autem

1842 5376 1880 5430 Ι.
1917 5378 1957 5431 Ι.
1975 5392 2030 5429 n.
2049 5375 2118 5428 36
2139 5375 2340 5430 habet:
2363 5398 2388 5424 ‹‹
2412 5374 2547 5429 Erat
2567 5375 2807 5446 quidam
2832 5391 3050 5444 comes,
3075 5373 3308 5430 nomine
3325 5372 3484 5427 Adil-

1841 5463 2129 5518 bardus...
2161 5463 2314 5518 beati
2345 5462 2452 5517 viri
2475 5463 2800 5518 Gebebardi
2819 5465 2988 5534 juxta
3017 5461 3206 5517 carnis
3243 5475 3485 5514 consan-

1839 5550 2187 5623 guinitatem
2218 5551 2606 5622 propinquus,
2637 5565 3007 5621 nequaquam
3042 5553 3232 5601 tamen
3268 5543 3476 5598 Suevi-

1839 5655 2009 5710 gena,
2034 5639 2132 5693 sed
2167 5638 2441 5693 habitans
2473 5639 2530 5692 in
2563 5643 2716 5692 terra
2746 5637 3079 5708 longinqua,
3121 5631 3210 5685 cui
3237 5630 3372 5698 jure
3413 5630 3471 5682 in

1840 5726 2236 5781 haereditatem
2265 5731 2558 5782 cesserant
2580 5741 2790 5795 magna
2811 5727 2867 5777 et
2883 5720 3061 5775 multa
3081 5715 3292 5789 praedia
3313 5715 3368 5768 in
3401 5715 3469 5768 ll-
