3866 6322
426 415 554 482 ΏεἺ

1134 416 1527 482 APPENDIX
1571 417 1676 481 AD
1720 414 2169 481 CBRONICON
2213 414 2633 482 HERMANNI
2675 414 3153 527 CONri‘RACTI.
3716 412 3789 483 ιε

430 552 649 625 rigove,
682 573 711 602 »
740 564 844 609 seu
873 550 1067 624 potius
1088 550 1365 625 Ilargove,
1383 569 1452 608 ex
1468 550 1684 624 quibus
1714 550 2071 622 Brigantinis
2100 555 2155 620 Α
2183 542 2364 606 chorn
2395 551 2576 619 dedit,
2610 550 2758 608 forte
2786 559 2844 608 et
2871 550 3076 622 ﬁliam,
3122 552 3400 609 matrem
3438 552 3632 622 postea
3666 547 3789 622 hujus

436 641 704 715 cognatis
715 640 841 698 suis
850 639 1132 713 praedium
1144 641 1200 695 in
1221 640 1864 697 Steinbach.Gebhardo
1878 644 2073 696 autem

435 731 708 804 episcopo
727 731 912 800 nepoti
919 745 1018 785 suo
1029 728 1141 784 alia
1164 728 1330 799 plura
1343 728 1665 784 tradiderit.
1685 728 1826 792 Quis
1837 745 1969 784 vero
1983 728 2076 782 hic

434 818 811 887 Adilhardus,
827 815 1278 884 seuAdalardus,
1300 816 1771 889 Brigantinorum
1798 816 2077 871 comitum

435 923 619 980 nepos
639 923 741 962 seu
759 905 1227 976 consanguineus
1244 906 1270 959 ?
1292 905 1489 977 Neque
1511 905 1668 961 enim
1692 905 1761 960 de
1780 904 2077 977 superiore

434 995 724 1053 Adalardo
755 994 1067 1049 Eberhardi
1099 993 1217 1048 ﬁlio
1238 1010 1429 1049 sermo
1462 994 1553 1048 hic
1585 1010 1712 1049 esse
1744 998 1951 1066 potest,
1986 998 2075 1049 ut-

434 1089 569 1158 pote
597 1085 820 1155 integro
852 1082 1063 1138 saeculo
1097 1083 1403 1137 anteriore.
1429 1083 1594 1138 Hunc
1625 1083 2077 1155 deprehendisse

436 1174 603 1229 nobis
633 1173 903 1226 videntur
933 1172 992 1226 in
1023 1170 1369 1226 Ekkehardo
1389 1170 1630 1226 Juniore
1652 1171 1723 1225 de
1745 1171 1989 1226 Casibus
2018 1174 2073 1224 S.

432 1260 600 1326 Galli,
624 1276 751 1331 cap.
784 1260 852 1314 40
885 1259 1186 1329 (ϐοιυΑετ.
1218 1262 1416 1329 Script.
1450 1263 1491 1312 t.
1529 1260 1568 1325 Ι,
1603 1275 1661 1329 p.
1703 1260 1789 1328 42)
1822 1258 1903 1313 ita
1934 1257 2073 1313 scri-

431 1350 606 1405 bente
638 1367 652 1404 :
678 1370 705 1397 ‹‹
735 1347 1081 1403 Vodalricus
1108 1347 1347 1417 quidam
1379 1363 1573 1401 comes
1615 1347 1685 1400 de
1717 1346 1900 1401 Caroli
1944 1363 2076 1417 pro-

430 1438 597 1509 sapia
625 1435 1103 1508 Wendilgardam
1136 1435 1365 1489 Henrici
1398 1435 1550 1505 regis
1587 1435 1657 1489 de
1689 1434 1810 1489 ﬁlia
1854 1435 2075 1505 neptim

431 1541 671 1581 uxorem
698 1524 1011 1595 accipiens,
1035 1522 1439 1587 Adalhartum,
1458 1524 1558 1594 qui
1582 1522 1743 1577 Gallo
1768 1522 2075 1578 Altstetten

432 1617 567 1685 post
594 1612 854 1678 tradidit,
888 1613 958 1666 de
989 1628 1056 1666 ea
1078 1617 1133 1665 et
1155 1611 1334 1666 tiliam
1362 1612 1702 1682 procreavit.
1736 1611 1838 1667 Hic
1870 1611 2075 1666 nuntio

432 1701 867 1766 Buochorn,ubi
891 1700 1193 1768 habitavit,
1216 1700 1750 1771 accepto,Hungros
1773 1699 2072 1766 Noricum,

431 1791 530 1847 ubi
552 1790 768 1862 praedia
788 1789 837 1844 ei
866 1794 1050 1855 erant,
1077 1788 1318 1855 irruere,
1342 1787 1539 1844 hostes
1561 1805 1694 1843 cum
1713 1787 1941 1844 caeteris
1972 1805 2069 1860 ag-

430 1895 692 1953 gressus,
714 1877 899 1932 victus
921 1877 1233 1948 capitur,et
1252 1876 1305 1931 in
1324 1876 1684 1948 Hungariam
1703 1876 1964 1948 captivus
1987 1893 2073 1931 as-

388 1965 395 1972 ’
430 1971 714 2039 portatur.
741 1987 769 2015 »
803 1966 998 2021 Refert
1018 1965 1151 2020 dein
1171 1964 1525 2031 Udalricum,
1549 1969 1947 2037 postquatuor
1966 1982 2072 2020 an-

427 2073 535 2113 nos
565 2054 893 2126 captivitate
917 2054 1211 2121 reducem,
1235 2053 1484 2108 alterum
1519 2053 1709 2108 adhuc
1738 2053 1925 2107 ﬁlium
1949 2069 2075 2124 pro-

427 2159 659 2200 creasse
680 2142 972 2198 Burchard
984 2159 1104 2205 um,
1119 2146 1503 2214 cognomento
1530 2140 1881 2213 Ingenitum,
1898 2157 2070 2212 quem

427 2232 562 2288 Otto
593 2231 804 2302 Iimp.,
833 2247 935 2286 ceu
968 2234 1236 2300 nepotem
1270 2246 1444 2285 suum
1469 2229 1623 2285 circa
1652 2247 1723 2284 an
1754 2229 1861 2284 959
1891 2229 2071 2284 abba-

427 2319 523 2375 tiaz
554 2319 612 2375 S.
637 2318 784 2374 Galli
806 2318 1288 2387 adhucjuvenem
1326 2318 1662 2388 prazfecerit.
1688 2319 1769 2372 Ex
1785 2317 2073 2387 Hepidan-

429 2407 491 2463 ni
510 2406 836 2462 Annalibus
855 2407 1000 2462 281
1020 2406 1091 2460 ad
1113 2423 1208 2461 an.
1234 2406 1358 2468 9l3,
1373 2410 1432 2460 et
1452 2406 1736 2477 excerptis
1758 2404 2070 2460 Annalium

428 2495 785 2553 Francorum
829 2494 1019 2565 (supra
1062 2509 1193 2566 pag.
1246 2495 1365 2564 109)
1404 2493 1708 2549 Udalricus
1742 2509 1939 2548 comes
1968 2492 2068 2548 illo

427 2599 583 2639 anno
605 2598 739 2639 cum
762 2581 1127 2654 Erchangero
1148 2587 1205 2637 et
1234 2581 1563 2649 Bertholdo,
1590 2581 1691 2653 qui
1716 2580 2068 2636 Alamanniae

425 2672 706 2727 ducatum
737 2670 1089 2735 invaserant,
1116 2669 1422 2742 Hungaros
1450 2671 1521 2727 ad
1556 2671 1782 2727 (Enum
1825 2669 2067 2725 [luvium

425 2760 774 2833 proﬂigavit,
825 2762 958 2831 post
1004 2758 1240 2830 aliquod
1272 2762 1503 2830 tempus
1532 2763 1725 2815 tamen
1765 2758 1918 2813 circa
1969 2776 2062 2813 an.

421 2849 531 2904 945
559 2848 615 2903 in
644 2848 826 2903 altera
842 2847 1281 2919 expeditionein
1314 2848 1711 2919 captivitatem
1734 2848 1805 2903 ab
1830 2846 2064 2902 illisab-

424 2941 698 2994 stractus.
730 2936 860 2992 Vid.
893 2935 1082 2992 Calles
1112 2935 1317 2991 Annal.
1352 2934 1570 2991 Eccles.
1595 2936 1788 2991 Germ.
1824 2953 1862 2990 1.
1898 2935 1970 2990 IV
1991 2936 2063 2991 ad

424 3040 646 3080 annum
674 3024 781 3079 917
804 3026 861 3079 et
876 3025 999 3091 920,
1034 3028 1089 3077 et
1113 3023 1354 3079 Crusius
1396 3023 1602 3079 Annal.
1635 3041 1691 3095 p.
1725 3041 1784 3091 II,
1820 3024 1858 3079 Ι.
1896 3041 1976 3090 m,
2011 3041 2061 3079 ο.

423 3114 477 3168 8.
494 3112 632 3167 Inde
649 3127 782 3166 vero
800 3116 1196 3184 postquatuor
1208 3129 1393 3167 annos
1409 3110 1693 3167 liberatus
1716 3113 1959 3167 domum
1982 3129 2065 3168 re-

421 3200 550 3268 diit,
572 3200 801 3255 vivente
840 3200 1032 3256 adhuc
1064 3199 1376 3255 Salomone
1408 3201 1482 3255 III
1516 3201 1788 3272 episcopo
1837 3203 1906 3255 ad
1951 3202 2063 3256 ini-

2102 1927 2151 1991 Β

2185 637 2456 709 Udalrici,
2480 656 2515 694 a
2535 645 2652 711 qua
2670 643 2729 695 et
2748 656 2962 696 nomen
2992 644 3049 695 et
3079 639 3443 714 prosapiam
3462 635 3641 695 Caroli
3653 637 3789 712 Magni

2185 726 2466 783 hauserit.
2493 727 2701 785 Lasius
2724 728 2806 784 De
2836 728 3071 801 migrat.
3096 733 3275 802 gent.
3311 746 3373 802 p.
3406 727 3514 783 559
3543 725 3793 783 illumcum

2184 817 2361 872 fratre
2404 816 2713 873 Adelberto
2762 817 3129 874 conditorem
3165 816 3362 874 castri
3392 815 3683 873 Buochorn
3706 814 3796 871 dicit

2185 908 2447 975 tempore
2477 904 2664 961 Caroli
2685 905 2904 977 Magni,
2930 906 3041 961 sub
3066 923 3189 979 quo
3216 904 3488 978 acceptis
3506 904 3654 978 agris
3672 904 3797 959 inite

2185 992 2302 1049 rico
2324 995 2397 1049 ab
2416 994 2645 1050 Hunnis
2666 1000 2876 1068 captus
2900 994 2974 1051 sit
3002 1012 3015 1062 ;
3049 999 3107 1050 et
3126 999 3347 1051 tamen
3370 992 3794 1065 Wendelgardem

2186 1082 2316 1152 ejus
2346 1083 2658 1154 conjugem
2689 1087 2824 1155 post
2852 1082 3156 1157 integrum
3191 1081 3491 1138 saeculum
3532 1097 3620 1136 an.
3639 1080 3724 1135 916
3745 1098 3797 1135 rs-

2185 1170 2410 1226 clusam
2443 1171 2597 1243 apud
2627 1172 2687 1227 S.
2722 1171 2957 1228 Gallum
2990 1170 3144 1226 fuise
3179 1170 3425 1226 scribit.
3460 1169 3568 1225 Ubi
3595 1184 3710 1223 vero
3736 1184 3798 1221 no-

2185 1259 2432 1314 tandum
2464 1262 2552 1313 est
2584 1258 2771 1315 Caroli
2796 1259 2994 1331 Magni
3020 1276 3247 1315 nomen
3268 1257 3483 1314 Carolo
3500 1260 3685 1313 (h'asso
3697 1271 3796 1328 quo-

2186 1362 2299 1417 que
2330 1346 2580 1402 subinde
2611 1363 2646 1401 a
2675 1346 3068 1418 scriptoribus
3099 1363 3238 1403 esse
3257 1346 3579 1412 tributum,
3606 1359 3666 1401 eo
3686 1344 3795 1414 quod

2186 1434 2270 1490 uti
2300 1435 2459 1507 prior
2489 1439 2675 1491 totam
2725 1433 3130 1491 monarcbiam
3180 1433 3534 1490 Francicam
3581 1448 3685 1487 una
3705 1447 3797 1487 cum

2183 1523 2431 1595 imperio
2446 1522 2609 1579 solus
2640 1524 2923 1591 tenuerit;
2949 1523 3109 1595 quod
3131 1519 3663 1595 probatMabillon.
3689 1519 3798 1575 Dare

2184 1610 2427 1682 diplom.
2460 1610 2500 1666 l.
2534 1629 2590 1679 v,
2628 1628 2683 1682 ρ.
2717 1612 2844 1667 408.
2890 1611 3013 1675 Quo
3061 1628 3253 1667 sensu
3286 1616 3350 1667 et
3383 1609 3588 1666 Lazius
3615 1607 3650 1664 l.
3678 1623 3719 1663 c.
3745 1606 3799 1662 in-

2182 1699 2366 1772 telligi
2391 1700 2583 1766 debet,
2607 1700 2879 1772 quamvis
2907 1698 2998 1756 vel
3027 1699 3114 1756 sic
3140 1716 3320 1755 error
3336 1698 3568 1767 subsit;
3598 1695 3793 1754 Udalrici

2181 1787 2488 1859 captivitas
2499 1788 2657 1843 enim
2674 1805 2789 1844 non
2816 1788 2926 1845 sub
2948 1787 3155 1843 Carolo
3185 1788 3433 1856 Crasso,
3458 1787 3559 1843 sed
3579 1786 3679 1841 sub
3693 1783 3795 1839 Con-

2182 1876 2320 1931 rado
2352 1876 2373 1930 I
2403 1877 2667 1949 contigit.
2704 1880 2766 1929 In
2799 1891 2866 1931 eo
2896 1876 3093 1945 ﬁetiam
3140 1875 3383 1932 fallitur
3421 1874 3575 1946 quod
3620 1862 3795 1928 Henrici

2181 1964 2441 2036 Aucupis
2473 1963 2654 2019 ﬁliam
2706 1963 3154 2037 Wendelgardaa
3210 1967 3473 2020 matrem
3520 1960 3798 2031 Hedwigem

2180 2051 2498 2107 Burchardi
2536 2051 2895 2107 Alemannis:
2929 2051 3097 2108 ducis
3131 2053 3465 2124 conjugem
3513 2048 3673 2114 dicat,
3702 2062 3791 2119 qua

2180 2145 2379 2195 tamen
2412 2140 2676 2211 improlis
2706 2140 2983 2207 decessit,
3014 2157 3119 2197 nec
3151 2140 3401 2197 Henrici
3430 2137 3677 2209 Aucupis
3693 2134 3794 2199 ﬁlia,

2179 2230 2281 2284 sed
2313 2230 2440 2299 ejus
2478 2246 2548 2285 ex
2579 2229 2696 2284 ﬁlio
2727 2229 2975 2285 Henrico
2996 2229 3258 2286 Bavarize
3292 2230 3446 2285 duce
3493 2224 3668 2298 neptis
3694 2221 3789 2285 fuit,

2177 2320 2350 2386 cujus
2378 2316 2592 2387 pariter
2622 2333 2804 2387 nepos
2825 2316 3045 2372 dicitur
3064 2318 3119 2372 S.
3155 2316 3516 2374 Gebhardus
3544 2312 3682 2368 infra
3706 2309 3738 2365 1.
3762 2326 3789 2373 1,

2179 2422 2215 2460 n
2245 2404 2335 2461 39.
2373 2404 2810 2477 Wendelgardaa
2842 2411 3095 2461 matrem
3127 2405 3297 2462 haud
3353 2404 3613 2461 nominat
3654 2397 3792 2456 ΕΒΚΘ·

2177 2491 2423 2555 bardus,
2448 2493 2549 2548 sed
2572 2493 2756 2549 ﬁliam
2786 2498 3019 2550 tantum
3047 2493 3193 2550 dicit
3215 2492 3457 2551 Henrici
3488 2490 3649 2562 regis,
3680 2483 3791 2542 scili-

2176 2585 2265 2637 cet
2285 2583 2565 2653 Aucupis,
2592 2580 2756 2638 illam
2786 2586 2983 2639 tamen
3004 2582 3365 2656 Hedwigem
3382 2598 3488 2638 seu
3508 2576 3788 2647 Hatwigem

2177 2674 2339 2726 vocat
2378 2670 2621 2727 Crusius
2651 2669 2883 2742 (Annal,
2917 2688 2973 2743 p.
3007 2689 3072 2738 ιι,
3102 2670 3142 2726 l.
3178 2689 3271 2740 ιιι,
3308 2687 3361 2728 c.
3393 2669 3559 2739 8,42,
3601 2669 3655 2721 et
3677 2662 3709 2717 Ι.
3736 2677 3788 2724 Iv,

2172 2775 2221 2814 c.
2249 2760 2304 2827 3,
2335 2759 2389 2830 9)
2425 2758 2665 2830 aliique,
2709 2758 3002 2830 quamvis
3047 2758 3297 2817 aliunde
3329 2763 3553 2816 certum
3592 2753 3662 2810 sit
3698 2764 3790 2805 eam

2176 2846 2437 2921 Hugonis
2469 2847 2667 2921 magni
2691 2847 2943 2903 Francia:
2969 2847 3139 2904 ducis
3157 2864 3430 2916 uxorem,
3459 2841 3697 2917 Hugonis
3712 2853 3788 2894 au-

2175 2939 2294 2991 tem
2342 2935 2537 3008 Capeti
2569 2936 2723 3008 regis
2746 2940 2998 2992 matrem
3029 2936 3333 2995 existisse.

2245 3018 2444 3093 ’ωδ
2474 3024 2619 3079 Χιν.
2644 3026 3003 3096 Quoounque
3031 3042 3166 3083 vero
3200 3026 3445 3082 nomine
3463 3019 3683 3087 venerit,
3698 3012 3784 3073 ﬁlia

2170 3117 2325 3169 certe
2355 3113 2464 3168 fuit
2487 3114 2721 3168 Henrici
2752 3114 3033 3186 Aucupis,
3056 3115 3231 3186 cujus
3254 3118 3448 3172 mater
3466 3114 3586 3171 erat
3597 3101 3784 3165 Hedvﬁ-

2170 3200 2260 3272 gis
2290 3217 2393 3256 seu
2415 3201 2702 3273 Hatwigis
2732 3206 2915 3273 nupta
2941 3202 3138 3259 Ottoni
3155 3203 3379 3261 illustri
3403 3197 3645 3257 Saxonis;
3663 3190 3780 3249 duci.

421 3290 573 3346 tium
602 3289 741 3344 anni
761 3289 867 3345 920
883 3288 1193 3356 defuncto;
1229 3289 1329 3360 qui
1353 3289 1405 3344 ei
1428 3289 1903 3360 Wendelgartam
1930 3306 2061 3345 con-
2093 3290 2137 3356 C
2177 3289 2304 3344 Hec
2335 3293 2531 3345 autem
2563 3288 2685 3344 ﬁlia
2714 3295 2837 3345 erat
2854 3306 3033 3362 supra
3053 3291 3373 3349 memorati
3396 3278 3783 3347 EberhardiFo-

407 3379 638 3451 jugem,
670 3380 892 3433 interea
931 3377 1203 3445 velatam,
1238 3377 1495 3433 reddidit
1536 3378 1592 3432 in
1629 3377 2061 3434 Constantiensi

330 3501 341 3510 -
418 3466 639 3539 synodo
669 3466 897 3538 (Concil.
936 3470 1120 3522 Germ.
1154 3472 1197 3522 t.
1232 3467 1299 3534 II,
1333 3484 1387 3538 p.
1423 3467 1550 3538 591)
1582 3466 1738 3522 circa
1779 3483 1874 3521 an.
1937 3466 2060 3523 919.

418 3554 523 3611 Hic
544 3569 713 3625 porro
736 3552 1040 3611 Udalricus
1061 3572 1094 3610 a
1120 3555 1465 3626 cognomine
1493 3555 1830 3627 Brigantino
1853 3556 2065 3612 comite

419 3641 592 3714 plane
621 3641 889 3697 diversus
907 3647 1016 3710 est,
1041 3643 1122 3697 uti
1156 3648 1214 3699 et
1238 3649 1569 3715 temporum
1590 3644 1737 3700 ratio
1761 3649 1819 3700 et
1849 3644 2063 3700 diversi

419 3731 726 3804 utriusque
743 3729 847 3784 ﬁlii
870 3731 1293 3788 demonstrant.
1304 3732 1486 3788 Filius
1501 3738 1697 3789 autem
1720 3732 1900 3789 fuisse
1912 3734 2042 3788 vide
2053 3764 2067 3775 -

416 3824 516 3876 tur
544 3819 721 3875 unius
751 3835 820 3875 ex
841 3818 960 3875 illis
978 3819 1129 3875 veris
1162 3819 1568 3890 nobilissimis,
1595 3819 1697 3892 qui
1717 3824 1862 3877 teste
1892 3821 2066 3877 chroo

417 3907 549 3964 nico
581 3912 781 3964 nostro
816 3924 948 3965 cum
972 3908 1313 3981 Brigantino
1335 3910 1392 3963 in
1407 3908 1814 3965 Alemanniam
1836 3908 2066 3981 profugi

415 4001 718 4066 venerunt,
749 3997 965 4069 quibus
995 3997 1120 4069 ipse
1152 3998 1307 4054 dona
1336 3996 1583 4071 largitus
1612 4002 1723 4062 est,
1773 4013 1841 4053 ac
1887 3996 2063 4053 etiam

417 4084 805 4157 percoqiugia
820 4085 1107 4143 afﬁnitate
1128 4087 1498 4157 conjunctus,
1514 4102 1763 4158 quorum
1786 4086 1889 4141 uni
1913 4086 2063 4141 Buc-

2171 3376 2509 3449 rojuliensis
2538 3376 2706 3433 ducis
2745 3394 2814 3433 ex
2833 3377 3028 3436 Gisela
3059 3380 3339 3437 Ludovici
3381 3378 3462 3453 pii
3488 3375 3635 3442 ﬁlia;
3665 3365 3781 3453 unde

2171 3471 2229 3522 et
2256 3465 2375 3522 ﬁlio
2424 3465 2553 3536 ejus
2604 3466 2871 3536 Henrico,
2917 3452 3393 3542 Carolingorum’
3428 3462 3709 3523 stemmate
3738 3452 3779 3508 in

2167 3553 2477 3611 Germania
2506 3553 2817 3622 exstincto,
2849 3555 2944 3624 ius
2988 3557 3296 3627 quoddam
3328 3557 3390 3615 in
3423 3555 3530 3611 hoc
3573 3557 3773 3621 regnum

2174 3648 2460 3699 annatum
2501 3647 2609 3698 est.
2660 3642 2725 3698 In
2755 3646 3108 3701 testamento
3146 3645 3342 3705 Patris
3389 3643 3480 3703 sui
3506 3627 3775 3698 Eberhardi

2172 3730 2442 3787 Helwick
2469 3734 2727 3799 vocatur,
2757 3748 2923 3788 soror
2942 3732 3248 3809 Adalardi,
3270 3753 3376 3794 seu
3410 3725 3667 3801 Udalrici,
3693 3717 3780 3777 Bri-

2170 3820 2549 3892 gantinorum
2581 3820 2875 3901 parentis:
2910 3837 3017 3878 nec
3047 3840 3166 3881 non
3203 3814 3466 3882 Judithaa
3508 3814 3638 3875 avia:
3662 3810 3774 3901 Coll-

2175 3908 2299 3965 radi
2333 3910 2353 3965 Ι
2388 3908 2561 3981 regis,
2596 3909 2680 3965 uti
2729 3910 2937 3982 probat
2990 3900 3211 3969 Eccard
3262 3916 3480 3991 (Franc.
3522 3904 3608 3963 0r.
3650 3900 3710 3963 ΙΙ,
3733 3910 3775 3966 Ρ·

2171 3998 2311 4066 824ς
2352 3998 2457 4054 νει.
2497 4001 2743 4053 manum.
2782 4001 3064 4070 quaternq
3111 4018 3175 4075 p,
3216 4002 3347 4074 40);
3384 3997 3535 4057 unde
3571 3995 3776 4060 sequens

2176 4085 2390 4157 prodit.

1659 4216 1991 4274 SYSTEMA
2045 4212 2600 4276 GENEALOGICUM

1928 4332 1977 4371 8.
2024 4330 2312 4371 GEBHARDI

1539 4415 1620 4468 Ea:
1647 4413 1900 4469 chronica
1928 4413 2326 4471 Petershusano
2359 4417 2412 4471 et
2440 4416 2694 4472 Eccardo.

1656 4536 2057 4594 LUDOVICUS
2088 4538 2228 4596 Pius
2256 4539 2590 4613 imperator.

701 4633 1073 4706 Eberhardus
1101 4634 1219 4689 dux
1252 4634 1690 4706 Forojuliensis.
1726 4635 1809 4691 Ux
1833 4634 2049 4699 Gisela,

628 4704 979 4772 Adalardus,
1013 4722 1117 4761 seu
1149 4704 1457 4763 Udalricus
1484 4707 1504 4761 Ι

700 4780 904 4831 Comes
924 4775 1205 4849 Brigantii

1691 4900 1989 4957 Conradus

1718 4989 1935 5028 comes.

704 4896 818 4955 Uzo
849 4912 1046 4954 comes
1079 4915 1226 4954 uxor

775 4967 1093 5040 Dietburga

1630 5096 1927 5153 Conrad’us
1947 5097 2064 5153 dux

1691 5172 1893 5239 postea
1913 5185 2012 5226 rex

632 5084 1108 5164 S._Gehobardus
1126 5108 1216 5164 ep.
1244 5093 1375 5149 frat.

704 5159 1013 5219 Udalricns
1044 5163 1113 5221 IIl
1148 5159 1344 5221 comes

1861 4706 2107 4763 Juditha
2138 4723 2281 4763 uxor

1741 4775 2097 4834 Werinharii
2127 4779 2360 4835 comitis

2711 4707 3020 4777 Heilwich,
3055 4725 3162 4767 seu
3184 4707 3467 4769 Hedwich
3496 4719 3583 4760 nx.

2788 4780 3015 4836 Ottonis
3046 4781 3218 4839 ducis
3259 4778 3536 4840 Saxonize.

2629 4902 2912 4977 Henricus
2956 4905 3186 4977 Auceps

2632 4974 2958 5031 Germania
2990 4992 3109 5033 rex.

2777 5100 2965 5180 φησι

2802 5187 2949 5243 imp.

2298 5097 2584 5154 Henricus

2286 5169 2405 5226 dux
2429 5168 2564 5226 Bav.

3144 5101 3472 5174 Bedwigis.

3085 5288 3515 5353 Wendelzarda

2160 5290 2463 5364 Hedwigis
2483 5292 2650 5348 ducis

3091 5382 3189 5423 ux.
3225 5360 3497 5429 Udalrioi.

2157 5363 2449 5421 Bucbardi
2480 5380 2644 5420 uxor.

2941 5490 3274 5548 Adalardus
3319 5503 3507 5549 comes

3015 5563 3077 5619 in
3118 5563 3447 5622 Buochorn.
