3866 6326
56 415 165 476 289

857 411 1310 474 CHRONICUN.
1349 411 2066 475 PETERSHUSANUM.
2096 444 2175 460 —-
2211 413 2625 474 PROCEMIA.

3320 421 3436 480 290.

16 581 18 618 ε
120 543 487 610 Quantumad
501 541 841 615 Hedwigem
858 542 1084 599 Ottonis
1103 545 1690 618 Snxoniaaconjugem
1719 546 1774 611 Α
1803 543 2008 600 saltem
2043 561 2144 616 per
2174 549 2398 600 aetatem
2427 544 2667 604 minime
2697 545 2976 616 implicat,
3010 549 3115 603 etsi
3133 549 3255 618 jam
3287 553 3440 609 circa

16 671 19 708 L
60 638 112 691 in
129 633 354 692 diversa
383 633 606 690 abeunt
635 632 980 705 scriptores!
1008 633 1322 689 Hubnerus
1355 635 1415 690 in
1455 635 1686 690 Geneal.

16 761 19 796 ς
57 739 174 782 eam
205 739 315 778 non
346 721 555 778 Giselae
587 720 826 790 sororis,
846 721 948 777 sed
983 721 1170 793 ipsius
1230 723 1497 778 Ludovici
1554 724 1692 778 Ger-

16 853 19 886 ;
60 811 260 869 maniei
281 810 463 866 ﬁliam
496 811 724 878 statuit,
759 826 937 882 quam
967 825 1102 865 vero
1133 811 1357 883 antiqui
1401 812 1690 882 ignorant.

16 939 19 974 ρ
58 902 116 957 In
142 901 275 956 I’Art
299 899 363 954 de
387 901 610 970 vériﬁer
640 901 715 954 te:
756 899 906 955 dates
927 899 1174 972 Hedwig
1234 899 1355 954 ﬁlia
1401 900 1693 972 Arnulphi

16 1030 19 1064 ί
57 990 188 1061 ἱωρ.
220 987 453 1056 dicitur,
477 1003 511 1044 a
530 987 800 1044 Tenzelio
824 986 1138 1060 Luitgarda
1152 987 1693 1046 nominata.Verum

59 1077 507 1149 Eccard(Frane.
541 1077 633 1132 0r.
661 1080 702 1133 t.
739 1077 806 1143 II,
841 1094 898 1148 p.
930 1076 1054 1146 609)
1102 1075 1306 1132 multis
1353 1078 1563 1149 probat
1605 1077 1698 1132 Ot-

16 1207 18 1242 ξ
59 1166 204 1222 tonis
222 1165 535 1238 oonjugem
558 1164 741 1220 filiam
763 1164 945 1220 fuisse
971 1163 1174 1219 Giselae
1197 1169 1254 1220 et
1274 1165 1695 1234 Everardi,ma-

16 1297 19 1332 ᾗ
60 1254 201 1310 xime
236 1269 303 1310 ex
330 1253 467 1308 Vita
497 1252 880 1308 Hathumodm
915 1252 1070 1309 288
1115 1252 1421 1309 abbatissaa
1479 1253 1697 1309 sororis

16 1399 18 1420 μ
60 1343 311 1414 ejusdem
333 1341 566 1397 Ottonis
585 1341 775 1412 ducis,
797 1341 898 1412 qui
916 1340 1136 1396 ibidem
1161 1357 1391 1410 regnum
1408 1346 1622 1412 neptem
1638 1341 1698 1396 in

16 1475 18 1508 λ
60 1431 419 1488 matrimonio
446 1429 726 1486 habuisse
755 1429 1004 1500 legitur;
1032 1446 1170 1502 ergo
1207 1447 1322 1485 non
1381 1429 1584 1486 ﬁliam.
1634 1431 1698 1486 In

16 1591 17 1596 η
58 1519 380 1592 Neerologio
412 1517 689 1575 Fuldensi
722 1535 817 1573 an.
845 1518 950 1573 903
977 1518 1196 1574 obiisse
1227 1522 1461 1574 notatur
1515 1519 1702 1574 Hada-

59 1609 204 1682 wiga
232 1607 560 1675 comitissa,
590 1623 768 1679 quam
800 1607 1066 1662 eamdem
1098 1607 1281 1662 fuisse
1324 1608 1697 1673 arbitramur.

58 1700 186 1771 Ejus
213 1697 398 1754 altera
431 1713 596 1754 soror
623 1701 765 1751 natu
797 1697 987 1766 major
1015 1695 1074 1750 iu
1105 1696 1293 1767 patris
1350 1701 1702 1753 testamento

59 1791 279 1843 notatur
305 1785 560 1841 Juditha
589 1785 842 1841 Conradi
873 1785 895 1840 Ι
917 1785 1070 1856 regis
1092 1785 1238 1850 avia,
1271 1790 1338 1840 ut
1357 1785 1481 1840 vult
1503 1787 1704 1841 Eccer-

1801 650 1894 687 an.
1926 633 2032 687 913
2058 638 2230 689 natus
2261 633 2454 690 fuerit.
2485 634 2683 690 Alium
2715 639 2911 691 autem
2946 636 3315 710 investiganti
3349 642 3439 698 lu-

1801 722 1944 776 bens
1975 723 2296 792 acquiesco.

1873 812 1900 876 §
1933 810 2046 865 XV.
2071 810 2302 867 Diutius
2342 812 2622 867 hactenus
2662 813 2721 866 in
2752 812 3099 870 illustrando
3155 817 3440 877 Chronico

1805 901 2001 952 nostro
2014 899 2084 953 de
2107 889 2296 969 prima
2316 900 2790 971 Brigantinorum
2815 901 3094 959 comitum
3118 906 3341 977 origine
3364 908 3444 965 la-

1804 985 2306 1057 boravimus,quin
2330 993 2524 1042 tamen
2549 988 2780 1044 illorum
2812 1005 2939 1060 qua:
2971 993 3324 1062 protulimus
3346 1014 3440 1053 va-

1804 1075 1906 1129 des
1938 1091 2041 1130 nos
2076 1079 2439 1146 praestemus.
2477 1077 2618 1132 Rem
2650 1077 2904 1134 adducta
2925 1088 3271 1151 argumenta
3294 1086 3445 1142 deci-

1805 1163 1965 1228 dant,
1999 1180 2123 1234 quae
2156 1164 2320 1219 novis
2350 1164 2468 1220 fors
2492 1166 2883 1235 producendis
2929 1167 3297 1228 documentis
3345 1180 3449 1230 aut

1808 1251 2084 1317 refellere,
2117 1257 2218 1307 aut
2248 1255 2528 1324 majorem
2553 1254 2610 1308 in
2643 1253 2830 1310 lucem
2872 1257 3157 1314 deducere
3199 1263 3447 1319 eruditis

1807 1341 2010 1396 eodem
2046 1343 2215 1397 modo
2246 1342 2493 1398 liberum
2525 1348 2668 1407 esto,
2701 1360 2816 1414 quo
2835 1361 3007 1402 sensa
3037 1353 3234 1404 nostra
3255 1355 3312 1405 et
3331 1353 3449 1424 opi-

1809 1429 2012 1484 niones
2029 1430 2152 1485 sine
2167 1431 2474 1500 cujusdam
2495 1432 2827 1502 praajudicio
2843 1434 3018 1489 unius
3035 1434 3450 1509 investigandae

1807 1517 2066 1572 historiae
2099 1519 2290 1572 studio
2325 1518 2438 1573 illis
2487 1519 2888 1590 proponimus,
2949 1522 3091 1592 quin
3150 1525 3452 1598 scriptoris

1811 1607 1995 1661 nostri
2033 1608 2426 1662 narrationem
2487 1608 2704 1678 ubique
2753 1613 2811 1663 et
2863 1611 3149 1682 praecipue
3205 1631 3340 1670 mox
3393 1616 3452 1672 in

1809 1695 2042 1750 exordio
2073 1695 2457 1750 vindicemus.
2494 1697 2553 1750 ld
2614 1696 2819 1752 saltem
2881 1699 3052 1754 nobis
3105 1705 3458 1771 persuadere

1810 1783 1965 1837 haud
2001 1783 2318 1854 possimus,
2350 1782 2520 1838 illum
2571 1789 2672 1841 aut
2717 1801 2785 1839 ex
2834 1785 3182 1857 ignorantia,
3239 1796 3345 1848 aut
3392 1799 3457 1850 ut

61 1876 162 1931 dus
184 1875 244 1946 (ι.
276 1891 346 1943 c.,
371 1891 436 1946 p.
470 1873 616 1944 824),
652 1873 808 1929 unde
830 1873 924 1928 hic
947 1873 1122 1929 etiam
1153 1889 1259 1928 ceu
1284 1873 1582 1945 proximus
1609 1874 1705 1930 Ca-
1735 1911 1782 1974 B
1814 1870 2043 1974 familiae
2069 1876 2234 1974 [aetate
2263 1888 2370 1926 sua
2406 1872 2598 1926 adhuc
2629 1872 2856 1928 ﬂorenti
2907 1875 3261 1946 adularetur,
3315 1881 3457 1938 talia

58 1963 335 2035 roliugicae
365 1961 606 2017 familia:
627 1966 878 2034 agnatus
912 1962 1237 2017 Germaniae
1272 1978 1516 2034 regnum
1548 1963 1696 2017 obti-

65 2052 198 2107 nuit.
219 2050 653 2107 Tertiamillius
672 2067 935 2106 sororem
969 2049 1374 2123 Ingiltrudem,
1409 2051 1468 2104 in
1500 2051 1703 2107 eodem

65 2143 397 2196 testamento
430 2141 846 2204 memoratam,
873 2154 942 2193 ex
973 2137 1178 2193 matris
1228 2139 1431 2194 Gisela:
1481 2139 1702 2208 charta,

69 2245 150 2283 an.
179 2228 301 2295 870,
334 2225 650 2282 monialem
687 2225 947 2282 fuissein
980 2227 1184 2283 eodem
1215 2227 1540 2282 Cisoniensi
1579 2244 1702 2282 mo-

69 2314 621 2373 nasterioexistimat
639 2315 931 2371 Eccardus
953 2316 1012 2386 (ι.
1039 2331 1112 2385 c.,
1136 2333 1170 2387 p
1199 2316 1326 2385 610)
1353 2333 1365 2381 ;
1401 2317 1554 2387 quod
1572 2332 1705 2372 vero

71 2405 283 2460 admitti
317 2404 547 2476 nequit,
579 2420 712 2458 cum
737 2407 964 2475 supra§
995 2405 1058 2457 10
1079 2420 1147 2457 ex
1188 2402 1507 2458 Flodoardo
1529 2421 1704 2476 appa-

71 2498 184 2549 reat
212 2491 558 2548 Hucholdus
589 2491 785 2547 nescio
813 2491 912 2563 qui
933 2494 1137 2546 sororis
1159 2491 1447 2562 Rodulpbi
1479 2493 1708 2548 abbatis

70 2580 413 2637 Gisomensis
433 2581 694 2635 maritus.
720 2581 863 2635 Cum
895 2579 1075 2652 igitur
1097 2579 1382 2650 praedictae
1413 2580 1708 2650 duaeejus-

71 2669 190 2724 dem
219 2685 471 2736 sorores,
505 2685 607 2724 seu
640 2667 844 2724 Giselaa
878 2667 1007 2723 filiae
1039 2667 1185 2724 alios
1215 2667 1527 2723 habuerint
1583 2685 1704 2722 ma-

71 2758 223 2826 ritos,
249 2757 606 2813 alterutrum
637 2757 1036 2828 consequitur,
1070 2755 1157 2811 vel
1177 2755 1567 2829 Ingeltrudem
1599 2762 1710 2811 ter-

74 2847 199 2902 tiam
231 2846 484 2903 istarum
518 2862 779 2902 sororem
808 2843 1125 2900 monialem
1154 2844 1311 2899 haud
1347 2845 1549 2916 fuisse,
1608 2850 1711 2900 aut

73 2939 326 3006 quartam
359 2935 420 2990 in
453 2937 810 2990 testamento
829 2934 1108 2990 omissam
1132 2934 1325 2990 adhuc
1347 2951 1474 2990 esse
1494 2935 1564 2989 ad
1575 2935 1707 2988 mit-

74 3024 317 3093 tendam,
350 3024 437 3078 uti
473 3039 654 3094 supra
711 3023 760 3095 (ξ
793 3023 878 3093 11)
921 3024 991 3078 de
1038 3022 1240 3094 quinto
1297 3023 1487 3078 adhuc
1537 3024 1710 3077 fratre

74 3111 325 3168 Udalrico
355 3111 666 3183 conjectati
699 3128 928 3166 sumus.

135 3204 209 3255 Ex
234 3201 543 3272 praimisso
573 3203 769 3256 autem
805 3204 1117 3256 stemmate
1139 3204 1288 3271 patet
1324 3217 1441 3271 qua
1490 3200 1712 3256 ratione

1813 1959 2034 2030 absque
2066 1959 2444 2014 fundamento
2474 1965 2530 2015 et
2558 1976 2625 2014 ex
2664 1962 2898 2016 cerebro
2945 1965 3276 2036 contingere
3334 1969 3456 2024 sive

1812 2046 2065 2102 voluisse
2088 2047 2206 2102 sive
2226 2047 2504 2119 potuisse,
2539 2048 2681 2119 quin
2713 2049 2981 2105 falsitatis
3013 2053 3280 2110 admissas
3329 2056 3450 2127 pia-

1815 2135 1945 2191 culo
1977 2153 2037 2190 se
2059 2140 2376 2206 exponeret
2395 2153 2460 2192 eo
2483 2141 2744 2208 tempore
2768 2155 2882 2209 quo
2904 2141 3107 2195 eadem
3141 2143 3364 2201 familia
3392 2145 3452 2202 in

1815 2224 2014 2296 plures
2046 2241 2240 2280 ramos
2271 2225 2458 2280 divisa
2486 2225 2824 2280 adhucdum
2884 2228 3131 2300 vigebat,
3193 2233 3455 2304 adeoque

1815 2312 2025 2368 melius
2039 2330 2214 2385 quam
2234 2331 2390 2369 nunc
2412 2315 2482 2368 de
2511 2331 2646 2368 vera
2669 2315 2796 2385 ejus
2828 2316 3048 2387 origine
3079 2323 3344 2376 constare
3367 2323 3460 2378 de-

1816 2401 1960 2455 buit.
1986 2401 2460 2473 Brigantinorum
2495 2402 2702 2457 saltem
2734 2404 3014 2459 comitum
3049 2423 3179 2461 cum
3201 2410 3458 2466 Carolin-

1816 2489 1962 2561 gicis
1980 2489 2213 2561 regibus
2229 2491 2536 2561 sanguinis
2554 2492 3049 2562 propinquitatem
3081 2500 3240 2550 extra
3284 2497 3454 2552 dubi-

1819 2579 2093 2649 umponit
2115 2595 2265 2649 sznpe
2287 2579 2530 2633 citatum
2564 2581 2831 2634 Ludovici
2855 2582 3181 2637 Germanici
3201 2585 3461 2656 diploma

1818 2667 1953 2721 anni
1983 2667 2108 2730 867,
2142 2683 2256 2737 quo
2291 2667 2621 2722 Udalricum
2648 2667 2879 2723 illarum
2903 2671 3155 2740 partium
3187 2677 3458 2733 comitem

1817 2764 2060 2826 nepotem
2085 2771 2246 2809 suum
2268 2755 2776 2825 compellat,cujus
2801 2758 3038 2827 quidem
3073 2761 3353 2816 rationem
3377 2763 3462 2817 in-

1815 2844 2100 2914 vestigare
2130 2843 2434 2932 hucusque
2459 2843 2676 2914 duplici
2709 2844 2798 2899 via
2847 2848 3219 2904 tentavimus.
3265 2850 3462 2921 Neque

1817 2949 1951 2988 vero
1982 2937 2234 2987 stemma
2265 2931 2421 2986 istud
2455 2931 2591 2986 olim
2626 2938 2745 2988 tam
2778 2933 3000 2990 celebre
3032 2935 3273 3008 aliaeque
3327 2939 3464 2996 inde

1820 3022 2236 3077 descendentes
2260 3020 2474 3075 discuti
2493 3021 2636 3075 satis
2667 3027 2967 3092 poterunt,
3001 3026 3254 3080 maxime
3279 3028 3352 3082 ob
3379 3032 3464 3084 tot

1821 3109 2198 3182 cognomines
2216 3107 2539 3180 Udalricos,
2565 3111 2718 3180 quod
2744 3128 2953 3167 nomen
2979 3129 3048 3167 ex
3070 3131 3185 3168 una
3209 3114 3267 3170 in
3283 3115 3457 3170 aliam

1825 3198 2105 3254 familiam
2140 3198 2212 3252 ob
2235 3203 2558 3252 contractas
2580 3199 2896 3256 affinitates
2919 3201 3155 3258 ﬂuxisse
3210 3204 3460 3273 videtur,

73 3289 123 3342 S.
154 3288 504 3346 Gebhardus
526 3289 584 3343 in
609 3288 893 3345 Chronico
919 3294 1116 3344 nostro
1133 3305 1314 3361 nepos
1335 3289 1561 3344 dicatur
1591 3295 1709 3344 tam
1743 3273 1785 3340 C
1825 3288 2005 3343 donec
2029 3286 2283 3358 genuina
2313 3285 2546 3341 interim
2572 3288 2942 3356 producenda
2971 3289 3321 3348 documenta
3340 3309 3462 3349 rem

74 3377 358 3450 Hedwigis
390 3377 666 3444 ducissae,
699 3394 877 3449 quam
923 3377 1190 3432 Adalardi
1249 3378 1714 3434 Buochronensis

74 3467 313 3536 comitis,
347 3466 868 3538 consanguinitate
898 3471 1148 3531 tantum,
1174 3483 1288 3521 non
1311 3467 1484 3521 etiam
1517 3467 1715 3539 gradi-

76 3554 173 3609 bus
186 3555 572 3628 computatis.
589 3554 865 3617 Quamvis
879 3555 1034 3609 enim
1054 3555 1111 3609 in
1127 3555 1346 3610 chartis
1377 3560 1434 3610 et
1466 3555 1716 3610 maxime

77 3642 492 3715 diplomatibus
514 3642 612 3697 illa
630 3643 918 3715 graduum
934 3643 1229 3697 distinctio
1247 3643 1591 3714 plerumque
1611 3643 1720 3698 sal-

78 3733 184 3786 tem
205 3733 379 3788 fuerit
395 3733 726 3800 observata,
746 3731 860 3786 alia
883 3736 1076 3786 tamen
1099 3731 1505 3786 chronicorum
1525 3731 1716 3786 medio

79 3836 181 3876 (evo
209 3822 355 3877 ratio
388 3821 524 3892 fuit,
545 3837 793 3892 puerum
826 3821 1139 3892 scriptores
1180 3837 1339 3875 more
1396 3820 1717 3875 etiamnum

82 3908 281 3965 usitato
309 3926 524 3965 omnes
554 3909 685 3964 illos
708 3913 932 3980 nepotes
953 3908 1244 3981 appellare
1273 3913 1714 3977 consueverunt,

83 3997 169 4067 qui
183 3999 389 4071 quovis
401 4000 578 4054 modo
593 3998 1005 4070 consanguinei
1022 4001 1123 4053 aut
1138 3999 1342 4054 affines
1355 3998 1531 4054 etiam
1553 4002 1723 4054 erant

81 4099 140 4139 ex
167 4089 369 4144 eadem
403 4088 589 4160 stirpe
637 4088 1076 4143 descendentes.
1121 4086 1325 4142 Utrum
1379 4104 1511 4142 vero
1567 4087 1720 4142 inter

77 4171 444 4233 Udalricuml
479 4177 888 4249 Brigantinum
920 4181 977 4232 et
1019 4176 1272 4231 Uzonem
1304 4177 1362 4231 S.
1424 4176 1716 4232 Gebhardi

71 4267 274 4332 patrem
311 4265 432 4320 alia
465 4265 659 4319 adhuc
689 4264 986 4337 generatio
1040 4265 1115 4320 sit
1171 4263 1500 4332 inserenda,
1561 4281 1714 4334 mox,

70 4351 94 4417 §
122 4353 202 4419 t6,
231 4354 650 4410 discutiemus.

129 4441 233 4497 Sed
265 4443 430 4498 allud
455 4442 654 4498 adhuc
685 4442 935 4498 dubium
969 4459 1036 4498 ex
1067 4441 1356 4497 Chronico
1388 4447 1585 4498 nostro
1617 4460 1716 4499 su-

71 4536 268 4599 perest,
303 4533 465 4604 quod
500 4531 810 4588 Udalricus
871 4548 1067 4587 comes
1119 4533 1178 4586 in
1228 4532 1554 4599 Buochorn,
1615 4533 1716 4586 ubi

75 4618 256 4674 sedem
288 4637 465 4676 suam
501 4621 675 4675 etiam
707 4621 931 4686 habuit,
974 4636 1089 4675 non
1131 4620 1452 4693 Suevigena
1511 4621 1712 4685 fuisse,

75 4707 162 4760 sed
191 4707 248 4763 in
279 4714 442 4765 terra
471 4710 776 4782 longinqua
807 4709 1104 4765 habitasse
1134 4709 1391 4776 dicatur;
1425 4710 1716 4781 quomodo

75 4795 216 4851 enim
239 4815 353 4854 non
378 4797 712 4868 Suevigena
731 4797 920 4863 fuerit,
943 4797 1040 4868 qui
1071 4796 1130 4850 in
1162 4796 1465 4852 Buochorn
1490 4797 1714 4852 habita-

75 4880 274 4942 tionem
298 4887 517 4943 habuit
547 4891 569 4942 ?
597 4887 761 4950 Quod
783 4885 1020 4957 quidem
1055 4885 1223 4940 aliter
1255 4884 1397 4940 solvi
1431 4885 1586 4940 haud
1612 4903 1716 4957 po-

77 4973 174 5027 test
201 4991 378 5047 quam
415 4976 465 5031 si
501 4975 769 5031 dicamus
803 4975 958 5029 hunc
989 4975 1242 5030 Suevum
1273 4973 1498 5046 origine
1558 4974 1715 5029 haud

81 5057 268 5132 fuisse,
298 5066 404 5121 sed
440 5080 580 5119 cum
608 5064 948 5136 Brigantino
978 5063 1037 5118 in
1068 5062 1176 5118 has
1203 5067 1386 5118 terras
1415 5063 1719 5120 advenisse

82 5161 141 5203 ex
156 5154 301 5209 terra
322 5153 674 5226 longinqua,
697 5153 795 5208 ubi
814 5152 978 5224 prius
1026 5151 1404 5218 habitaverat,
1436 5150 1720 5222 illumque

79 5234 218 5295 haud
250 5259 489 5316 semper
519 5241 577 5296 in
611 5241 939 5308 Buochorn,
974 5240 1071 5295 ubi
1105 5242 1301 5296 sedem
1336 5239 1716 5307 habebat,sed

81 5325 190 5384 etin
205 5329 415 5386 Norico
439 5330 753 5396 resedisse,
769 5329 850 5384 ibi
876 5331 1053 5385 etiam
1075 5329 1297 5384 ditatus
1320 5329 1572 5400 praediis,
1591 5345 1717 5398 qua:

83 5423 263 5474 contra
285 5420 603 5491 Hungaros
625 5418 828 5474 iterato
851 5419 1198 5474 defensurus
1217 5423 1420 5490 captus
1435 5421 1554 5472 est:
1575 5417 1719 5472 forte

82 5507 441 5564 natoibidem
475 5507 656 5563 etiam
674 5507 790 5562 filio
823 5507 1132 5573 Adulardo,
1161 5507 1473 5578 quipostea
1488 5506 1719 5577 Brigan-

79 5591 207 5652 tinis
233 5595 505 5674 cognatis
540 5595 667 5651 suis
697 5595 850 5652 bona
877 5611 986 5652 sua
1015 5594 1072 5648 in
1105 5594 1364 5667 Hargove
1411 5593 1716 5662 concessit,

79 5680 404 5748 Gebehardo
435 5682 711 5744 fortassis
742 5684 896 5746 984
926 5684 1176 5742 necdum
1218 5683 1488 5758 episcopo
1514 5700 1527 5751 ;
1561 5682 1715 5756 quod

1826 3377 1884 3430 in
1912 3375 2173 3448 apricum
2189 3374 2480 3429 deducant
2504 3393 2516 3440 ;
2547 3376 2700 3445 quod
2721 3381 2914 3430 autem
2929 3381 3127 3447 optare
3145 3395 3322 3448 quam
3337 3396 3466 3451 spe-

1826 3480 1951 3520 rare
1965 3463 2191 3518 facilius
2205 3467 2312 3528 est,
2333 3479 2464 3517 cum
2481 3463 2689 3517 veteris
2709 3463 3059 3519 Alemannis}
3092 3467 3308 3522 scrinia
3327 3467 3466 3524 hinc

1826 3554 1960 3607 inde
1989 3552 2235 3606 nimium
2271 3551 2462 3606 adhuc
2485 3551 2602 3606 sint
2632 3552 2949 3616 obserrata,
2983 3554 3194 3624 partim
3221 3557 3466 3613 funestis

1827 3642 2110 3700 bellorum
2132 3645 2190 3695 et
2213 3640 2901 3697 motuumintestinorum
2923 3643 3158 3700 casibus
3191 3644 3464 3718 expilata,

1827 3731 2067 3803 disjecia
2095 3734 2152 3784 ct
2173 3730 2470 3784 distracta.
2739 3798 2743 3802 '

1898 3825 1924 3890 §
1954 3821 2094 3875 XVI.
2123 3842 2150 3869 ‹‹
2182 3821 2262 3874 Ex
2291 3819 2468 3888 hujus
2499 3842 2525 3868 ››
2559 3818 2752 3890 itaque
2787 3819 3036 3877 Udalrici
3093 3845 3119 3872 «
3157 3823 3399 3890 semine,
3439 3848 3460 3876 ι

1827 3914 1892 3966 ut
1922 3910 2109 3981 pergit
2138 3907 2481 3973 Chronicon,
2517 3930 2544 3958 ‹‹
2578 3913 2750 3963 natus
2780 3913 2868 3964 est
2898 3909 3042 3964 Uzzo
3075 3911 3206 3981 pius
3227 3915 3285 3966 et
3303 3927 3470 3968 vene-

1826 3998 2029 4055 rabilis
2055 4013 2268 4062 comes,
2303 3997 2402 4067 qui
2434 3995 2903 4068 habitabatapud
2927 3998 3312 4068 Brigantium,
3342 3999 3468 4056 loco

1829 4088 1927 4160 qui
1949 4086 2140 4142 adhuc
2170 4084 2370 4140 ruinas
2412 4085 2663 4154 antiqua:
2687 4084 3064 4140 habitationis
3097 4087 3290 4141 habet.
3328 4088 3472 4143 »Αδ-

1826 4177 1964 4231 hinc
1991 4175 2166 4230 etiam
2181 4174 2360 4228 intrat
2393 4174 2607 4228 sccund
2621 4190 2716 4227 um
2731 4172 3079 4245 genealogize
3094 4174 3272 4245 hujus
3292 4180 3474 4248 syste-

1827 4283 1924 4321 ma
1941 4265 2185 4336 supra,§
2207 4262 2663 4334 3,propositum,
2697 4279 2764 4316 ex
2793 4280 2908 4333 quo
2939 4267 3132 4318 tamen
3168 4264 3471 4322 Udalricus

1826 4356 1920 4410 hic
1954 4372 2048 4409 an.
2092 4355 2196 4407 867
2228 4369 2296 4407 ex
2327 4352 2444 4406 filio
2467 4369 2645 4423 nepos
2676 4355 2906 4406 tantum
2936 4352 3142 4407 fuisset
3171 4353 3471 4412 Udalricil

1823 4442 2194 4515 Argengovize
2225 4459 2316 4495 an.
2351 4441 2455 4494 802
2475 4439 2706 4496 comitis
2746 4439 2897 4496 285
2930 4445 2986 4494 et
3028 4441 3223 4497 fratris
3275 4441 3468 4498 Hilde-

1825 4533 2023 4604 gardis
2055 4530 2466 4601 reginaa,juvia
2499 4534 2752 4584 stemma
2785 4529 3002 4583 ibidem
3035 4529 3471 4588 exhibitum.Ex

1747 4641 1794 4705 D
1826 4620 2092 4675 Chronici
2121 4635 2290 4690 porro
2323 4617 2506 4673 nostri
2537 4616 2866 4672 narratione
2897 4617 3236 4688 ambiguum
3269 4618 3470 4685 si,fue-

1827 4714 1964 4764 runt
1990 4707 2295 4763 Udalricus
2328 4706 2437 4762 iste
2458 4707 2756 4778 proximus
2788 4710 2953 4777 pater
2985 4706 3216 4773 Uzonis,
3281 4724 3353 4762 an
3403 4723 3473 4764 ex

1829 4798 1948 4853 filio
1975 4800 2366 4852 avustantum
2385 4813 2396 4861 ;
2417 4801 2663 4867 utroque
2686 4797 2840 4850 enim
2859 4796 3026 4851 modo
3059 4794 3306 4867 intelligi
3337 4813 3470 4867 pos-

1831 4890 1969 4942 sunt
1997 4883 2249 4939 Annales
2282 4883 2484 4938 nostri.
2522 4883 2609 4937 Nil
2634 4901 2764 4939 vero
2786 4885 3018 4940 obstare
3048 4883 3278 4940 videtur
3326 4886 3473 4957 quin

1831 4975 1942 5030 Uzo
1967 4973 2121 5027 ﬁlius
2156 4971 2328 5026 fuerit
2359 4970 2545 5041 ipsius
2580 4971 2829 5028 Udalrici
2858 4973 3089 5028 comitis
3147 4973 3206 5028 in
3255 4979 3474 5045 Argeu-

1829 5079 1993 5136 gewe
2025 5078 2118 5116 an.
2138 5061 2242 5113 867
2269 5059 2326 5112 in
2361 5059 2633 5114 Ludovici
2664 5061 2992 5116 Germanici
3024 5061 3342 5132 diplomate
3367 5079 3470 5119 no-

1828 5151 1933 5207 tati
1959 5169 1971 5204 :
1997 5149 2249 5204 maxime
2272 5147 2321 5202 si
2346 5147 2498 5202 idem
2520 5137 2836 5203 fueritcum
2870 5149 3138 5206 Udalrico
3171 5151 3382 5208 comite
3411 5151 3472 5212 in

1833 5241 2154 5310 Linzgewe,
2189 5237 2287 5307 qui
2313 5253 2501 5307 usque
2531 5237 2602 5292 ad
2635 5254 2726 5292 an.
2763 5238 2866 5292 922
2896 5240 3147 5294 occurrit
3169 5240 3224 5294 in
3254 5239 3473 5306 chartis

1829 5329 1983 5401 apud
2019 5327 2077 5383 P.
2105 5326 2392 5397 Hcrrgott.
2423 5325 2713 5380 Posterius
2772 5325 2881 5382 hoc
2935 5327 3178 5383 suadere
3235 5329 3474 5398 possent

1828 5419 1982 5473 bona
2004 5417 2154 5470 infra
2175 5413 2214 5468 1.
2238 5431 2254 5468 ι
2277 5419 2771 5486 cnumeruta,quze
2793 5415 3136 5471 Gebhardus
3167 5431 3232 5469 ex
3261 5427 3466 5484 paren-

1827 5509 1953 5560 tum
1983 5502 2354 5559 successione
2376 5501 2577 5557 habuit
2599 5501 2875 5574 pleraque
2907 5504 2965 5558 in
2987 5518 3132 5574 pago
3163 5501 3468 5568 Linzgowe

1829 5595 1943 5650 sita
1973 5612 1987 5663 ;
2023 5593 2193 5665 cujus
2217 5592 2357 5647 adeo
2383 5590 2625 5648 comites
2655 5590 2835 5646 fuisse
2864 5592 3134 5646 videntur
3155 5585 3282 5654 ejus
3330 5599 3463 5656 pm-

1827 5681 2142 5759 geniteres,
2175 5677 2355 5740 simul
2387 5684 2446 5740 et
2466 5678 2784 5752 adiacentis
2811 5681 3186 5751 Argengewe.
3238 5669 3296 5728 in
3344 5685 3462 5752 quq
