3866 6372
415 429 524 489 291

1105 423 1500 487 APPENDIX
1543 424 1645 486 AD
1689 422 2134 486 CHRONIGON
2181 423 2602 486 HERMANNI
2647 421 3121 487 CONTRACTI.
3683 425 3766 488 292

412 561 568 618 idem
591 561 706 616 Uzo
737 559 793 616 S.
825 557 1112 614 Gebhardi
1136 563 1302 631 pater
1329 558 1366 613 l.
1401 575 1438 624 ι,
1465 577 1521 612 n.
1549 559 1602 613 6.
1629 557 2054 628 Lindaugiense
2087 558 2136 622 Α
2165 574 2231 612 ac
2261 557 2532 613 districtu
2561 557 2908 614 Mosskirch.
2959 558 3184 615 Noatur
3215 555 3490 631 pagellus
3524 555 3768 616 Goldines-

416 649 838 705 monasterium
870 648 994 704 suis
1023 663 1090 702 ex
1122 647 1351 718 prmdiis
1382 646 1652 702 nobiliter
1675 647 1892 700 ditasse
1913 645 2056 700 dici-

2165 646 2413 701 huntare
2447 647 2504 700 in
2528 645 2808 701 comitatu
2835 645 3088 702 Udalrici
3111 645 3353 702 comitis
3411 646 3470 700 in
3511 645 3770 717 diplomate

413 742 531 804 tur,
565 737 780 793 ibidem
803 737 977 793 etiam
998 734 1345 802 tumulatus,
1374 735 1528 806 quod
1555 734 1758 790 nullibi
1790 733 1934 790 alias
1965 749 2058 789 me
2167 733 2438 789 Ludovici
2469 733 2799 790 Germanici
2817 751 2912 790 an.
2945 735 3052 789 854
3087 736 3248 807 apud
3283 739 3348 789 P.
3377 734 3640 807 Herrgott
3655 737 3766 804 n.56,

414 825 628 899 legisse
651 825 910 880 memini.
933 823 1034 878 Illa
1053 828 1247 878 autem
1273 823 1410 878 dicti
1436 822 1912 878 coenobiidotatio
1925 838 2056 876 con-

414 913 704 986 signanda
731 913 959 970 videtur
979 917 1108 982 post
1139 928 1230 965 an.
1267 910 1394 975 948,
1415 927 1531 981 quo
1546 911 1714 980 juxta
1771 914 2052 965 Herman-

413 1020 554 1058 nunl
575 998 1169 1072 Lindaugiaincendio
1183 1002 1528 1069 consumpta
1539 1003 1626 1053 est
1638 998 1708 1051 ab
1725 1002 2052 1052 Hermanno

411 1088 764 1145 Alemanniae
778 1089 923 1142 duce
947 1105 960 1156 ;
976 1087 1068 1142 cui
1083 1085 1454 1141 restituendae
1470 1085 1686 1156 praedia
1703 1102 1810 1140 sua
1831 1085 2052 1156 impen-

411 1179 560 1234 derit
575 1177 708 1245 Uzo,
733 1175 1094 1248 sepulturam
1113 1189 1282 1230 suam
1313 1173 1393 1229 ibi
1425 1178 1633 1230 nactus
1657 1177 1786 1244 post
1805 1177 2048 1228 mortem

409 1283 586 1339 quam
619 1266 773 1322 haud
799 1263 982 1319 multo
1013 1263 1368 1335 postobiisse
1390 1261 1609 1328 debuit,
1631 1278 1764 1316 cum
1787 1263 1914 1332 ejus
1945 1260 2049 1315 ﬁlii

406 1355 445 1410 l.
474 1372 524 1410 c.
557 1351 1102 1422 n.7defunctisjam
1125 1350 1466 1422 parentibus
1487 1349 1881 1404 haereditatem
1900 1349 2050 1403 inter

407 1461 470 1500 se
500 1443 820 1508 diviserint,
855 1457 920 1496 ac
932 1439 1140 1495 saltem
1163 1439 1288 1509 jam
1305 1454 1454 1492 anno
1477 1437 1580 1492 958
1598 1437 2048 1493 Gebhardusbo-

406 1549 617 1587 norum
648 1547 885 1586 suorum
913 1527 1238 1583 dominium
1263 1526 1681 1598 propriumque
1702 1526 2044 1580 advocatum

405 1621 694 1678 habuerit.
731 1617 829 1674 Illo
860 1621 1012 1671 certe
1033 1632 1183 1670 anno
1215 1619 1314 1668 aut
1343 1618 1620 1685 sequente
1646 1618 1913 1670 mortuus
1959 1619 2048 1670 est

405 1709 702 1766 Alawicus
731 1705 1039 1778 Augiensis
1072 1705 1273 1768 abbas,
1301 1719 1552 1774 quocum
1593 1719 1659 1757 ex
1691 1720 1746 1758 n.
1784 1704 1844 1756 11
1907 1719 2043 1758 con-

405 1798 700 1856 cambium
725 1795 858 1850 iniit
878 1793 1242 1850 Gebhardus.
1265 1792 1450 1860 Hujus
1467 1791 1643 1846 frater
1655 1792 1849 1847 senior
1869 1791 2041 1846 Udal-

404 1887 560 1943 ricus
591 1903 684 1940 an.
717 1885 823 1938 955
841 1881 1213 1978 praelioapud
1233 1882 1556 1951 Augustam
1588 1883 1790 1978 contra
1815 1879 2044 1978 Iiunga-
2075 1912 2121 1978 B

405 1993 498 2031 ros
516 1977 676 2046 gesto
709 1970 988 2036 interfuit,
1011 1969 1164 2024 unde
1183 1969 1251 2023 de
1281 1973 1446 2023 aetate
1471 1967 1654 2039 patris
1684 1968 1812 2037 ejus
1835 1968 2042 2024 Uzonis

393 2065 662 2136 judicare
688 2061 841 2116 licet.
873 2059 1038 2113 Hunc
1066 2056 1262 2112 Lazius
1292 2055 1598 2122 Ethonem,
1631 2057 1872 2111 Crusius
1909 2072 2042 2112 vero

401 2151 688 2209 Uthonem
721 2148 1006 2214 nominat,
1039 2162 1106 2201 ex
1136 2161 1438 2216 perperam
1483 2144 1704 2200 scilicet
1747 2143 1894 2199 lecto
1943 2149 2044 2199 aut

401 2235 911 2296 intellectoUzonis
925 2235 1159 2290 nomine
1189 2237 1286 2288 :ut
1315 2239 1466 2288 recte
1485 2232 2038 2301 Tenzeliusjudicat,

402 2345 470 2384 ex
501 2327 670 2396 cujus
701 2325 876 2380 etiam
900 2329 1092 2377 mente
1123 2321 1257 2386 Uzo,
1281 2321 1430 2376 Uozo
1456 2325 1512 2376 et
1545 2324 1706 2374 Huzo
1751 2337 1882 2376 cum
1939 2337 2038 2376 no-

403 2416 560 2472 mine
591 2411 857 2468 Udalrico
889 2425 1212 2481 synonyma
1233 2413 1389 2463 sunt.
1419 2409 1566 2464 Uzor
1594 2408 1772 2477 hujus
1832 2408 2041 2464 Uzonis

403 2521 499 2560 seu
535 2507 720 2558 mater
749 2500 808 2555 S.
837 2497 1124 2554 Gebhardi
1149 2497 1468 2566 Dietburga
1497 2496 1864 2552 nobilissima
1910 2497 2038 2568 qui-

401 2595 532 2649 dem
565 2591 624 2646 in
648 2587 928 2644 Chronico
948 2585 1179 2650 dicitur,
1205 2585 1345 2655 quin
1373 2584 1536 2639 ullibi
1571 2585 1698 2654 ejus
1736 2601 1921 2656 genus
1951 2602 2042 2640 ex-

401 2682 707 2756 primatur,
741 2677 895 2748 quod
927 2675 1070 2729 forte
1110 2674 1184 2728 ob
1223 2674 1628 2744 cognominem
1682 2674 1739 2727 S.
1787 2673 2038 2728 Udalrici

401 2767 744 2842 Augustiani
775 2763 1030 2836 episcopi
1059 2767 1304 2816 matrem
1327 2761 1385 2816 in
1403 2761 1611 2816 Suevia
1633 2767 1689 2816 et
1718 2760 2040 2832 Dilingensi

400 2858 640 2924 familia,
684 2859 786 2910 aut
804 2853 977 2908 etiam
1001 2852 1058 2905 in
1090 2850 1431 2905 Alemannis
1460 2867 1560 2904 seu
1585 2851 1872 2921 Turgovia
1890 2867 2043 2921 quas-

399 2948 647 3004 rendum
678 2947 786 2998 est.
819 2940 964 3005 Quid
999 2939 1050 2994 si
1104 2938 1394 2994 Adelberti
1443 2938 1688 2994 senioris
1745 2940 2038 3011 Turgoviea

400 3033 631 3091 comitis
663 3029 782 3086 ﬁlia
815 3027 1066 3084 luisset?

469 3127 501 3196 ᾗ
531 3119 699 3178 XVII.
735 3115 1192 3184 Quatuoriuisse
1225 3113 1435 3169 Uzonis
1468 3113 1617 3169 ﬁlios
1649 3113 2036 3171 solusiterum

399 3217 598 3270 noster
634 3206 927 3265 annalista
985 3204 1197 3276 prodit,
1250 3203 1390 3257 dum
1449 3203 1772 3258 econtrario
1837 3205 2038 3260 Lazius

285 3299 292 3306 ’
402 3300 708 3372 οωιθτίᾳυθ
729 3294 962 3352 nonnisi
985 3293 1224 3348 unicum
1257 3291 1626 3347 Gebhardum
1675 3293 1884 3348 Ethoni
1933 3310 2034 3350 seu

399 3390 576 3448 Uzoni
611 3387 794 3443 ﬁlium
817 3384 1108 3449 tribuunt,
1131 3381 1398 3438 Udalrico
1420 3385 1614 3436 autem
1649 3381 2034 3454 primogenito

399 3478 631 3552 penitus
651 3475 868 3531 omisso
897 3470 1262 3526 Lantfridum
1284 3470 1436 3525 286
1467 3485 1534 3524 ex
1557 3469 1796 3542 Hugone
1829 3470 2036 3526 Uzonis

398 3585 500 3626 seu
530 3563 774 3622 Ethonis
825 3562 998 3616 fratre
1045 3561 1410 3630 procreatum
1475 3562 1760 3626 statuunt,
1811 3563 2034 3630 patrem

398 3652 920 3726 Marquardi:que
949 3646 1148 3702 omnia
1207 3646 1382 3701 etiam
1434 3646 1739 3702 'I‘enzclius
1771 3649 1849 3716 (p.
1908 3651 2036 3719 276)

397 3761 500 3800 seu
545 3739 747 3797 ﬁctitia
801 3736 1006 3807 rejicit,
1057 3738 1374 3804 nostroque
1431 3733 1698 3805 scriptori
1759 3737 2034 3792 standum

396 3831 706 3890 existimat.
741 3825 990 3882 Omnino
1019 3823 1171 3880 enim
1201 3821 1504 3878 Gebhardo
1536 3822 1744 3878 fratres
1774 3823 2038 3896 assignat

397 3923 526 3994 ipsa
556 3919 682 3990 ejus
707 3913 1040 3971 donationis
1071 3911 1273 3967 charta
1303 3909 1341 3964 Ι.
1377 3927 1414 3976 I,
1447 3927 1506 3964 n.
1538 3911 1593 3977 9,
1627 3912 1909 3982 quajuris
1945 3912 2032 3968 sui

395 4008 834 4084 proprietatem,
868 4017 1043 4074 quam
1075 4003 1381 4072 parentum
1415 3998 1782 4056 successione
1800 3999 1858 4056 in
1889 4017 2036 4074 pago

395 4098 676 4167 Linzgove
693 4097 748 4149 et
761 4091 897 4147 alibi
913 4089 1136 4155 habuit,
1163 4103 1296 4143 cum
1319 4103 1606 4142 consensu
1639 4087 1882 4144 fratrum
1903 4107 2036 4145 suo-

394 4201 526 4242 rum
539 4184 608 4240 ad
625 4180 932 4237 Ecclesium
955 4177 1457 4234 Constantiensem
1473 4177 1812 4233 tradidit.De
1827 4179 2040 4249 primo-

395 4273 592 4348 genito
617 4269 828 4326 Uzonis
860 4267 979 4322 ﬁlio
1005 4264 1272 4321 Udalrico
1293 4251 1509 4336 praeter
1541 4281 1796 4337 pugnam
1837 4269 2040 4338 Augu-

399 4368 652 4431 stanam,
675 4359 764 4415 cui
799 4375 892 4414 an.
925 4357 1031 4412 855
1067 4351 1352 4422 interfuit,
1395 4353 1476 4408 nil
1539 4353 1695 4408 aliud
1755 4359 2044 4412 memorat

398 4452 681 4525 scriptor:
716 4447 867 4522 patri
897 4442 1094 4502 tamen
1125 4443 1184 4498 in
1209 4441 1488 4498 comitatu
1511 4442 1866 4500 successisse
1885 4445 2041 4500 vide-

389 4547 508 4609 tur,
541 4555 699 4605 cum,
729 4537 812 4593 uti
840 4535 1128 4598 videmus,
1182 4531 1328 4586 alter
1371 4547 1474 4586 seu
1537 4531 1926 4604 Marguardus
1981 4534 2040 4590 in

2163 823 2318 878 unde
2335 838 2552 894 pagum
2573 821 2732 877 hunc
2761 838 2832 878 ex
2853 826 3098 894 paterna
3117 823 3340 878 Uzonis
3369 828 3430 878 et
3451 823 3540 878 avi
3575 823 3768 879 Udalrici

2162 909 2496 966 haereditate
2525 909 2850 966 obtinuisse
2873 911 3105 966 videtur
3133 911 3570 982 Marquardus:
3599 911 3660 968 de
3684 927 3765 984 quo

2161 997 2330 1069 plura
2361 997 2612 1070 reperire
2643 997 2800 1054 haud
2845 997 3030 1065 licuit,
3055 1000 3228 1069 cujus
3273 1003 3514 1070 tempus
3561 1013 3656 1054 seu
3697 1015 3768 1054 an-

2159 1103 2274 1142 nus
2303 1087 2412 1141 996
2440 1087 2658 1159 optime
2675 1087 2950 1142 convenit
2967 1103 3102 1142 cum
3121 1086 3222 1143 illo
3246 1085 3769 1144 S.Gebhardifratris

2159 1175 2251 1230 sui
2281 1193 2376 1230 an.
2405 1175 2510 1228 995
2531 1175 2810 1230 defuncti.
2841 1179 2919 1230 Ex
2963 1175 3091 1247 ipso
3133 1179 3342 1231 autem
3393 1176 3504 1232 hoc
3541 1175 3770 1231 comitatu

2157 1281 2284 1330 suo,
2317 1262 2496 1318 simul
2527 1267 2583 1318 et
2599 1267 2862 1334 tempore
2881 1262 3148 1320 diversus
3177 1279 3316 1320 esse
3375 1264 3651 1320 evincitur
3702 1263 3770 1318 hic

2155 1351 2544 1423 Marquardus
2573 1369 2608 1406 a
2632 1353 2999 1424 cognomine,
3033 1352 3134 1424 qui
3163 1368 3272 1408 ceu
3326 1369 3526 1409 comes
3583 1353 3770 1408 Rhastis

2154 1440 2450 1496 Curiensis
2501 1443 2736 1494 notatur
2778 1440 2836 1494 in
2897 1439 3220 1512 diplomate
3267 1441 3520 1498 Conradi
3560 1440 3606 1497 Il
3658 1439 3768 1512 imp.

2153 1545 2258 1599 pro
2288 1529 2639 1584 monasterio
2662 1527 2998 1584 Fabariensi
3031 1547 3127 1584 an.
3155 1531 3302 1585 1032
3331 1530 3491 1602 apud
3545 1529 3768 1586 eumdem

2153 1617 2214 1672 P.
2249 1617 2519 1688 Herrgott
2547 1634 2604 1672 n.
2641 1619 2764 1671 171.
2794 1616 3076 1672 Ultimum
3099 1617 3259 1674 hunc
3297 1618 3572 1674 Luitfridi
3617 1616 3770 1672 fratris

2153 1706 2211 1761 S.
2247 1705 2536 1761 Gebhardi
2561 1704 2744 1760 ﬁlium
2761 1705 2968 1761 statuit
2991 1705 3288 1777 Lazius,et
3311 1707 3462 1763 forte
3491 1706 3638 1762 haud
3659 1705 3770 1761 adeo

2151 1810 2489 1864 perperam:
2523 1793 2792 1864 quamvis
2841 1793 2998 1849 enim
3030 1795 3288 1867 scriptor
3319 1799 3522 1851 noster
3571 1795 3769 1850 unicum

2151 1881 2324 1936 istius
2354 1881 2622 1936 Luitfridi
2656 1880 2844 1936 ﬁlium
2865 1880 3252 1938 Adelbertum
3277 1878 3766 1950 commemoret,nil

2151 1974 2346 2024 tamen
2381 1969 2574 2024 obstat
2605 1969 2926 2041 quominus
2956 1969 3106 2026 alios
3135 1971 3337 2026 adhuc
3367 1971 3582 2028 habere
3609 1974 3772 2043 potue-

2151 2057 2244 2112 rit.
2277 2057 2426 2121 Quin
2443 2074 2510 2112 ex
2547 2057 2708 2112 Lazio
2737 2057 3090 2114 Adelbertus
3119 2059 3230 2115 iste
3263 2076 3372 2116 seu
3405 2057 3763 2129 Albertus,qui

2151 2145 2210 2200 in
2241 2145 2448 2217 Apulia
2479 2145 2774 2214 occubuit,
2800 2161 2916 2200 non
2953 2145 3220 2202 Luitt'ridi
3283 2148 3467 2216 ﬁlius,
3523 2147 3618 2203 sed
3671 2146 3762 2200 ﬁlio

2151 2233 2312 2303 Marq
2323 2234 2502 2288 uardo
2517 2249 2694 2304 nepos
2712 2233 3018 2289 fuisset.Et
3033 2251 3170 2290 vero
3183 2241 3453 2308 spectata
3481 2239 3765 2307 temporum

2151 2320 2626 2377 rationedifﬁcile
2673 2321 2994 2377 admodum
3053 2327 3144 2378 est
3193 2323 3580 2380 Adelbertum
3621 2323 3766 2379 istum

2149 2409 2336 2464 ﬁlium
2365 2409 2554 2464 dicere
2585 2409 2879 2477 Luitfridi,
2905 2411 3076 2480 cujus
3109 2411 3295 2467 frater
3319 2413 3624 2468 Udalricus
3666 2411 3766 2482 jam

2149 2515 2243 2553 an.
2275 2499 2382 2552 955
2397 2497 2667 2552 militiam
2691 2499 3068 2569 sequebatur.
3095 2500 3240 2555 287
3283 2503 3410 2567 Quo
3439 2501 3613 2573 igitur
3630 2498 3767 2553 modo

2148 2585 2492 2641 Adelbertus
2523 2587 2651 2657 ejus
2673 2603 2742 2642 ex
2765 2587 2941 2642 fratre
2963 2604 3144 2659 nepos
3167 2589 3372 2644 adhuc
3383 2588 3768 2662 expeditionem

2149 2679 2270 2729 tam
2303 2677 2588 2730 remotam
2609 2675 2909 2746 suscipere
2941 2677 3135 2746 potuit
3164 2683 3305 2748 post
3336 2679 3624 2750 integrum
3677 2676 3768 2730 fere

2151 2762 2450 2829 saeculum,
2484 2762 2705 2818 scilicet
2743 2781 2838 2818 an.
2897 2765 3056 2831 1053,
3106 2781 3223 2836 quo
3279 2766 3604 2822 infaustum
3653 2762 3768 2818 illud

2149 2851 2460 2906 Leonile
2491 2850 2710 2906 bellum
2763 2856 2965 2907 contra
3016 2853 3426 2912 Nortmannos
3477 2859 3616 2910 teste
3659 2852 3768 2908 Her-

2149 2957 2364 2995 manno
2387 2943 2727 3011 susceptum
2759 2945 2870 3006 est,
2901 2939 2962 2995 in
2994 2957 3110 3012 quo
3143 2943 3358 3014 optimi
3389 2961 3458 3000 ex
3494 2942 3680 3000 Suavis
3725 2941 3768 2994 et

2147 3028 2370 3083 Noricis
2401 3045 2498 3082 xxv
2528 3026 2651 3084 Kal.
2677 3027 2820 3084 Julii
2855 3029 3221 3086 occubuere?
3251 3033 3543 3089 Caeterum
3581 3032 3644 3088 de
3683 3030 3764 3084 hoc

2150 3119 2494 3187 argumento
2515 3115 2782 3171 videatur
2804 3133 3042 3188 quoque
3069 3135 3226 3191 saepe
3249 3120 3470 3177 citatus
3482 3118 3766 3178 'I‘enzelius.

2149 3221 2206 3276 p.
2233 3206 2359 3268 284,
2393 3203 2490 3259 ubi
2523 3204 2697 3259 ﬁdem
2730 3221 2936 3260 rursus
2961 3205 3140 3262 habet
3187 3210 3416 3265 nostris
3461 3207 3764 3272 Annalibus,

2069 3267 2110 3333 C
2149 3267 2290 3348 dum
2323 3267 2642 3348 stabilitam
2674 3293 2892 3349 ibidem
2925 3295 3196 3350 Luitfridi
3253 3298 3652 3371 genealogiam
3685 3267 3766 3350 ad;

2145 3380 2574 3454 optat.Utrique
2586 3382 2822 3436 demum
2839 3381 2976 3438 huic
2987 3387 3146 3455 Marq
3157 3387 3342 3442 nardo
3375 3388 3576 3443 tertius
3594 3402 3656 3441 ex
3667 3381 3766 3438 Bri-

2145 3470 2404 3542 gantinis
2435 3471 2838 3526 accensendus
2869 3471 3124 3538 videtur,
3157 3473 3231 3530 de
3255 3491 3378 3546 quo
3409 3473 3762 3534 Burckardus,

2146 3560 2217 3614 de
2243 3575 2359 3614 cas.
2383 3562 2439 3612 S.
2461 3557 2695 3624 Galli,c.
2715 3560 2772 3625 7,
2803 3559 2864 3614 in
2879 3559 3158 3616 Udalrico
3181 3563 3256 3618 III
3290 3564 3354 3620 S.
3389 3563 3536 3622 Galli
3589 3561 3764 3619 abbate

2146 3649 2228 3703 ita
2257 3646 2459 3702 scribit
2489 3647 2789 3717 (Goaoas'r,
2815 3653 2858 3701 t.
2895 3649 2938 3714 Ι,
2974 3666 3030 3720 p.
3065 3651 3196 3722 72):
3233 3675 3262 3702 ‹‹
3315 3657 3644 3710 Commotus
3687 3647 3764 3704 ab-

2145 3737 2318 3792 bas...
2353 3733 2650 3805 quoddam
2673 3733 2818 3790 satis
2849 3735 3151 3792 munitum
3200 3739 3516 3796 castellum
3561 3739 3762 3797 nomine

2146 3823 2470 3880 Marchtorf
2493 3838 2626 3877 cum
2657 3823 2869 3878 comite
2901 3823 3180 3882 Ottone...
3205 3829 3559 3901 expugnavit
3577 3834 3630 3885 et
3653 3845 3758 3885 suc--

2145 3913 2378 3970 cendit:
2411 3909 2776 3982 Brigantium
2795 3911 3099 3984 oppidum,
3141 3914 3499 3988 Marquardo
3553 3917 3758 3974 nobilis-

2147 4002 2296 4057 simo
2311 4000 2630 4055 Suevorum
2645 4003 2834 4071 capto,
2851 4002 3180 4059 combussit
3203 4029 3218 4071 ς
3239 4027 3260 4054 α
3285 4007 3448 4077 quod
3471 4008 3537 4062 ad
3553 4003 3758 4062 an.iO79

2145 4090 2232 4146 vel
2257 4092 2596 4161 sequentem
2621 4089 2888 4160 pertinet.
2919 4091 3031 4145 Iste
3051 4095 3250 4148 autem
3268 4093 3645 4168 Marquardus
3661 4091 3759 4148 Bri-

2147 4179 2425 4253 gantinus
2457 4192 2652 4232 comes
2681 4177 2754 4232 ad
2789 4177 3042 4235 Udalrici
3063 4180 3262 4236 fratris
3291 4183 3354 4238 S.
3391 4183 3666 4240 Gebhardi
3685 4197 3762 4254 po-

2148 4273 2338 4324 steros
2357 4265 2444 4322 vel
2465 4270 2707 4337 nepotes
2721 4265 3014 4337 pertinere
3033 4273 3244 4340 potest.
3259 4271 3344 4327 Ex
3357 4273 3468 4329 hoc
3485 4267 3764 4330 Burcherdi

2149 4354 2492 4413 testimonio
2525 4353 2656 4408 Otto
2687 4370 2882 4410 comes
2915 4356 3292 4429 Brigantinus
3323 4361 3626 4430 eruitur,in
3645 4355 3765 4415 schi-

2153 4449 2342 4502 smate
2369 4441 2662 4514 pontiﬁcis
2681 4443 2947 4514 partibus
2969 4445 3268 4516 addictus;
3293 4466 3466 4507 secus
3487 4449 3630 4507 enim
3642 4447 3765 4504 hanc

2153 4533 2378 4590 cladem
2403 4531 2560 4586 haud
2591 4529 2830 4586 tulisset
2859 4532 2932 4586 ab
2983 4532 3252 4590 Udalrico
3297 4537 3512 4594 abbate
3563 4532 3765 4592 Cesaris

391 4623 1103 4703 pagoGoldinishundere,
1139 4619 1458 4674 Luitfridus
1487 4637 1618 4675 vero
1677 4620 1733 4674 in
1780 4621 2038 4677 Winter-
2073 4623 2117 4686 D
2153 4624 2399 4678 fautore.
2436 4621 2516 4674 Ex
2545 4619 2832 4674 Bernoldo
2865 4624 3062 4676 tamen
3085 4623 3348 4681 auctiora
3377 4627 3568 4698 (infra,
3619 4629 3658 4680 t.
3709 4621 3763 4686 ll,

389 4719 532 4774 thur
559 4715 800 4772 comites
821 4712 1056 4768 fuerint.
1075 4715 1154 4764 Ac
1179 4709 1322 4764 forte
1355 4709 1404 4764 is
1431 4709 1554 4780 ipse
1583 4715 1674 4764 est
1703 4709 2042 4766 Vodalricus

390 4821 609 4872 eomes,
641 4819 814 4875 quem
855 4816 1009 4856 anno
1038 4799 1142 4852 978
1207 4797 1443 4867 obiisse,
1477 4797 1682 4853 scribit
1737 4799 2037 4870 Hepidan-

391 4911 504 4950 nus
532 4893 592 4948 in
623 4891 748 4947 suis
777 4887 1126 4944 Annalibus.

461 4985 489 5050 §
519 4979 714 5035 XVIII.
747 4977 1134 5046 Marquarvtus
1165 4975 1360 5046 itaque
1389 4973 1533 5030 alter
1565 4973 1772 5030 Uzonis
1797 4975 1952 5032 ﬁlius
1975 4977 2033 5030 in

391 5067 649 5127 amicitia
669 5066 898 5121 Ottonis
929 5064 1296 5135 imperatoris
1317 5063 1635 5134 plurimum
1659 5065 2032 5136 potuit.0tto-

391 5173 527 5216 nem
549 5155 644 5211 hic
669 5154 906 5210 tertium
951 5151 1206 5206 nominis
1234 5151 1407 5207 istius
1429 5151 1712 5224 intelligo,
1745 5153 2034 5225 Briganti-

391 5261 602 5304 norum
632 5261 700 5301 ex
729 5258 908 5314 supra
937 5239 1192 5296 exhibito
1223 5242 1534 5310 systemate
1553 5245 1888 5312 cognatum,
1931 5242 2030 5313 qui

389 5332 726 5407 Marquardi
755 5328 984 5386 comitis
1013 5327 1341 5380 interventu
1373 5327 1411 5380 S
1443 5327 1748 5385 Gebhardo
1802 5347 1872 5385 an
1927 5332 2033 5386 993

391 5425 654 5499 quaedam
681 5418 896 5493 praedia
917 5415 1152 5469 donavit
1170 5413 1224 5464 in
1263 5431 1407 5482 pago
1429 5415 2028 5487 Goldinneshuudore,

389 5515 488 5589 qui
521 5513 582 5570 in
615 5501 988 5589 diplomate],
1009 5519 1044 5589 i.
1079 5517 1136 5562 η.
1159 5501 1228 5589 ξὶὸ
1255 5502 1566 5589 coniitatus
1589 5504 1920 5575 Marquardi
1953 5509 2032 5563 .ii-

387 5583 557 5660 citur.
582 5593 880 5658 Besselius
891 5589 949 5643 in
965 5583 1244 5643 Chronico
1257 5586 1634 5648 Gottwicensi
1647 5591 1682 5646 h
1693 5608 1802 5649 unc
1815 5611 2031 5667 pagum

385 5693 612 5780 partem
633 5682 774 5766 pagi
795 5673 1060 5750 Hegoviae
1079 5675 1270 5750 vocat,
1297 5673 1358 5736 in
1413 5675 1628 5741 ducatu
1676 5680 2030 5772 Alemannis

2157 4711 2228 4766 ad
2255 4727 2348 4764 an.
2383 4707 2544 4778 4077)
2576 4707 2824 4763 ominari
2845 4707 2982 4764 licet
3007 4710 3278 4768 Ottonem
3304 4713 3462 4771 hunc
3479 4715 3624 4770 dicto
3643 4721 3765 4768 anno

2155 4799 2348 4856 adhuc
2378 4795 2648 4852 Heinrico
2672 4797 2790 4868 regi
2824 4797 3306 4869 adhaesisse,cum
3329 4803 3763 4876 Ottoniepiscopo

2148 4885 2590 4944 Constantiensi
2609 4885 2940 4942 schismaco
2957 4887 3305 4947 Constantia
3347 4893 3586 4965 profugo
3602 4889 3762 4964 perfu-

2147 4976 2307 5050 gium
2335 4975 2393 5030 in
2419 4979 2610 5030 castro
2643 4991 2746 5030 suo
2777 4975 3002 5031 dederit
3025 4995 3038 5032 :
3059 4995 3404 5052 quanquam
3429 4981 3578 5038 brevi
3597 4981 3764 5052 postea

2145 5065 2217 5120 ob
2251 5067 2473 5119 motum
2505 5062 2800 5134 Rudolphi
2832 5064 3193 5123 anticzesaris
3225 5069 3404 5126 aliam
3437 5073 3672 5126 mentem
3689 5063 3764 5118 in-

2146 5153 2361 5208 duerit.
2391 5153 2568 5222 Cujus
2589 5151 2724 5206 dein
2747 5152 2994 5224 vestigia
3015 5171 3251 5228 quoque
3273 5153 3761 5230 pressitUdalricus

2147 5242 2273 5313 ejus
2305 5241 2482 5310 filius,
2509 5245 2576 5294 ut
2603 5239 2778 5306 intra,
2811 5241 2842 5313 §
2868 5242 2940 5296 23
2971 5247 3032 5298 et
3061 5245 3152 5312 24,
3186 5245 3534 5305 videbimus.

2215 5331 2243 5402 ἕ
2275 5329 2411 5384 ΧΙΧ.
2447 5327 2624 5384 Porro
2653 5328 2884 5400 egregie
2915 5329 2986 5385 de
3015 5331 3264 5390 historia
3297 5337 3512 5394 meruit
3547 5332 3761 5404 scriptor

2145 5422 2360 5482 noster,
2378 5418 2516 5472 dum
2538 5417 3023 5476 Vitodurensium
3045 5423 3327 5480 comitum
3349 5425 3408 5481 in
3431 5418 3759 5480 Winterthur

2144 5508 2430 5580 originem
2463 5507 2687 5576 pandit,
2721 5507 3005 5566 hactenus
3027 5512 3174 5568 satis
3205 5511 3758 5585 obscuram,propter-

2142 5613 2210 5654 ea
2239 5613 2274 5652 a
2303 5593 2630 5664 Fuesslino,
2681 5599 2724 5650 ι.
2783 5596 2878 5664 IV,
2929 5615 2986 5670 p.
3039 5601 3140 5657 186
3191 5617 3316 5675 seq.
3375 5602 3566 5662 debita
3615 5591 3758 5654 laude

2142 5687 2460 5748 mactatus.
2495 5682 2636 5745 Inde
2691 5683 2850 5756 enim
2885 5686 3172 5758 discimus
3231 5689 3458 5756 celebro
3501 5687 3630 5774 olim
3669 5683 3757 5768 1399
