3866 6328
64 387 180 448 293

879 382 1326 446 CHRONICON
1371 381 2092 448 PETERSHUSANUM.
2129 419 2205 429 --
2240 385 2406 447 ΡΗΟι

1126 382 1326 446 lICON
1371 381 2092 448 PETERSHUSANUM.
2129 419 2205 429 --
2240 383 2653 447 PROCEMIA.

3347 385 3467 450 294

67 516 366 591 Turgoviaa
399 519 661 574 castrum
689 531 822 572 cum
853 516 980 571 suis
1006 516 1365 588 appendiciis
1397 517 1455 573 in
1471 519 1572 589 jus
1595 517 1712 573 Bri-
1741 521 1795 586 Α
1824 517 2116 573 indicasse
2144 521 2478 584 contentus,
2530 517 2630 589 qui
2661 534 2768 573 suo
2817 521 3076 588 tempore
3124 517 3464 573 comitatum

67 606 442 682 gantinorum
461 605 743 661 comitum
761 603 1140 672 concessisse,
1161 607 1334 675 atque
1349 605 1409 660 in
1427 606 1714 662 bonorum

69 696 352 752 divisione
377 693 669 749 Luitfrido
689 693 748 748 S.
774 692 1063 749 Gebhardi
1088 692 1250 747 fratri
1273 693 1551 766 obtigisse
1576 711 1588 749 :
1613 693 1712 765 qui

69 785 293 858 primus
321 783 466 838 adeo
497 797 695 838 comes
737 782 808 837 de
849 779 1194 835 Vinterthur
1244 797 1374 835 saec.
1406 799 1442 836 x
1470 782 1714 852 exstitit,

70 873 220 928 unde
249 869 386 926 dein
411 869 810 943 Kiburgenses
841 884 1074 940 quoque
1095 867 1452 940 prodierunt.
1486 869 1712 925 Testem

71 960 240 1017 etiam
253 958 436 1029 hujus
453 957 535 1012 rei
552 957 839 1014 habemus
853 956 1300 1025 Hartmannum,
1317 957 1374 1010 in
1390 961 1430 1010 A
1442 956 1717 1012 nnalibus

75 1047 281 1119 Eremi)
303 1046 406 1118 qui
437 1047 510 1102 de
548 1045 902 1112 Hermanno,
945 1044 1016 1100 ab
1055 1061 1149 1098 an.
1194 1045 1330 1100 1053
1363 1061 1548 1116 usque
1582 1045 1720 1099 1065

74 1138 276 1194 abbate
317 1134 706 1202 Einsidlensi,
732 1151 800 1190 ex
823 1132 1216 1189 monumentis
1239 1133 1576 1190 domesticis
1598 1134 1717 1188 haec

75 1226 279 1282 refert:
303 1247 331 1274 «
358 1225 499 1280 Erat
521 1240 589 1279 ex
609 1222 924 1279 comitibus
947 1221 1345 1287 Vitoduranis,
1370 1222 1470 1294 qui
1505 1223 1718 1277 Kibur-

75 1331 206 1388 gum
240 1313 417 1369 etiam
450 1311 782 1378 condidere,
812 1315 870 1365 et
901 1309 1293 1381 Kiburgenses
1324 1310 1395 1364 ab
1441 1327 1508 1366 eo
1541 1311 1719 1366 deno-

77 1402 274 1459 minati
308 1405 472 1458 sunt.
504 1400 721 1456 Habuit
752 1400 961 1454 fratres
994 1397 1370 1464 Luitfridum,
1403 1399 1502 1470 qui
1524 1399 1718 1471 ipsum

79 1491 224 1548 288
256 1493 444 1546 morte
492 1491 890 1561 praecesserat,
935 1490 991 1541 et
1039 1485 1414 1542 Adelbertum
1463 1491 1588 1542 tum
1619 1504 1720 1543 co-

80 1581 346 1636 mitatum
407 1577 943 1634 administrantem.
1000 1597 1029 1624 »
1074 1574 1180 1640 Qui
1231 1592 1299 1630 ex
1344 1575 1722 1631 Vitoduranis

81 1669 301 1742 primus
329 1667 511 1724 fuerit
541 1665 716 1722 castri
740 1663 1122 1736 Kiburgensis
1143 1663 1424 1732 conditor,
1451 1665 1720 1735 equidem

83 1774 190 1813 non
222 1759 490 1823 constat;
539 1754 686 1810 forte
716 1757 910 1807 tamen
942 1751 1098 1806 haud
1144 1751 1394 1806 multum
1423 1752 1723 1818 aberrarit,

84 1845 177 1919 qui
208 1846 265 1900 id
299 1844 540 1900 cuidam
574 1841 828 1942 ﬁliorum
861 1840 1132 1940 huitfridi
1164 1841 1335 1947 primi
1367 1840 1723 1947 "Vitodurani.
1759 1883 1806 1947 Β

10 1983 11 1988 η
85 1933 309 1992 comitis
343 1930 712 2004 ascripserit,
745 1934 846 1985 aut
877 1927 986 2000 ipsi
1014 1931 1192 1984 etiam
1225 1928 1531 1995 Luitfrido,
1568 1950 1595 1980 ‹‹
1626 1929 1724 2000 qui

87 2021 246 2094 plura
275 2019 510 2094 peculia
537 2017 929 2092 congregavit.
967 2038 995 2066 »
1017 2016 1297 2087 Displicet
1315 2016 1423 2072 hoc
1443 2017 1727 2089 Stumpfio

10 2101 12 2104 ’
85 2111 142 2166 in
193 2109 476 2166 Chronico
507 2108 570 2180 (l.
603 2125 659 2176 v,
705 2123 755 2162 o.
809 2106 898 2178 30)
955 2104 1224 2177 aliisque,
1286 2106 1384 2178 qui
1444 2106 1727 2178 originem

10 2249 12 2254 .
91 2198 254 2254 castri
282 2201 336 2254 et
368 2195 656 2252 comitum
687 2195 758 2250 de
790 2194 1014 2266 Kiburg
1034 2193 1160 2263 jam
1194 2194 1265 2249 ad
1315 2193 1591 2250 saeculum
1625 2211 1727 2251 no-

10 2339 13 2358 λ
93 2303 221 2342 num
253 2285 537 2342 referunt.
564 2286 698 2350 Quae
719 2299 851 2339 vero
887 2281 1104 2338 nullius
1136 2282 1417 2338 momenti
1440 2297 1568 2339 esse
1598 2300 1727 2339 sus-

10 2365 14 2372 ’
93 2375 226 2430 tinet
258 2374 317 2429 P.
353 2373 601 2445 Hergott
647 2371 888 2445 (Geneal.
939 2370 1169 2437 Habsb.,
1218 2372 1262 2441 t,
1315 2371 1354 2437 Ι,
1405 2370 1443 2425 l.
1497 2387 1534 2438 ι,
1567 2387 1616 2426 c.
1649 2371 1727 2444 9,)

10 2465 14 2524 ζ
94 2479 218 2519 cum
248 2479 465 2518 nomen
499 2461 828 2532 Kiburgum
858 2459 950 2514 vix
980 2475 1044 2514 ac
1090 2474 1160 2514 ne
1206 2458 1298 2512 vix
1328 2459 1566 2529 quidem
1597 2464 1731 2516 ante

10 2541 16 2618 ξ
94 2551 315 2608 initium
337 2569 420 2607 xu
443 2548 644 2606 saeculi
678 2549 740 2605 in
762 2547 1193 2619 antiquioribus
1224 2548 1624 2604 monumentis
1643 2565 1732 2604 oc-

10 2625 15 2700 ί
96 2644 298 2698 currat.
322 2641 441 2697 Hoc
463 2645 663 2695 tamen
686 2639 757 2693 de
779 2636 996 2692 chartis
1009 2638 1293 2692 duntaxat
1314 2635 1535 2692 dictum
1556 2643 1726 2707 puto:

90 2731 204 2799 jam
227 2729 381 2785 enim
405 2729 480 2784 ad
511 2744 607 2783 an.
634 2727 773 2782 1720
797 2725 1165 2781 Hermannus
1185 2725 1528 2780 Contractus
1549 2726 1732 2799 Cuyn-

11 2809 15 2858 ἶ
98 2818 235 2891 burg
253 2821 519 2873 castrum
543 2813 907 2870 Wsrenharii
936 2812 1166 2868 comitis
1181 2829 1215 2867 a
1230 2813 1491 2868 Conrado
1515 2813 1562 2868 II
1588 2814 1728 2886 imp.

10 2899 14 2978 ς
101 2909 323 2977 captum
354 2903 586 2969 scribit,
621 2916 797 2974 quem
845 2899 1282 2956 Werinharium
1331 2901 1402 2956 ad
1453 2918 1546 2956 an.
1594 2902 1735 2958 4030

10 2989 12 2992 ’
102 2996 262 3064 caput
302 2991 646 3049 rebellionis
705 2994 908 3046 contra
953 2989 1236 3044 Caesarem
1295 2989 1568 3062 appellat,
1619 3009 1733 3064 quo

10 3141 12 3158 ἰ
102 3083 262 3137 etiam
294 3098 448 3138 anno
481 3081 544 3136 in
572 3078 770 3153 praelia
800 3079 953 3135 circa
982 3078 1190 3133 silvam
1212 3083 1473 3134 nostram
1498 3080 1733 3137 Martia-

10 3165 12 3232 ξ
104 3187 227 3226 nam
250 3186 384 3227 cum
408 3171 657 3226 Ernesto
679 3167 1032 3224 Alemannis:
1055 3167 1200 3223 duce
1241 3168 1529 3224 occubuit.
1563 3169 1640 3226 De
1669 3187 1735 3228 eo

1823 606 2273 662 administrabat
2297 623 2309 660 :
2338 608 2507 676 cujus
2539 608 2714 662 etiam
2737 605 2993 676 reliquos
3037 605 3241 660 fratres
3263 606 3468 674 tacuit,

1823 711 1956 750 cum
1988 694 2085 750 isti
2117 696 2187 750 ad
2219 695 2615 768 genealogiam
2649 695 2806 750 haud
2836 694 3240 766 pertinuerint,
3289 711 3464 766 quam

1824 781 2095 854 deinceps
2128 783 2517 855 prosequitur.

1897 870 2048 926 289
2079 870 2108 942 ἕ
2133 871 2245 925 ΧΧ.
2282 871 2622 926 Adalbertus
2648 872 2845 943 igitur,
2871 888 2970 926 seu
2997 871 3290 926 Albertus.
3316 871 3471 926 Luit-

1825 958 1954 1013 fridi
1980 959 2153 1030 primi
2177 960 2520 1014 Vitodurani
2546 960 2776 1015 comitis
2802 960 2919 1015 sive
2947 959 3125 1025 filius,
3167 959 3286 1015 sive
3307 976 3469 1015 vero-

1825 1046 2078 1102 similius
2143 1065 2342 1119 nepos,
2411 1048 2654 1103 ultimus
2703 1049 2878 1104 simul
2925 1048 3034 1103 fuit
3081 1049 3360 1104 comitum
3409 1049 3469 1103 in

1826 1135 2197 1191 Winterthur
2250 1141 2307 1191 et
2352 1137 2578 1208 Kiburg
2625 1154 2691 1192 ex
2740 1137 3213 1208 Brigantinorum
3263 1137 3468 1209 stirpe,

1828 1223 2062 1279 nonnisi
2093 1224 2213 1278 filia
2243 1224 2559 1280 Adelbeide
2579 1224 2796 1280 relicta.
2822 1225 2981 1280 Hanc
3001 1225 3292 1281 Adalberti
3325 1226 3473 1280 ami-

1827 1316 1947 1368 tam
1982 1313 2117 1367 facit
2146 1313 2372 1376 Lazius,
2406 1330 2660 1368 sororem
2687 1313 2906 1368 scilicet
2931 1314 3262 1385 Marquardi
3290 1314 3472 1384 patris

1832 1400 2009 1466 illius,
2044 1401 2303 1472 adeoque
2333 1402 2468 1456 dicti
2504 1401 2771 1456 Luitfridi
2818 1402 3018 1469 filiam,
3053 1402 3243 1473 qualis
3273 1406 3470 1457 tamen

1830 1493 2160 1560 temporum
2196 1493 2454 1561 spectata
2497 1490 2720 1544 ratione
2769 1490 2947 1545 fuisse
3000 1491 3222 1562 nequit.
3272 1491 3476 1546 Nescio

1832 1593 1972 1633 sane
2001 1594 2071 1630 an
2105 1593 2218 1632 non
2253 1578 2344 1632 hic
2379 1584 2577 1632 nostro
2611 1579 2892 1649 scriptore
2915 1579 3109 1651 aliqua
3131 1579 3324 1634 subsit
3345 1595 3473 1650 per-

1834 1681 2110 1720 sonarum
2142 1665 2425 1732 confusio,
2461 1670 2524 1719 ut
2553 1680 2622 1720 ex
2659 1666 2889 1721 duobus
2938 1667 3326 1739 Marquardis,
3361 1683 3476 1723 uno

1835 1769 2044 1825 nempe
2081 1752 2272 1819 fratre,
2301 1753 2482 1808 altero
2507 1753 2623 1808 lilio
2649 1754 2931 1819 Luitfridi,
2956 1756 3111 1825 quod
3128 1757 3253 1826 jam
3301 1773 3480 1828 supra

1837 1840 2116 1912 suspicati
2165 1858 2395 1906 sumus,
2444 1842 2685 1896 unicum
2733 1846 2961 1897 tantum
3017 1844 3235 1909 fecerit,
3294 1844 3374 1900 uti
3423 1849 3482 1900 et

1838 1945 2018 1984 unum
2044 1929 2330 1984 duntaxat
2354 1929 2699 1984 Luitfridum
2726 1946 2793 1984 ex
2815 1931 3066 1996 duobus,
3088 1936 3251 2003 patre
3270 1948 3478 2004 nempe

1836 2033 1938 2073 ceu
1962 2017 2208 2084 seniore,
2232 2021 2288 2072 et
2311 2017 2431 2073 filio
2455 2034 2556 2072 seu
2591 2018 2875 2074 Luitfrido
2903 2019 3156 2089 juniore,
3183 2019 3480 2075 Adalberti

1836 2109 1893 2160 et
1914 2105 2226 2160 Hermanni
2253 2106 2479 2161 abbatis
2495 2106 2686 2172 fratre,
2705 2123 2851 2178 quos
2865 2124 3042 2177 supra
3069 2108 3480 2178 produximus,

1837 2193 2143 2264 Utcunque
2189 2209 2324 2248 vero
2381 2194 2476 2261 sit,
2528 2199 2681 2249 recte
2725 2195 2963 2250 omnino
3014 2195 3180 2250 addit
3227 2195 3478 2252 Lazius:

1839 2303 1867 2331 «
1915 2280 2290 2337 Adelbeidem
2338 2286 2582 2353 nuptam
2634 2283 2816 2338 fuisse
2863 2283 3225 2339 Hartmanno
3278 2285 3477 2340 comiti

1837 2369 2181 2442 Dilingensi,
2202 2370 2294 2425 cui
2320 2387 2422 2442 pro
2444 2371 2576 2426 dote
2593 2371 2963 2426 Winterthur
2985 2375 3042 2426 et
3059 2372 3480 2445 Kiburgensem

1838 2458 2178 2514 comitatum
2199 2458 2428 2526 attulit;
2455 2475 2589 2513 nam
2614 2463 2786 2514 antea
2807 2459 3274 2531 Brigantinorum
3300 2461 3482 2517 comi-

1837 2551 1963 2602 tum
1997 2547 2047 2602 is
2078 2547 2264 2603 fuerit.
2299 2569 2320 2595 ι
2369 2547 2552 2618 Igitur
2581 2547 2837 2618 primum
2870 2564 2973 2619 per
3019 2548 3128 2604 hoc
3181 2551 3484 2605 matrimo-

1839 2636 2004 2691 nium
2028 2653 2158 2692 saac.
2179 2653 2233 2690 xu
2259 2637 2499 2692 comites
2512 2637 2879 2709 Dilingenses
2894 2637 3071 2693 simul
3088 2639 3262 2694 etiam
3279 2639 3486 2694 Kibur-

1840 2739 2050 2796 genses
2089 2723 2274 2779 effecti
2315 2728 2475 2792 sunt,
2499 2740 2670 2779 secus
2692 2741 2757 2779 ac
2780 2725 2997 2794 passim
3024 2726 3080 2780 in
3106 2727 3479 2800 genealogico

1841 2813 2122 2868 comitum
2154 2811 2400 2867 istorum
2434 2816 2744 2868 stemmate
2787 2814 3111 2870 asseritur:
3151 2815 3208 2869 in
3242 2833 3358 2887 quo
3389 2817 3477 2872 in-

1842 2916 2020 2972 super
2038 2904 2123 2955 tot
2142 2899 2636 2955 Hartmannorum
2663 2900 2876 2956 mentio
2898 2902 3162 2958 eamdem
3186 2905 3324 2959 conf
3324 2905 3478 2962 usio-

1843 3005 1976 3044 nem
2000 2988 2215 3044 invexit
2235 2989 2467 3060 qualem
2492 2988 2550 3044 in
2588 2989 2924 3061 Brigantino
2961 3006 3029 3045 ex
3067 2995 3154 3047 tot
3193 2992 3480 3050 Udalricis

1845 3094 2024 3149 supra
2053 3078 2354 3149 conquesti
2386 3093 2615 3133 sumus.

1915 3165 2712 3239 §XXI.Adelheidemitaque
2746 3167 3089 3224 Vitodurani
3133 3186 3239 3227 seu
3282 3171 3489 3226 Kibur-

10 3257 12 3261 ’
104 3257 496 3332 Hepidannus,
530 3258 684 3313 facta
714 3273 817 3328 pro
848 3272 1009 3311 more
1049 3256 1322 3312 sexennio
1364 3263 1733 3331 praeverteris,
1765 3243 1809 3310 C
1846 3255 2044 3328 gensis
2086 3255 2396 3310 comitatus
2445 3255 2732 3310 haeredem
2784 3279 2812 3305 «
2848 3273 3044 3312 comes
3092 3257 3490 3315 Hartmannus

105 3348 170 3403 ad
199 3364 289 3404 an.
325 3348 464 3404 1033
497 3346 620 3402 haac
651 3346 852 3401 habet:
888 3368 916 3395 «
949 3346 1236 3412 Castrum,
1261 3346 1414 3418 quod
1445 3347 1736 3404 Chiburcb

10 3431 14 3502 ξ
107 3435 327 3505 dicitur,
364 3436 562 3492 tribus
592 3433 898 3490 mensibus
927 3434 1254 3501 obsessum,
1292 3435 1630 3493 Werinhero
1652 3455 1743 3494 co-

10 3515 14 3588 ί
110 3523 238 3580 mite
267 3525 488 3581 frustra
518 3523 619 3578 diu
650 3527 1031 3595 repugnante,
1066 3521 1304 3577 tandem
1345 3524 1418 3578 ab
1456 3523 1582 3595 ipso
1609 3541 1740 3599 rege

10 3605 14 3616 ’
109 3611 356 3683 capitur;
392 3634 421 3662 »
453 3612 718 3682 itemque
760 3610 831 3664 ad
879 3626 1098 3664 annum
1148 3610 1285 3666 1036
1331 3612 1738 3670 Werinherum

10 3761 14 3774 ε
109 3700 363 3757 comitem
394 3699 646 3756 militem
677 3698 902 3754 Ernesti
932 3698 1098 3754 ducis
1125 3715 1256 3754 cum
1291 3699 1416 3772 ipso
1455 3701 1514 3755 in
1545 3702 1740 3774 proelio

10 3785 14 3860 ξ
108 3788 372 3846 cecidisse
418 3787 648 3845 scribit.
680 3787 1069 3842 Wernherum
1091 3787 1272 3843 istum
1299 3788 1536 3862 Kiburgi
1566 3792 1741 3846 comi-

105 3879 231 3947 tem,
255 3895 319 3934 ac
341 3879 492 3934 forte
513 3877 692 3932 etiam
719 3876 1102 3943 conditorem,
1125 3875 1278 3932 inter
1299 3878 1564 3933 Luitfridi
1588 3879 1740 3938 filios

10 3965 13 4016 ἰ
107 3965 458 4023 referendum
478 3981 882 4034 censemus,ac
893 3965 1129 4020 fratrem
1144 3965 1532 4039 Marquardi(§
1548 3971 1740 4043 preac.)

109 4052 197 4122 qui
217 4055 400 4110 eidem
429 4055 489 4110 in
513 4054 790 4110 comitatu
833 4053 1200 4110 successerit.
1242 4053 1407 4111 Hunc
1448 4056 1741 4114 Adalberti

10 4143 12 4150 '
105 4137 158 4194 in
185 4143 386 4215 Apulia
405 4143 540 4200 caesi
568 4147 790 4214 patrem
813 4143 956 4197 dicit
989 4141 1212 4210 Lazius,
1239 4147 1295 4199 et
1329 4143 1446 4200 fors
1469 4145 1740 4202 Luitfridi

107 4243 322 4304 quoque
339 4231 619 4305 junioris,
634 4236 808 4304 atque
823 4231 1137 4287 Hermanni
1154 4232 1382 4289 abbatis
1395 4234 1738 4305 Eremitani,

107 4318 182 4372 uti
203 4336 330 4376 mox
355 4338 426 4378 ex
447 4325 812 4377 Hartmanno
836 4319 1186 4376 notavimus.
1216 4321 1474 4378 Suadere
1493 4321 1548 4377 id
1581 4323 1738 4380 vide-

104 4405 190 4462 tur
215 4410 439 4482 adjecta
469 4409 552 4466 ibi
602 4410 821 4466 mentio
871 4409 1166 4466 Adalberti
1216 4417 1344 4466 tunc
1391 4414 1738 4470 comitatum

10 4493 11 4500 “
106 4496 584 4567 administrantis,
613 4515 821 4569 nempe
852 4516 904 4554 a.
939 4499 1099 4568 1053,
1149 4515 1265 4570 quo
1312 4499 1496 4555 abbas
1547 4501 1739 4557 factus

1847 3344 2044 3400 senior
2072 3343 2144 3398 de
2166 3343 2487 3415 Dilingensi
2519 3344 2577 3397 in
2612 3343 3054 3398 matrimodium
3080 3347 3324 3418 accepit,
3360 3363 3488 3418 quae

1848 3433 1900 3488 ei
1931 3433 2154 3504 peperit
2176 3431 2904 3502 Hartmannumjuniorem
2921 3433 3370 3504 etAdilbertum,
3387 3435 3490 3506 qui

1847 3521 2038 3577 adhuc
2058 3523 2342 3590 superest,
2367 3520 2612 3574 ettotius
2628 3519 2963 3590 patrimonii
2980 3525 3038 3576 et
3058 3523 3438 3578 matrimonii.
3463 3545 3487 3574 ι

1850 3625 1952 3665 seu
1994 3607 2287 3680 Dilingani
2335 3615 2390 3663 et
2432 3606 2813 3680 Kiburgensis
2861 3609 3195 3679 comitatus,
3242 3635 3271 3662 ‹‹
3305 3613 3490 3668 δίει-οε

1849 3699 2088 3754 effectus
2117 3701 2205 3752 est
2231 3713 2244 3763 ;
2281 3700 2338 3752 et
2368 3695 2726 3765 Udalricum,
2754 3699 2855 3768 qui
2887 3700 3041 3770 apud
3090 3701 3490 3757 Constantiam

1849 3786 2160 3860 episcopus
2182 3786 2373 3841 factus
2394 3789 2502 3852 est,
2532 3790 2598 3840 ut
2630 3785 2803 3841 habet
2842 3785 3191 3855 Chronicon,
3214 3789 3253 3845 1.
3279 3807 3316 3858 ι,
3343 3808 3401 3845 ιι.
3435 3793 3487 3845 8.

1849 3876 1909 3931 Si
1941 3875 2097 3931 edita
2123 3873 2405 3930 hactenus
2448 3874 2898 3946 Kiburgensium
2951 3893 3052 3931 seu
3106 3877 3489 3949 Dilingesium

1849 3965 2128 4021 comitum
2152 3967 2463 4019 stemmato
2480 3965 2871 4032 attendamus,
2886 3966 3074 4019 varios
3096 3965 3492 4022 Hartmannos
3563 4027 3567 4030 _

1847 4055 2078 4110 senioris
2101 4051 2188 4107 vel
2210 4053 2455 4123 junioris
2485 4052 2721 4107 nomine
2768 4053 3076 4108 adnotatos
3125 4055 3448 4126 reperimus
3473 4071 3486 4110 :

1850 4142 2004 4215 quod
2033 4141 2266 4213 quidem
2299 4139 2466 4195 unice
2497 4140 2879 4211 scriptoribus
2900 4141 3277 4198 tribuendum
3300 4143 3492 4200 existi-

1850 4247 2106 4297 mamus,
2142 4228 2240 4300 qui
2275 4227 2438 4283 nulla
2476 4228 2675 4284 habita
2704 4229 2776 4284 ad
2806 4231 3197 4301 praecedentes
3227 4232 3492 4302 ejusdem

1848 4318 2107 4375 nominis
2136 4323 2406 4373 seniorem
2436 4317 2602 4372 illum
2634 4318 2850 4385 dixere,
2901 4320 3000 4391 qui
3032 4338 3160 4389 suo,
3206 4325 3320 4393 qut)
3347 4321 3491 4377 scri-

1848 4411 2111 4481 pserunt,
2135 4410 2416 4476 tempore,
2439 4406 2599 4478 prior
2620 4405 2838 4474 ﬂoruit,
2862 4409 3267 4481 cognominem
3294 4413 3490 4464 autem

1848 4497 2035 4552 ﬁlium
2095 4500 2196 4552 aut
2252 4510 2646 4550 successorem
2713 4496 2988 4563 iuniorem
3044 4496 3488 4569 compellarunt,

105 4582 457 4644 Hermannus
490 4605 562 4642 xv
590 4587 715 4643 Kal.
748 4588 918 4642 Mart.
949 4586 1300 4643 Adalbertus
1339 4592 1533 4643 autem
1573 4589 1729 4645 brevi
1762 4607 1808 4672 Β
1849 4585 2088 4657 antiquo
2121 4582 2346 4641 scilicet
2368 4600 2528 4639 more
2547 4601 2650 4655 pro
2673 4587 3004 4656 temporum
3030 4589 3087 4640 et
3107 4601 3490 4657 personarum

103 4678 286 4742 postea
303 4693 399 4733 xxv
419 4674 687 4733 Kal.Jul.
712 4677 770 4731 in
794 4674 1006 4747 Apulia
1026 4676 1318 4732 occubuit.
1342 4676 1448 4732 Vix
1470 4677 1627 4732 enim
1657 4679 1728 4735 de
1837 4679 2126 4747 respectu,
2206 4673 2292 4729 uti
2353 4674 2480 4744 jam
2548 4673 2619 4728 de
2674 4673 2917 4745 Pippino
2970 4675 3131 4731 290
3182 4673 3490 4736 Heristallo

105 4758 202 4818 alio
229 4765 544 4822 Adalberto
573 4764 937 4821 Vitodurano
987 4782 1086 4821 seu
1134 4764 1479 4837 Kiburgensi
1527 4767 1735 4822 comite

104 4845 210 4907 haec
237 4853 418 4926 accipi
461 4857 749 4926 possunt;
802 4869 935 4909 nam
969 4853 1071 4925 qui
1111 4854 1184 4908 ab
1215 4853 1507 4910 annalists
1535 4860 1732 4911 nostro

106 4946 444 4998 memoratur
472 4941 847 5009 Adalbertus,
881 4941 1092 5014 prioris
1138 4959 1206 4999 ex
1252 4942 1373 4998 illia
1419 4942 1734 5000 Adelbeide

109 5039 289 5098 nepos,
321 5037 374 5086 et
414 5030 596 5087 totius
629 5030 966 5103 patrimonii
1015 5029 1220 5098 haeres,
1264 5048 1418 5087 anno
1455 5033 1590 5087 l065
1619 5049 1734 5104 quo

111 5113 234 5172 obiit
259 5121 632 5176 Hermannus
662 5119 866 5186 abbas,
903 5118 1138 5174 vixdum
1165 5123 1340 5175 natus
1369 5135 1497 5175 esse
1519 5119 1732 5192 potuit,

113 5209 306 5275 utpote,
339 5208 536 5264 adhuc
566 5208 722 5264 circa
751 5201 860 5264 an.°
889 5207 1044 5275 H39,
1093 5224 1208 5279 quo
1248 5207 1483 5278 scripsit
1510 5212 1730 5277 auctor,

110 5300 402 5362 superstes.
437 5297 566 5361 Qua
594 5296 830 5364 quidem
854 5296 1077 5352 ratione
1098 5296 1398 5353 tolleretur
1417 5294 1733 5352 difficultas

113 5379 314 5450 §przsc.
348 5389 528 5453 mota,
581 5385 628 5440 si
675 5385 834 5456 prior
877 5384 1229 5440 Adalbertus
1274 5384 1540 5440 Luitfridi
1575 5383 1734 5440 filius

111 5465 334 5541 dicatur,
355 5474 438 5528 uti
467 5473 646 5530 habet
668 5477 864 5529 noster
887 5472 1388 5545 chronographus,
1416 5474 1515 5546 qui
1535 5479 1732 5529 tamen

112 5569 268 5615 unam
308 5561 747 5636 generationem
777 5561 1049 5640 Luitfridi
1094 5561 1342 5618 senioris
1381 5561 1732 5636 prmteriisse

10 5703 12 5742 ἰ
116 5641 340 5721 videtur,
370 5649 616 5711 omissis
645 5639 803 5708 illius
831 5649 988 5722 ﬁliis,
1040 5654 1306 5726 nepotem
1352 5651 1733 5714 Adalbertum

1843 4763 2296 4829 observavimus,
2331 4761 2431 4834 qui
2463 4762 2635 4817 modo
2664 4765 2866 4831 senior,
2889 4763 3062 4818 modo
3081 4764 3277 4834 junior
3297 4763 3491 4820 dictus

1843 4857 1947 4909 est.
1980 4853 2071 4909 Sic
2101 4857 2158 4908 et
2184 4851 2278 4906 hic
2311 4851 2553 4906 Crusius
2586 4852 2834 4922 {Annal.,
2887 4869 2942 4924 p.
2997 4869 3059 4923 ιι,
3108 4851 3146 4906 1.
3199 4869 3283 4919 ιιι,
3316 4869 3364 4908 c.
3400 4852 3490 4924 41)

1842 4943 2270 4998 Hartmannum
2302 4939 2588 4995 seniorem
2622 4939 2885 4996 nominat
2930 4941 3123 4996 filium
3175 4940 3490 5013 Richwini,

1843 5033 2013 5103 cujus
2036 5034 2198 5103 pater
2218 5034 2342 5085 erat
2379 5029 2753 5085 Theobaldus
2787 5029 2844 5084 S.
2884 5029 3132 5085 Udalrici
3163 5029 3489 5103 Augustani

1843 5118 2110 5192 praesulis
2140 5120 2316 5173 frater
2338 5120 2461 5189 jam
2504 5135 2597 5172 an.
2645 5117 2752 5174 955
2801 5118 2860 5174 in
2905 5119 3102 5190 praelio
3147 5121 3489 5192 Augustano

1843 5209 2098 5265 occisus:
2134 5207 2268 5278 quis
2288 5223 2421 5262 vero
2452 5207 2878 5262 Hartmannum
2910 5208 3073 5264 illum
3121 5209 3293 5265 istius
3324 5205 3490 5262 Adel-

1843 5297 2033 5354 heidis
2055 5295 2208 5351 ultra
2229 5295 2540 5351 dimidium
2564 5294 2841 5351 sacculum
2857 5297 3196 5368 posterioris
3210 5295 3486 5352 maritum

1844 5386 2044 5442 dicat?
2088 5385 2344 5457 Longius
2403 5384 2594 5439 adhuc
2643 5385 2879 5441 aberrat
2925 5385 3207 5440 Pistorius
3240 5383 3480 5455 (δον-φὴ,

1842 5479 1885 5530 t.
1920 5475 2016 5540 III,
2049 5491 2105 5546 p.
2139 5475 2287 5544 740),
2322 5473 2420 5544 qui
2467 5473 2895 5528 Hartmannum
2928 5473 3212 5528 seniorem
3243 5465 3481 5524 omnino

1841 5562 1901 5618 S.
1936 5561 2188 5618 Udalrici
2223 5561 2458 5618 fratrem
2491 5561 2655 5632 dicit,
2686 5561 2777 5617 cui
2822 5563 3005 5631 nupta
3051 5559 3127 5613 sit
3165 5547 3481 5608 Adelbeida

1844 5650 1971 5709 filia
1993 5649 2312 5725 Adalberti,
2346 5650 2537 5730 neptis
2569 5648 2877 5718 Luitfridi;
2919 5646 3019 5718 qui
3047 5642 3198 5701 alius
3224 5634 3478 5715 profecto
