3894 6346
405 363 524 429 395

1099 357 1494 424 APPENDIX
1535 361 1637 420 AD
1681 354 2132 422 CHRONICON
2177 353 2596 420 HERMANNI
2639 351 3104 421 CONTRAC’I‘I.

3704 351 3824 420 296

409 494 564 552 haud
595 493 799 576 luisset
827 508 1007 563 quam
1037 509 1232 548 comes
1272 497 1473 548 noster
1513 491 1927 548 Vitoduranus.
1961 491 2046 544 Ad
2077 489 2132 556 Α
2163 494 2280 557 ten,
2313 507 2406 544 an.
2442 489 2600 560 1131,
2633 489 2700 544 13
2730 489 2871 576 Nov.
2903 488 3261 546 defunctam.
3293 485 3376 546 De
3396 485 3623 547 iisdem
3659 501 3822 576 agro-

409 582 718 640 manifesto
775 598 984 638 rursus
1055 596 1288 640 errore:
1344 581 1478 653 quis
1538 596 1792 652 namque
1849 577 2046 634 credat

409 671 768 726 Hartmanno
810 669 972 724 fratri
995 669 1052 724 S.
1090 669 1336 724 Udalrici
1366 686 1438 724 an
1479 669 1584 722 973
1615 667 1869 722 defuncti
1904 683 2042 720 uxo-

409 775 531 815 rem
553 758 735 814 fuisse
759 757 940 813 ﬁliam
963 755 1252 812 Adelberti
1275 756 1640 819 Vitodurani,
1667 755 1763 826 qui
1790 755 2043 824 primum

407 863 502 904 an.
539 847 675 902 1053
703 845 888 902 obiit?
925 845 1038 900 Nec
1077 861 1210 900 vero
1243 843 1421 900 semel
1455 861 1680 900 errasse
1711 845 2040 907 contentus,

407 936 648 1008 insuper
663 932 1033 1008 Hugbaldum
1071 933 1461 1006 Dilingensem
1493 933 1763 988 comitem
1791 949 1884 986 an.
1908 931 2046 984 1170

407 1024 746 1079 defunctum
777 1026 999 1092 patrem
1033 1021 1238 1076 statuit
1267 1020 1516 1076 Udalrici
1545 1019 2044 1076 IConstantiensis

406 1111 683 1184 episcopi,
718 1111 816 1182 qui
841 1110 965 1180 jam
998 1127 1072 1165 an
1105 1110 1242 1164 1127
1293 1109 1556 1180 adeoque
1603 1110 1673 1164 43
1715 1125 1866 1163 anno
1910 1110 2044 1162 ante

407 1203 759 1270 pratensum
791 1200 1015 1268 patrem
1045 1197 1161 1252 fato
1193 1197 1390 1252 cessit.

474 1289 655 1353 Quem
709 1303 878 1358 porro
931 1285 1362 1340 Hartmannum
1422 1283 1516 1338 hic
1565 1283 1871 1354 intelligat,
1919 1283 2043 1354 ipse

404 1374 708 1448 scriptori.
733 1375 881 1441 II,n.
909 1374 999 1440 36,
1023 1371 1238 1444 prodit,
1270 1371 1369 1427 ubi
1411 1371 1835 1427 Hartmannum
1867 1373 2044 1426 senio-

403 1481 519 1520 rem
548 1463 823 1519 comitem
870 1463 940 1516 de
982 1460 1269 1532 Dilingem
1319 1459 1486 1514 illum
1512 1464 1696 1526 vocat,
1730 1459 1828 1530 qui
1852 1475 2045 1514 cceno-

402 1553 567 1609 hium
597 1550 934 1608 Neresheim
966 1567 1062 1605 an.
1097 1550 1238 1604 1095
1266 1547 1546 1604 condidit.
1582 1548 1636 1604 Is
1668 1552 1862 1603 autem
1896 1551 2044 1602 teste

403 1639 687 1698 Bruschio
716 1638 778 1694 in
808 1637 1056 1693 historia
1084 1636 1242 1692 illius
1265 1636 1623 1704 monasterii,
1651 1640 1708 1690 et
1734 1634 2044 1707 Stringelio

405 1730 464 1786 in
497 1726 1003 1797 Monasteriologia
1033 1726 1184 1796 (Vid.
1238 1727 1439 1781 Franc.
1492 1725 1642 1781 Petri
1693 1725 1890 1780 Suevia
1946 1726 2045 1778 Ec-

404 1819 553 1884 cles.,
587 1833 642 1888 p.
679 1815 828 1888 631),
859 1813 1147 1916 Hugbaldi
1173 1813 1362 1884 quarti
1413 1813 1644 1912 comitis
1689 1813 2042 1884 Dilingensis
2074 1851 2124 1916 Β

403 1905 562 1961 ﬁlius
593 1909 735 1969 erat,
770 1903 990 1958 marius
1011 1901 1338 1958 Adelheidaa
1361 1901 1672 1957 comitissas
1700 1902 1770 1956 de
1802 1901 2041 1972 Kiburg,

403 1998 566 2066 pater
586 1991 838 2050 Udalrici
859 1991 1112 2064 episcopi
1129 1991 1380 2046 Constan
1390 1990 1616 2054 tiensis,
1632 1989 2043 2046 etHartmanni

393 2081 648 2154 junioris
673 2098 684 2136 :
713 2097 838 2152 quae
865 2079 1063 2136 omnia
1085 2095 1218 2134 cum
1258 2081 1456 2133 nostro
1478 2077 1783 2133 Annalista
1803 2095 2040 2134 concor-

403 2172 557 2226 dant.
602 2170 710 2224 Sed
761 2173 816 2224 et
857 2167 1129 2224 Velserus
1179 2170 1237 2222 in
1285 2166 1416 2220 Vita
1464 2167 1522 2222 S.
1578 2165 1832 2222 Udalrici
1885 2167 2039 2239 (Opp.

400 2257 602 2330 p.589)
630 2257 1054 2318 Hartmannum
1073 2253 1408 2310 Adelheidis
1431 2253 1706 2309 maritum
1729 2254 1799 2309 ad
1823 2271 2041 2310 annum

406 2347 542 2401 1073
567 2349 747 2413 notat,
775 2348 1000 2416 patrem
1025 2341 1366 2398 Hartmanni
1391 2345 1448 2396 et
1487 2341 1737 2396 Udalrici
1761 2341 2042 2398 Constan-

403 2435 608 2490 tiensis
638 2432 912 2505 episcopi,
945 2448 1116 2486 avum
1163 2447 1294 2485 vero
1342 2429 1582 2498 Alberti,
1631 2431 1783 2500 quod
1831 2432 2044 2501 pariter

401 2539 534 2579 cum
566 2521 848 2577 Chronico
880 2523 1076 2573 nostro
1110 2517 1260 2572 facit.
1306 2517 1637 2588 Utrumque
1689 2518 1842 2573 hunc
1877 2519 2042 2574 Hart-

403 2627 687 2668 manuum
715 2607 883 2663 nobis
913 2606 1070 2662 sistit
1101 2607 1490 2670 Burckardus,
1523 2607 1593 2661 de
1624 2607 1754 2661 Cas.
1781 2608 1838 2661 S.
1872 2606 2040 2676 Galli,

403 2717 454 2758 c.
503 2703 559 2767 7,
618 2699 690 2753 de
743 2695 1114 2752 Udalricolll
1176 2695 1381 2748 abbate
1452 2694 1573 2748 hzec
1631 2695 2039 2766 perscribens:

407 2812 436 2838 ‹‹
469 2787 744 2858 beburg
774 2784 1082 2853 cujusdam
1106 2783 1384 2837 ditissimi
1415 2782 1644 2837 comitis
1675 2784 2042 2850 Hartmanni,

407 2876 561 2947 regis
583 2873 834 2929 Heinrici
854 2871 1216 2928 infestissimi
1234 2871 1441 2938 hostis,
1463 2888 1596 2926 cum
1619 2871 1820 2927 multis
1841 2873 2043 2944 spoliis

408 2979 633 3034 suoque
655 2961 771 3016 ﬁlio
795 2966 982 3032 capto,
1000 2959 1299 3015 castellum
1323 2960 1467 3014 satis
1481 2960 1796 3016 munitium
1813 2961 1870 3016 in
1885 2960 2044 3016 ﬁam-

409 3068 538 3106 mas
569 3049 888 3116 destruxit;
925 3073 951 3098 υ
981 3048 1135 3119 quod
1166 3065 1318 3104 anno
1364 3049 1498 3102 1079
1545 3048 1652 3104 sub
1701 3048 1943 3104 Ilenrico
1975 3049 2046 3104 1V

406 3137 764 3211 imp.contigi
773 3135 1544 3208 t.Undecolligimus,Hartm
1555 3153 1624 3191 an
1635 3137 1902 3205 numjam
1919 3141 2041 3192 tum

2157 578 2318 634 ribus
2347 579 2522 634 etiam
2552 578 2674 650 agit
2702 575 2998 636 Ortliebus
3023 576 3106 632 De
3123 575 3350 634 fundat.
3379 578 3652 634 monast.
3687 575 3826 632 Zwi-

2155 665 2300 730 falt.,
2335 684 2385 721 c.
2421 668 2486 721 19
2519 667 2674 738 apud
2709 667 2770 721 P.
2820 665 2965 722 Hess
3010 665 3253 735 (Monum
3300 663 3532 736 Guelph.
3566 680 3632 736 p.
3676 664 3822 732 192).

2153 752 2258 808 Ubi
2291 753 2549 810 locorum
2581 752 2893 810 monialem
2933 751 3190 808 induerit
3218 752 3389 808 tertia
3427 769 3624 818 soror,
3659 751 3824 812 haud

2153 845 2400 910 constat,
2427 843 2500 899 de
2525 859 2594 898 ea
2623 841 2830 898 saltem
2863 839 2994 896 silet
3023 840 3333 914 Sulgerus,
3355 840 3459 896 ubi
3480 839 3524 895 l.
3558 857 3614 899 c.
3651 841 3819 913 p.79,

2153 930 2272 1002 agit
2291 931 2362 986 de
2385 930 2696 986 comitibus
2717 929 2776 984 in
2799 928 3238 1002 Gamertingen,
3267 928 3368 1000 qui
3391 927 3578 984 simul
3595 927 3822 986 Achai-

2152 1019 2281 1073 miae
2311 1018 2654 1074 comitatum
2684 1017 2999 1084 tenuerint,
3035 1015 3198 1073 nulla
3226 1021 3427 1074 tamen
3455 1017 3622 1074 facta
3654 1033 3822 1074 men-

2150 1107 2306 1162 tione
2325 1107 2617 1162 Adelberti
2663 1107 2844 1176 hujus
2875 1107 2946 1161 de
2973 1104 3238 1162 Achalm.
3259 1105 3434 1162 lllum
3465 1105 3691 1162 Lazius
3711 1122 3822 1178 pro

2153 1211 2313 1250 more
2340 1193 2641 1250 Albertum
2680 1193 2964 1262 nominat,
3014 1207 3322 1265 perperam
3375 1209 3537 1261 vero,
3587 1197 3666 1250 ut
3688 1193 3822 1264 jam

2152 1282 2512 1350 monuimus,
2559 1281 2901 1338 Hartmanni
2957 1281 3028 1338 IV
3086 1280 3442 1353 Dilingensis
3481 1281 3710 1350 ﬁlium,
3767 1285 3826 1338 et

2153 1371 2390 1442 quidem
2411 1371 2520 1427 sub
2543 1371 2748 1426 Ottone
2769 1370 2816 1428 Il
2852 1369 2990 1442 imp.
3015 1386 3083 1426 ac
3119 1371 3178 1424 S.
3202 1369 3540 1443 Wolfgangi
3561 1369 3824 1426 fratrem

2153 1464 2254 1515 aut
2282 1459 2612 1515 fratruelem
2645 1458 2816 1526 facit;
2850 1461 2973 1513 erat
3003 1457 3159 1513 enim
3216 1457 3571 1524 Hartmanni
3633 1458 3824 1518 istius

2153 1564 2270 1602 non
2304 1545 2477 1614 ﬁlius,
2511 1547 2610 1602 sed
2642 1563 2712 1602 ex
2743 1545 2862 1602 tilia
2891 1563 3092 1618 nepos,
3115 1563 3221 1604 nec
3243 1547 3302 1602 S.
3326 1546 3676 1620 Wolfgangi
3702 1549 3824 1604 Ra-

2152 1635 2508 1692 tisbonensis
2547 1636 2674 1706 jam
2728 1651 2822 1690 an.
2888 1635 2997 1690 994
3053 1635 3312 1692 defuncti
3365 1637 3658 1708 tempore,
3712 1637 3826 1694 sed

2155 1740 2286 1780 saec.
2317 1741 2396 1780 xu
2429 1723 2686 1796 primum
2733 1723 2931 1778 ﬂoruit
2967 1721 3160 1780 adhuc
3209 1723 3364 1780 circa
3407 1741 3441 1780 a
3473 1725 3645 1790 1131,
3699 1741 3826 1798 quo

2155 1815 2358 1868 auctor
2378 1811 2631 1883 scripsit,
2656 1815 2972 1882 superstes,
2997 1811 3078 1866 uti
3102 1815 3162 1866 et
3195 1811 3376 1867 frater
3411 1813 3544 1882 ejus
3574 1812 3824 1870 Uldari-

2153 1917 2255 1956 cus
2285 1902 2354 1956 de
2380 1901 2814 1972 Gamertingen.
2857 1903 3022 1954 Hunc
3053 1898 3220 1956 illum
3270 1917 3401 1958 esse
3421 1901 3714 1973 arbitror,
3749 1903 3826 1960 de

2153 2007 2268 2060 quo
2301 1990 2382 2044 ita
2405 1988 2772 2044 Burckardus
2795 1989 2864 2044 de
2886 1989 3016 2044 Cas.
3047 1991 3104 2042 S.
3131 1987 3282 2044 Galli
3314 2005 3366 2044 c.
3399 1989 3436 2042 9
3465 2011 3494 2040 «
3529 1995 3826 2050 mortuus

2151 2083 2240 2135 est
2270 2078 2508 2148 quidam
2541 2077 2853 2133 advocatus
2883 2076 3066 2148 hujus
3112 2075 3405 2143 Ecclesiae,
3455 2078 3826 2138 Vodalricus

2153 2167 2407 2230 nomine,
2442 2167 2512 2222 de
2543 2165 2973 2236 Gamertingen,
3007 2181 3074 2222 ac
3105 2164 3260 2226 ﬁlius
3287 2166 3418 2235 ejus
3442 2166 3648 2224 adhuc
3670 2185 3827 2239 puer

2151 2255 2350 2310 eodem
2374 2255 2507 2325 jure
2538 2254 2742 2310 mortis
2775 2253 3015 2325 rapitur,
3049 2257 3106 2308 et
3123 2254 3198 2310 ab
3230 2253 3442 2312 abbate
3470 2254 3825 2316 Wernhero

2151 2344 2250 2416 qui
2283 2343 2434 2397 circa
2455 2360 2549 2397 an.
2578 2342 2714 2396 1166
2754 2341 2897 2396 obiit
2945 2358 3142 2398 comes
3169 2342 3498 2416 Ruodolfus
3529 2345 3607 2401 de
3658 2346 3826 2402 Pful—

2151 2412 2519 2488 mendorfilli
2552 2431 2952 2486 substituitur.
2987 2453 3013 2480 ››
3044 2431 3124 2486 De
3156 2412 3408 2488 Rudolfo
3451 2431 3824 2492 Pfulendor-

2152 2519 2299 2575 fensi
2330 2518 2539 2574 comite
2571 2518 2720 2574 infra
2764 2518 2795 2591 §
2839 2519 2907 2574 21
2961 2518 3174 2574 redibit
3219 2535 3436 2578 sermo.
3491 2520 3825 2590 Udalricus

2152 2609 2260 2663 iste
2288 2608 2346 2662 in
2377 2606 2712 2677 Nccrologio
2751 2605 2999 2662 Zwifalt.
3033 2607 3116 2674 (P.
3161 2607 3331 2666 Hess.
3366 2609 3594 2665 Monum
3629 2610 3823 2685 Guelf.

2151 2715 2207 2772 p.
2239 2697 2368 2766 251)
2398 2695 2611 2767 legitur
2639 2712 2672 2748 v
2701 2695 2848 2750 Non.
2880 2694 3104 2761 Octob.,
3138 2696 3224 2752 uti
3250 2700 3310 2751 et
3329 2713 3426 2752 xxv
3450 2697 3581 2754 Kal.
3603 2699 3822 2758 Octob.

2153 2792 2315 2857 pater
2341 2785 2488 2854 ejus.
2523 2808 2548 2834 ‹‹
2587 2783 2814 2840 Ulrieus
2861 2799 3054 2838 comes
3103 2784 3178 2840 de
3223 2784 3688 2858 Gamirtingen;
3723 2790 3823 2848 hic

2152 2891 2286 2928 cum
2315 2877 2475 2944 patre
2500 2871 2755 2927 Arnoldo
2802 2871 3011 2926 comite
3061 2870 3121 2926 in
3169 2876 3371 2930 nostro
3419 2875 3698 2946 capitulo
3729 2883 3824 2936 est

2151 2961 2499 3016 tumulatus.

2226 3050 2378 3108 292
2409 3050 2440 3121 §
2471 3048 2662 3104 XXIII.
2695 3047 2827 3104 Jam
2859 3048 2930 3103 ad
2967 3048 3210 3106 comites
3229 3050 3522 3122 Brigantii
3553 3059 3822 3112 reverta-

2158 3157 2308 3206 mur,
2341 3139 2439 3194 ubi
2462 3141 2576 3193 Uzo
2600 3155 2700 3194 seu
2724 3137 3030 3193 Udalricus
3069 3138 3126 3194 S.
3156 3139 3453 3199 Gebhardi
3496 3147 3678 3214 pater
3697 3146 3822 3217 pri-

408 3207 590 3284 fuisse
611 3207 847 3298 Kiburgi
879 3207 1151 3281 comitem
1182 3225 1254 3279 ob
1286 3224 1664 3280 Adelheidem
1707 3226 1835 3295 conj
1847 3241 2038 3298 ugem,
2072 3207 2115 3274 (Ἰ
2155 3245 2287 3299 mus
2307 3227 2503 3282 sedem
2527 3225 2667 3293 ﬁxit,
2692 3225 2890 3297 ibique
2910 3226 3038 3297 ejus
3059 3227 3372 3298 posteritas
3393 3207 3822 3292 adhucaucto-

405 3314 696 3372 Adelberti
727 3315 912 3387 patris
943 3313 1068 3370 sine
1113 3313 1375 3368 mascula
1422 3311 1582 3384 prole
1629 3331 1724 3368 an.
1771 3315 1906 3368 1053
1937 3315 2042 3370 de-

406 3403 589 3462 functi
641 3403 950 3469 hzeredem,
1002 3406 1247 3457 matrem
1302 3401 1644 3458 Hartmanni
1683 3401 1938 3472 junioris
1987 3407 2042 3458 et

401 3491 716 3558 Adelberti,
747 3491 846 3564 qui
877 3490 1039 3546 fratri
1071 3494 1204 3546 ante
1234 3490 1460 3545 obitum
1491 3489 1776 3546 monacho
1817 3491 1965 3546 facto
1987 3494 2044 3546 et

406 3598 500 3640 an.
527 3580 667 3636 11311
689 3583 918 3634 mortuo
939 3578 1222 3633 successit
1251 3577 1308 3632 in
1336 3581 1582 3649 utroque
1621 3579 1922 3645 comitatu,
1954 3583 2040 3634 to-

405 3669 526 3725 tius
547 3667 767 3724 scilicet
786 3665 1119 3739 patrimonii
1141 3674 1194 3720 et
1209 3665 1564 3721 matrimonii
1579 3667 1758 3722 bzrrcs
1779 3669 2038 3724 effectus.

405 3756 570 3812 Hunc
601 3755 829 3823 Lazius,
862 3771 918 3827 p.
951 3755 1058 3810 535
1095 3759 1152 3810 et
1191 3755 1320 3820 559,
1372 3753 1520 3810 male
1563 3757 1867 3811 confundit
1909 3773 2038 3811 cum

406 3845 584 3902 altero
605 3843 910 3900 Adelberto
935 3843 1005 3898 de
1030 3842 1294 3906 Achalm,
1320 3859 1492 3914 quem
1527 3848 1728 3899 auctor
1749 3849 1946 3900 noster
1975 3862 2044 3900 ex

405 3950 523 3990 una
552 3932 807 3988 ﬁliarum
839 3932 976 3987 dicti
1004 3931 1346 3988 Hartmanni
1391 3933 1655 4004 genitum
1703 3931 1925 4001 scribit,
1956 3933 2042 3988 uti

326 4015 335 4021 ’
409 4038 542 4078 mox
570 4021 920 4077 videbimus.

477 4111 627 4166 29!
663 4109 694 4182 §
725 4109 894 4165 XXII.
958 4110 1166 4166 Praeter
1187 4113 1538 4166 memoratos
1559 4113 1676 4164 tres
1700 4109 2043 4166 Hartmanni

407 4196 666 4254 Senioris
687 4197 838 4254 ﬁlios
860 4197 1094 4253 totidem
1117 4198 1308 4254 adhuc
1337 4198 1606 4268 ejusdem
1631 4215 1699 4252 ex
1729 4198 2046 4254 Adelheida

407 4285 782 4352 Vitodurana,
808 4302 907 4342 seu
922 4285 1266 4358 Kiburgensi
1280 4285 1431 4341 ﬁlias
1445 4285 1707 4356 assignat
1729 4289 1754 4340 -\
1769 4285 2044 4354 nnalista,

409 4396 438 4426 (ι
473 4391 598 4446 quae
629 4375 820 4443 modo,
852 4373 1062 4447 inquit,
1095 4375 1156 4428 in
1187 4373 1616 4429 sanctimoniali
1650 4373 1854 4429 habitu
1885 4390 2045 4430 com-

407 4467 728 4532 morantur,
745 4481 990 4536 quarum
1016 4479 1134 4518 una
1155 4461 1357 4534 genuit
1376 4461 1750 4517 Vodalricum
1773 4463 2045 4518 comitem

2150 3319 2230 3373 ris
2260 3321 2518 3387 tempore
2545 3331 2674 3370 saec.
2706 3331 2782 3370 χιι
2815 3314 3029 3370 ﬂoruit.
3063 3315 3144 3372 De
3165 3315 3396 3374 seniore
3417 3318 3558 3390 ejus
3589 3337 3824 3396 cogas,-

2151 3405 2306 3464 mine
2339 3403 2456 3458 ﬁlio
2487 3407 2543 3459 et
2571 3403 2630 3457 in
2662 3402 2937 3458 comitatu
2961 3419 3320 3470 successore,
3345 3407 3648 3471 nonnulla
3669 3411 3824 3470 dixi.

2151 3511 2284 3550 mus
2314 3509 2489 3564 supra
2518 3491 2548 3563 §
2581 3492 2667 3554 17.
2699 3489 2864 3546 illum
2920 3508 3014 3548 an.
3065 3493 3174 3547 978
3221 3493 3440 3552 obiisse
3484 3500 3822 3572 suspicati.

2151 3581 2214 3638 In
2237 3580 2438 3636 charta
2460 3577 2776 3634 Eberhardi
2793 3578 3050 3652 episcopi
3071 3579 3546 3644 Constantiensis
3569 3604 3652 3644 an
3681 3590 3824 3647 1043

2150 3671 2342 3742 (infra,
2376 3667 2416 3723 1.
2451 3685 2513 3733 ιι,
2545 3667 2575 3740 §
2615 3669 2692 3738 ΙΟ)
2719 3667 2870 3724 inter
2899 3669 3080 3724 testes
3127 3669 3320 3741 primo
3367 3671 3500 3733 loco
3555 3681 3824 3738 occurrit

2151 3757 2455 3814 Udalricus
2495 3755 2887 3824 Brigantinus,
2935 3757 3037 3828 qui
3085 3758 3358 3827 ejusdem
3405 3761 3578 3821 ﬁlius
3628 3766 3823 3828 fuisse

2148 3849 2397 3910 videtur,
2431 3851 2487 3900 et
2515 3844 2662 3900 forte
2693 3845 2742 3900 is
2771 3844 2918 3916 ipse,
2950 3845 3050 3917 qui
3081 3846 3291 3904 infral.
3319 3865 3380 3919 ιι,
3407 3849 3558 3924 §20,
3586 3871 3821 3915 memo-

2151 3938 2314 3990 ratur
2343 3955 2372 3983 «
2407 3931 2708 3988 Udalricus
2735 3933 2937 3990 Senior
2973 3950 3168 3991 comes
3219 3935 3610 4010 Brigantinus
3647 3967 3672 3994 ι
3705 3949 3823 4002 Ρο-

2151 4019 2428 4078 tershusii
2459 4018 2518 4074 in
2541 4017 2795 4075 claustro
2818 4019 3117 4093 sepultus:
3143 4021 3337 4080 Senior
3375 4030 3587 4085 autem
3617 4031 3824 4094 dictus

2152 4114 2417 4182 respectu
2448 4107 2709 4176 alterius,
2739 4108 2887 4165 forte
2919 4109 3048 4181 ejus
3068 4109 3198 4179 ﬁlii,
3230 4115 3333 4167 aut
3353 4118 3599 4187 nepotis
3621 4121 3826 4193 potius

2153 4198 2283 4272 (vid.
2307 4197 2547 4253 schema
2575 4195 2902 4269 genealog.)
2934 4199 3036 4270 qui
3069 4215 3164 4254 an.
3202 4201 3341 4256 1097
3389 4203 3544 4260 obiit
3577 4223 3652 4264 ex
3683 4208 3829 4268 Ber-

2151 4286 2353 4342 tholdo
2373 4285 2798 4341 Constantiensi
2830 4285 2890 4341 in
2916 4286 3222 4356 Chronico,
3252 4289 3352 4351 ubi
3383 4289 3500 4348 hoc
3541 4296 3599 4350 ei
3633 4297 3824 4370 elogio

2153 4378 2420 4450 parentat
2446 4391 2459 4429 :
2480 4371 2785 4430 Udalricus
2798 4391 2994 4431 comes
3007 4376 3530 4448 praeclarissimus,
3557 4383 3624 4440 in
3645 4401 3830 4450 causa

2154 4465 2214 4520 S.
2237 4463 2388 4519 Petri
2413 4467 2612 4519 contra
2637 4462 3044 4522 schismaticos
3067 4472 3476 4539 propugnator
3505 4471 3831 4533 ferventis-

407 4553 478 4608 de
507 4552 905 4626 Gamirtingen
955 4556 1012 4607 et
1059 4549 1420 4606 Adilberlum
1471 4551 1542 4606 de
1587 4549 1914 4618 Achalmin,
1941 4551 2044 4623 qui
2075 4569 2120 4635 ι)
2151 4552 2360 4618 simus,
2393 4551 2546 4606 heul
2582 4551 2724 4606 satis
2755 4551 3074 4608 immatura
3103 4559 3312 4623 morte,
3348 4557 3454 4614 sed
3485 4575 3636 4618 cum
3670 4564 3830 4622 bona

409 4642 579 4723 ambo
601 4641 792 4698 adhuc
811 4643 929 4697 vita
945 4639 1266 4712 potiuntur.
1297 4662 1322 4688 ››
1347 4639 1562 4694 Horum
1583 4645 1849 4708 matrem,
1875 4641 2047 4712 cujus

411 4747 618 4785 nomen
655 4729 789 4789 silet
821 4733 1040 4792 noster,
1095 4727 1336 4784 Crusius
1379 4728 1608 4797 (Annal.
1661 4745 1717 4801 p.
1775 4747 1836 4796 ιι,
1888 4729 1926 4784 l.
1967 4747 2045 4796 ιιι,

409 4835 459 4874 c.
491 4820 582 4888 20)
613 4819 985 4874 Adelheidem
1019 4821 1202 4885 vocat,
1235 4816 1415 4871 ﬁliam
1467 4817 1809 4872 Hartmanni
1851 4819 1921 4872 de
1957 4819 2046 4874 Di-

409 4904 624 4979 lingen,
653 4921 913 4964 sororem
955 4903 1210 4958 Udalrici
1260 4903 1720 4960 Constanticnsis
1767 4906 2044 4979 episcopi,

411 5011 646 5050 uxorem
675 5010 810 5048 vero
843 4991 1099 5048 Udalrici
1129 4991 1358 5046 comitis
1397 4993 1468 5047 de
1515 4993 1948 5067 C-amertingcn,
1981 5011 2049 5050 ex

413 5098 526 5156 quo
559 5081 809 5138 alterum
839 5077 1175 5135 Udalricum
1226 5079 1548 5151 progenuit,
1601 5087 1659 5136 et
1701 5099 1854 5138 anno
1891 5083 2046 5152 1101,

413 5169 810 5226 consentiente
841 5171 942 5224 aut
990 5171 1218 5222 mortuo
1254 5167 1380 5237 jam
1425 5168 1650 5233 marito,
1685 5171 1957 5226 monialis
1989 5171 2048 5226 in

411 5257 714 5331 Zwifalten
738 5257 889 5312 facta
905 5259 1034 5327 post
1052 5255 1294 5328 triginta
1345 5272 1548 5324 annos,
1568 5274 1620 5310 a.
1648 5256 1805 5322 1131,
1827 5258 2050 5316 desces-

415 5335 512 5415 sit,
537 5348 606 5401 ut
629 5345 802 5400 refert
823 5349 885 5399 P.
909 5344 1187 5400 Arsenius
1205 5343 1408 5416 Sulger
1447 5344 1506 5398 in
1545 5342 1869 5400 Annalibus
1899 5347 2049 5402 Zwi-

415 5431 539 5494 falt.
563 5436 606 5488 t.
630 5431 674 5497 Ῑ,
696 5435 842 5504 p.57
871 5437 928 5488 et
957 5434 1044 5489 77.
1097 5433 1245 5489 Huic
1283 5431 1526 5488 alteram
1574 5430 1790 5502 pariter
1834 5431 2050 5490 ibidem

419 5520 730 5578 monialem
801 5523 1067 5594 adjungit
1146 5517 1486 5587 Hedwigcm
1519 5534 1623 5572 seu
1655 5517 2046 5593 IIadewigem,

419 5607 770 5688 tandemque
799 5628 868 5672 ex
895 5611 1138 5692 Sulgero
1162 5608 1204 5668 Ι.
1237 5621 1288 5664 c.
1315 5603 1672 5664 abbatissam
1691 5605 1751 5665 in
1775 5607 2050 5670 Edelstet-

2155 4639 2517 4696 confessione
2549 4637 2702 4695 diem
2734 4637 2946 4694 clausit
2991 4645 3341 4711 extremum,
3393 4649 3455 4700 et
3497 4650 3671 4720 apud
3701 4651 3832 4706 Bri-

2155 4727 2444 4800 gantium,
2473 4726 2572 4782 ubi
2603 4725 2728 4800 ipse
2759 4728 3142 4784 monasticam
3177 4729 3356 4788 vitam
3392 4732 3691 4806 instituit,
3722 4739 3832 4797 ho-

2157 4816 2394 4874 noriﬁce
2417 4813 2697 4886 sepelitur
2726 4833 2782 4871 v1
2815 4815 3054 4872 Kalend.
3087 4818 3230 4875 Nov.
3265 4842 3294 4870 n
3339 4820 3609 4881 Notatur
3639 4827 3833 4900 pridie

2156 4903 2335 4975 hujus
2356 4904 2469 4959 diei
2501 4903 2559 4958 in
2602 4903 2776 4959 citato
2799 4904 3157 4962 Zwifaltensi
3189 4907 3568 4984 Necrologio,
3607 4916 3832 4974 Ulrieus

2155 5009 2326 5048 comes
2354 4991 2418 5048 de
2448 4993 2746 5061 Brigantia
2774 4992 2832 5048 in
2864 4993 3293 5052 Petersbusano
3317 4995 3501 5068 plane
3532 5003 3829 5062 omissus.

2157 5081 2359 5136 Mortis
2381 5081 2508 5151 ejus
2529 5096 2713 5152 genus
2735 5080 3350 5142 describitChronicon
3375 5093 3716 5148 nostruml.
3737 5109 3833 5162 ιιι,

2157 5167 2188 5242 ς
2208 5170 2298 5233 23,
2315 5168 2414 5222 ubi
2436 5167 2786 5240 ﬁliiquoque
2800 5169 2985 5242 ipsius
2997 5179 3426 5232 enumerantur
3439 5175 3832 5248 Rodolfuset,

2160 5256 2486 5322 Udalricus,
2517 5273 2586 5312 ex
2615 5257 2828 5314 Bertha
2857 5259 3084 5316 Rodolﬁ
3107 5261 3474 5325 anticaasaris
3501 5272 3568 5324 et.
3585 5269 3834 5328 comitis

2159 5344 2628 5402 Rheinfeldensis
2649 5346 2788 5413 ﬁlia,
2812 5345 2873 5402 iu
2895 5352 3144 5421 utroque
3174 5350 3330 5408 dicto
3364 5353 3722 5432 Necrologio
3749 5359 3834 5416 ad

2161 5434 2314 5490 diem
2339 5435 2412 5488 20
2441 5435 2705 5491 Januarii
2730 5435 3024 5507 adnotata,
3059 5439 3232 5510 cujus
3261 5439 3445 5498 etiam
3479 5447 3712 5520 nuptis
3739 5464 3834 5505 re-

2160 5521 2426 5578 feruntur
2447 5521 2486 5578 l.
2513 5540 2596 5591 ιιι,
2625 5524 2654 5594 §
2683 5525 2770 5578 21.
2796 5525 2875 5582 De
2905 5527 3106 5583 eodem
3133 5527 3404 5588 Udalrico
3423 5531 3559 5589 hanc
3580 5535 3838 5609 insuper

2162 5611 2363 5672 scribit
2391 5611 2546 5670 idem
2604 5612 2952 5676 Bertholdus
3007 5615 3312 5679 Constant.
3371 5620 3446 5688 ad
3510 5639 3614 5691 an.
3669 5625 3831 5690 1003.
