3894 6352
114 411 218 469 297

911 414 1354 476 CHRONICON
1403 414 2114 481 PETERSHUSANUM.
2154 452 2224 460 ——
2264 417 2675 479 PROOEMIA.

3364 422 3480 483 298

112 540 288 596 «Dux
318 541 505 597 Welfe
536 547 589 597 et
622 559 815 600 comes
860 545 1166 603 Udalrieus
1215 548 1285 603 de
1332 548 1649 623 Brigantia,
1684 552 1742 605 et
1770 551 1827 618 Α
1854 554 2113 623 tempore
2147 569 2247 608 seu
2294 570 2345 607 a.
2397 552 2538 607 1102
2586 555 2851 623 nepotem
2895 550 3022 621 jam
3071 550 3494 607 adolescentem

112 629 201 685 alii
232 630 611 702 quamplures
643 633 1001 689 omnimodis
1052 652 1112 690 se
1162 635 1409 692 invicem
1458 637 1745 693 incendiis

111 721 399 775 devastare
446 722 705 792 aggressi
760 726 915 777 sunt.
971 746 998 771 »
1049 726 1298 779 Causam
1352 726 1580 780 dissidii
1632 744 1747 781 non

107 807 310 880 prodit,
341 806 477 863 inde
511 810 654 864 forte
686 811 837 864 enati
889 813 1041 883 quod
1084 815 1210 883 jam
1258 818 1385 868 tum
1444 815 1501 867 in
1554 819 1747 885 partes

106 896 340 952 Caesaris
374 896 680 953 inclinaret
710 900 916 966 Welfe,
953 901 1036 954 uti
1070 903 1141 956 de
1172 920 1237 957 eo
1284 904 1457 957 refert
1488 902 1746 958 Berthol-

106 987 208 1040 dus
239 1001 333 1039 an.
369 986 528 1051 1005,
561 1003 595 1041 a
617 986 835 1056 quibus
860 988 1215 1043 abhorrebat
1248 989 1572 1055 Udalricus,
1603 1007 1745 1060 pon-

103 1073 238 1129 tiﬁci
268 1073 560 1129 addictus.
593 1074 779 1130 Aliam
831 1077 997 1131 affert
1045 1082 1105 1132 P.
1162 1078 1306 1133 Iless
1355 1080 1517 1145 (illan.
1570 1078 1743 1149 Guelf.

103 1180 156 1235 p.
192 1162 337 1232 159),
362 1164 517 1234 quod
541 1163 669 1218 Otto
694 1163 937 1219 ultimus
963 1182 1157 1220 comes
1194 1167 1252 1220 in
1302 1168 1602 1222 Buechord
1631 1168 1743 1221 haz-

100 1251 407 1306 reditatem
440 1268 608 1306 suam
643 1253 883 1308 cesserit
915 1254 1184 1319 Welfeni,
1229 1256 1309 1309 uti
1364 1264 1557 1310 narrat
1607 1273 1746 1310 ane-

101 1356 308 1412 nymus
339 1339 809 1412 Weingartensis
842 1359 890 1397 c.
924 1344 975 1396 8.
1012 1342 1039 1413 Ξ
1068 1344 1101 1397 3
1132 1344 1311 1414 (11nd,,
1347 1346 1536 1415 p.18),
1567 1361 1741 1415 quam

97 1433 293 1484 tamen
336 1428 449 1483 sibi
500 1430 694 1499 potius
737 1432 870 1500 jure
920 1432 1376 1502 prepinquitalis
1420 1439 1744 1503 competere

98 1516 448 1572 existimarit
470 1516 776 1574 Udalricus
799 1520 1194 1591 Brigantmus.
1225 1521 1423 1575 Utrum
1442 1526 1635 1575 autem
1652 1521 1745 1576 hic

99 1604 349 1660 Udalrici
385 1605 633 1661 senioris
665 1606 843 1674 ﬁlius,
886 1612 986 1662 aut
1033 1610 1221 1680 magis
1269 1626 1337 1665 ex
1386 1610 1593 1664 Ottone
1624 1609 1745 1664 ﬁlio

96 1710 274 1766 nepos
299 1692 582 1749 dicendus
606 1695 702 1760 sit,
726 1695 807 1749 uti
834 1696 892 1751 in
918 1698 1181 1767 sequenti
1216 1697 1511 1753 schemate
1534 1714 1745 1769 genea-

91 1783 277 1855 logico
310 1782 523 1839 merito
553 1783 945 1856 suspicamur,
998 1785 1129 1841 aliis
1177 1786 1625 1857 disquirendum
1659 1803 1745 1843 re-

102 1872 453 1943 linquimus.

159 1962 316 2018 298
349 1961 379 2033 §
410 1960 599 2016 XXIV.
644 1961 975 2017 Udalricum
1023 1962 1080 2017 in
1153 1964 1340 2033 Augia
1404 1963 1742 2035 Brigantina

92 2051 337 2121 majore,
374 2066 479 2105 seu
511 2051 794 2115 Mererau,
822 2052 923 2105 ubi
957 2051 1220 2121 sepultus
1252 2056 1361 2118 est,
1402 2053 1579 2107 vitam
1613 2069 1740 2107 mo-

92 2138 380 2194 nasticam
417 2138 770 2205 instituisse,
804 2156 935 2194 cum
972 2140 1283 2196 Bcrtholde
1330 2141 1545 2211 pariter
1574 2142 1740 2195 chro-

92 2227 437 2302 nographus
468 2232 666 2283 noster
696 2233 964 2294 testatur,
996 2228 1033 2283 l.
1071 2248 1154 2297 ιιι,
1183 2230 1213 2301 §
1238 2232 1301 2283 19
1324 2246 1470 2301 seq.,
1496 2246 1598 2284 nec
1627 2246 1740 2283 non

89 2317 416 2373 Brusobius
437 2316 653 2387 aliique
675 2333 806 2371 eum
832 2317 1034 2380 secuti,
1068 2324 1131 2372 ut
1171 2323 1365 2374 tamen
1407 2318 1525 2372 haec
1551 2320 1621 2373 de
1652 2335 1741 2373 se-

88 2407 285 2461 cunda
336 2406 703 2473 fundatione,
754 2423 853 2460 seu
906 2407 1105 2477 prima:
1155 2406 1379 2477 pridem
1420 2407 1545 2476 jam
1579 2407 1740 2461 facta:

84 2494 522 2551 restauratiene
573 2494 787 2549 rectius
832 2494 1178 2565 intelligant.
1242 2496 1529 2550 Aberrant
1584 2511 1739 2563 vero,

81 2584 223 2637 dum
246 2582 308 2638 id
341 2583 415 2637 ad
440 2598 661 2637 annum
690 2584 826 2636 1098
848 2584 1218 2654 consignant,
1244 2584 1497 2654 qnojam
1522 2582 1743 2638 obierat

83 2671 425 2737 Udalricus,
446 2687 619 2742 quem
634 2670 937 2741 Brigantia:
958 2672 1201 2726 simulet
1218 2673 1545 2726 llhzetorum
1567 2670 1743 2725 comi-

76 2766 193 2817 tem
212 2764 517 2824 statuunt,
538 2760 688 2831 quod
706 2761 753 2829 ej
766 2777 834 2813 us
848 2762 1157 2815 comitatus
1179 2761 1233 2813 in
1256 2759 1534 2814 Rhaztiam
1553 2774 1740 2829 usque

82 2867 208 2905 sese
239 2848 599 2914 extenderit,
632 2851 697 2903 ut
728 2852 886 2919 patet
932 2866 999 2903 ex
1047 2847 1364 2920 diplomate
1408 2846 1639 2902 Henrici
1672 2847 1741 2901 IV

75 2956 178 3009 pro
210 2936 582 2993 monasterio
614 2936 945 2991 Fabariensi
980 2953 1074 2991 an.
1112 2938 1266 3003 1005,
1301 2936 1453 3007 apud
1488 2936 1546 2989 P.
1572 2934 1741 2989 Herr-

76 3032 202 3098 gott
235 3044 298 3082 n.
340 3027 472 3091 191,
505 3025 564 3080 in
597 3042 712 3096 quo
756 3025 1022 3080 Curvalia
1070 3026 1124 3079 in
1175 3026 1451 3080 comitatu
1503 3024 1743 3078 Odalrz'ci

69 3118 291 3172 comiti:
333 3114 408 3170 de
439 3115 740 3185 Bragam’cn
764 3114 875 3168 sita
897 3114 1129 3169 dicitur.
1158 3114 1361 3168 Isthmo
1396 3111 1740 3168 rostauratie

71 3206 126 3258 in
155 3204 363 3260 Gallia
388 3203 630 3271 Christ.,
664 3207 705 3257 t.
740 3202 805 3269 V,
841 3220 896 3273 p.
928 3204 1052 3267 972,
1077 3203 1146 3258 ad
1180 3220 1272 3256 an.
1302 3205 1436 3256 10‘17
1468 3203 1735 3265 refertur,

1857 639 2069 695 habere
2101 642 2290 712 potuit
2319 642 2538 697 Bertha
2567 640 2725 695 illius
2756 639 2896 695 ﬁlia.

1927 732 2058 794 Qua:
2092 730 2268 801 igitur
2298 730 2619 786 Bruschius
2656 729 2696 784 l.
2747 747 2797 784 c.
2847 728 3072 798 scribit,
3122 744 3498 801 nequaquam

1858 818 1929 872 de
1976 819 2220 873 Rudolfo
2270 819 2489 875 sororia
2513 836 2613 874 seu
2637 818 3269 889 Pfullendorfensi,sed
3285 818 3498 891 deipse

1858 906 2101 961 Rudolfe
2116 907 2453 980 Brigantiae
2468 907 2847 979 intelligenda
2861 907 3122 972 veniunt,
3140 908 3362 964 Bertha:
3378 907 3497 962 ﬁlio

1858 994 2036 1063 (Infra
2067 994 2105 1064 l,
2142 1012 2226 1065 ιιι,
2259 995 2288 1067 §
2317 996 2447 1066 23):
2497 996 2653 1051 294
2704 995 2825 1067 qui,
2878 998 2943 1049 ut
2991 995 3249 1050 somniat
3292 995 3498 1052 Lazius

1856 1098 1911 1152 p.
1936 1082 2061 1147 557,
2086 1083 2261 1137 ducta
2281 1082 2469 1137 ultimi
2491 1084 2720 1138 comitis
2741 1101 2775 1138 a
2805 1082 3171 1139 Pfullendorf
3196 1088 3253 1139 et
3273 1084 3498 1155 Sigma-

1855 1169 2057 1241 ringen
2082 1170 2484 1235 ﬁlia,locorum
2508 1172 2738 1226 illorum
2764 1188 2957 1226 comes
2979 1172 3055 1252 sit
3076 1172 3315 1228 effectus
3340 1191 3351 1239 ;
3378 1190 3497 1245 qua

1854 1258 2010 1312 enim
2028 1257 2245 1313 ratione
2260 1258 2360 1312 ulti
2374 1259 2971 1314 minullenderfensis
2987 1260 3166 1314 ﬁliam
3181 1261 3490 1332 cenjugem

1855 1346 2067 1400 habere
2089 1347 2278 1417 potuit
2310 1346 2702 1417 Brigantinus,
2737 1348 2904 1417 cujus
2936 1366 3098 1403 soror
3127 1349 3490 1406 Pfullendor-

1856 1435 1999 1489 fensi
2024 1440 2203 1505 nupta
2226 1434 2471 1489 alterum
2494 1436 2756 1504 ejusdem
2784 1436 3015 1490 familiae
3050 1437 3321 1492 comitem
3353 1454 3491 1508 pro-

1855 1523 2103 1593 genuit?
2133 1524 2244 1577 Nec
2276 1524 2505 1594 uspiam
2539 1523 2851 1578 Rudelfum
2885 1523 3041 1578 hunc
3091 1525 3493 1595 Brigantinum

1855 1610 2123 1667 comitem
2170 1628 2401 1683 quoque
2433 1629 2467 1667 a
2497 1612 2864 1666 Pfullenderf
2905 1612 3258 1683 appellatum
3287 1613 3496 1685 reperi,

1856 1700 1957 1754 sed
1991 1716 2182 1755 errore
2214 1701 2503 1754 duntaxat
2533 1700 2923 1755 recentiorum
2955 1700 3307 1771 scriptorum
3340 1706 3496 1757 uter-

1856 1804 1967 1858 que
1998 1787 2054 1841 in
2088 1804 2265 1843 unam
2297 1804 2607 1858 personam
2639 1787 2875 1842 coaluit.
2902 1789 3140 1844 Factum
3164 1790 3224 1845 id
3244 1790 3498 1846 maxime

1859 1879 1947 1929 est
1969 1880 2301 1947 postquam,
2326 1880 2552 1931 mortuo
2578 1876 2824 1931 Rudolfe
2842 1877 3198 1948 Brigantine,
3216 1895 3494 1949 quoanno

1859 1965 2172 2030 incertum,
2199 1966 2354 2020 bona
2382 1967 2508 2035 ejus
2539 1965 2608 2019 ad
2661 1964 2971 2021 Radelfum
3021 1966 3091 2021 de
3133 1966 3501 2023 Pfullenderf

1852 2069 1953 2107 ceu
1980 2053 2195 2107 sororis
2218 2071 2334 2108 suae
2362 2054 2547 2107 ﬁlium
2572 2053 2838 2108 devoluta
2854 2060 3010 2123 sunt,
3039 2071 3073 2108 a
3093 2071 3208 2126 quo
3230 2060 3491 2128 tempore

1850 2140 1945 2195 hic
1970 2142 2138 2195 modo
2162 2158 2355 2195 comes
2396 2141 2786 2212 Brigantinus,
2812 2143 2982 2197 modo
3021 2144 3093 2197 de
3133 2143 3499 2199 Pfullenderf

1850 2234 2242 2300 nuncupatur,
2262 2234 2461 2300 utpote
2476 2230 2780 2300 utriusque
2793 2231 3104 2285 comitatus
3135 2232 3339 2287 haeres.
3355 2234 3489 2298 Quas

1853 2317 2090 2389 quidem
2125 2317 2322 2372 omnia
2354 2322 2551 2389 aperte
2600 2320 3025 2373 confirmantur
3068 2337 3137 2374 ex
3174 2320 3493 2391 diplomate

1856 2405 2132 2460 Friderici
2166 2407 2185 2459 Ι
2218 2406 2357 2477 imp.
2392 2423 2485 2460 an.
2521 2408 2660 2460 1170
2690 2408 2854 2477 (apud
2882 2412 2946 2461 P.
2987 2410 3235 2477 Herrgott
3257 2426 3320 2463 ιι.
3342 2409 3492 2481 240),

1854 2510 1968 2563 quo
1991 2498 2322 2564 susceptam
2357 2494 2428 2548 ab
2469 2495 2727 2565 Eginone
2773 2496 3035 2551 Curiensi
3082 2498 3355 2568 episcopo
3385 2499 3495 2552 Cu-

1854 2582 2105 2637 riensem
2130 2583 2489 2637 advocatiam
2516 2583 2805 2638 Friderieo
2830 2583 2949 2639 ﬁlio
2982 2601 3087 2639 suo
3118 2585 3336 2640 Sueviaa
3362 2586 3496 2641 duci

1851 2687 1916 2725 eo
1944 2671 2075 2739 jure
2106 2671 2414 2738 concessit,
2462 2694 2490 2719 οι
2526 2688 2641 2743 quo
2689 2689 2815 2727 eam
2866 2689 3061 2728 comes
3108 2674 3394 2729 Bodulfus
3423 2674 3497 2730 de

1852 2758 2152 2829 Bregenze,
2180 2763 2236 2812 et
2259 2760 2631 2830 postmodum
2655 2774 2849 2816 comes
2891 2761 3176 2817 Rudelfus
3198 2763 3268 2816 de
3306 2761 3494 2817 Phul-

1851 2845 2414 2903 lenderfebtinuisse
2435 2847 2818 2920 dignoscitur,
2853 2871 2880 2897 »
2905 2850 3007 2921 qui
3031 2850 3125 2905 hic
3146 2850 3321 2906 etiam
3344 2850 3491 2906 sub-

1852 2934 2127 2991 scribitur
2155 2936 2238 2990 uti
2272 2940 2327 2991 et
2349 2935 2408 2990 in
2458 2937 2635 2992 altero
2686 2937 2823 2991 anni
2878 2938 3012 2992 1152
3043 2937 3103 3010 (l.
3138 2955 3212 3006 c.,
3247 2956 3308 2993 II.
3335 2939 3484 3011 233).

1852 3024 2137 3079 Rodulfus
2166 3028 2357 3079 autem
2393 3025 2687 3081 Curiensis
2735 3043 2835 3079 seu
2888 3027 3265 3098 Brigantinus
3297 3027 3490 3099 adhuc

1852 3131 1945 3169 an.
1982 3114 2116 3167 1127
2151 3117 2385 3168 notatur
2413 3114 2536 3181 (1b.,
2571 3132 2631 3167 ιι.
2662 3116 2811 3185 208).
2846 3119 2963 3169 Hos
3004 3121 3204 3187 postea
3237 3122 3489 3185 mortue,

1852 3207 1907 3257 et
1929 3200 2191 3256 mascula
2213 3202 2393 3273 stirpe
2416 3202 2885 3273 Brigantinerum
2911 3204 3213 3271 exstincta,
3238 3206 3308 3260 ad
3331 3205 3489 3260 Pful-

67 3295 231 3365 quod
288 3294 452 3348 forte
502 3293 573 3347 de
619 3291 863 3347 ecclesia
912 3308 976 3345 ex
1014 3290 1307 3359 lapidibus
1331 3290 1626 3344 aediﬁcatri
1660 3290 1731 3344 ab
1764 3273 1806 3338 (ἶ
1844 3289 2242 3344 lendorfenses
2270 3306 2372 3359 per
2402 3290 2588 3343 ultimi
2613 3290 2928 3362 Brigantini
2963 3291 3165 3359 ﬁliam,
3189 3293 3482 3363 etpariter

68 3382 350 3438 Udalrico
386 3385 576 3451 empta
606 3379 665 3446 (l.
699 3396 763 3450 ιι,
896 3383 988 3446 22)
1037 3379 1505 3450 intelligendum,
1555 3394 1731 3449 quam

59 3471 192 3527 dein
231 3470 498 3543 perfecit
528 3467 871 3540 Rudelphus
894 3467 1143 3523 Udalrici
1188 3473 1240 3522 et
1292 3467 1513 3522 Bertha;
1555 3467 1734 3531 ﬁlius,

60 3576 153 3615 an.
193 3562 351 3615 1125
402 3559 477 3613 ab
528 3556 795 3613 Udalrico
844 3556 1112 3628 episcopo
1163 3556 1593 3627 consanguineo
1631 3573 1736 3611 suo

56 3651 534 3714 consecratam;
568 3662 701 3700 eum
749 3646 874 3719 jam
922 3646 1086 3717 prius
1114 3646 1266 3700 circa
1295 3663 1387 3700 an.
1423 3646 1561 3698 1000
1590 3644 1739 3699 clau-

58 3744 255 3793 strum
312 3741 383 3795 et
444 3734 763 3791 oratorium
818 3733 1073 3805 ligneum
1134 3735 1346 3789 ibidem
1405 3734 1579 3787 fuerit
1637 3748 1737 3787 ex-

54 3831 371 3884 structum
402 3824 470 3896 (l.
507 3837 589 3887 ιιι,
618 3840 675 3877 n.
702 3824 814 3893 20).
840 3822 1013 3879 Porro
1051 3822 1435 3894 distinguindi
1477 3822 1569 3876 hic
1602 3825 1740 3876 sunt

54 3917 171 3972 duo
205 3912 467 3971 Rudolﬁ
512 3911 754 3966 comites
803 3927 871 3965 ex
918 3911 1127 3965 Ottone
1175 3912 1245 3965 de
1294 3916 1349 3965 S.
1386 3910 1595 3977 Blasio,
1640 3909 1740 3980 qui

50 4020 180 4077 cap.
218 4004 293 4059 21
334 4002 427 4058 ad
461 4017 561 4056 an.
596 4000 734 4055 1167
764 4000 847 4054 ita
878 3999 1118 4053 scribit:
1155 4022 1183 4047 «
1230 3998 1513 4054 Rudolfus
1546 4014 1739 4054 comes

55 4094 125 4148 de
156 4088 855 4149 Phullendorfsorerius
875 4089 1105 4143 comitis
1139 4086 1363 4143 Rudolﬁ
1388 4088 1457 4142 de
1488 4087 1738 4158 Bregan-

1843 3396 1947 3450 per
1977 3394 2183 3433 norum
2224 3378 2503 3449 postremi
2555 3378 2780 3433 Rudolﬁ
2832 3378 3013 3433 ﬁliam
3046 3381 3189 3434 Itam
3236 3380 3478 3437 Alberto

1845 3466 2039 3523 comiti
2090 3470 2357 3538 nuptam,
2421 3482 2623 3521 omnes
2672 3466 2904 3521 illorum
2954 3468 3355 3539 possessiones
3403 3468 3476 3523 ad

1846 3555 2325 3627 Habsburgenses
2355 3571 2419 3609 ee
2450 3555 2620 3609 modo
2639 3555 3011 3623 devenerunt,
3037 3573 3151 3628 quo
3177 3556 3337 3629 prius
3352 3558 3479 3630 jam

1847 3643 2140 3715 Dilingani
2164 3660 2265 3715 per
2284 3642 2659 3697 Adelheidam
2702 3642 2970 3699 ultimam
3004 3644 3290 3701 hteredem
3315 3646 3375 3700 in
3406 3645 3484 3702 al-

1846 3736 1970 3787 tera
1992 3732 2169 3802 stirpe
2192 3730 2469 3786 comitum
2492 3731 2549 3785 in
2567 3731 2938 3787 Winterthur
2955 3737 3010 3788 et
3031 3733 3251 3807 Kiburg
3263 3751 3487 3791 succes-

1849 3824 2069 3887 serunt,
2094 3836 2223 3889 quae
2244 3819 2478 3873 tandem
2503 3824 2557 3874 et
2591 3819 2718 3891 ipsa
2743 3821 3292 3895 Ilabsburgensibus
3317 3826 3487 3878 obve-

1852 3913 2084 3964 nerunt.
2112 3909 2392 3963 Caeterum
2428 3908 2713 3964 Rudolfus
2744 3909 2852 3964 iste
2892 3911 2961 3965 de
2994 3911 3289 3982 Brigantia
3309 3911 3486 3967 Udal-

1850 3997 1955 4053 rici
1989 3996 2146 4051 ﬁlius
2178 3996 2228 4051 is
2255 3997 2379 4067 ipse
2409 4000 2515 4064 est,
2559 4014 2730 4068 quem
2762 3998 2913 4052 inter
2940 4003 2997 4053 et
3044 3998 3377 4055 Udalricum
3409 3998 3483 4067 Il,

1850 4086 2187 4159 episoepnm
2212 4102 2241 4139 e
2263 4085 2327 4139 D.
2350 4084 2523 4139 Blasii
2546 4085 2829 4141 monacho
2853 4103 2902 4139 a.
2928 4086 3066 4141 4127
3088 4086 3355 4155 electum,
3371 4087 3486 4145 dis-

52 4183 134 4239 tia
156 4180 391 4238 omnia
415 4178 641 4252 prandia
662 4194 769 4232 sua
789 4176 1196 4258 haeredisdoce
1237 4176 1570 4247 imperatori
1596 4176 1740 4248 [Fri-
1849 4175 2045 4231 cordia
2076 4174 2315 4229 suberta
2348 4178 2453 4237 est,
2474 4179 2753 4245 praetextu
2779 4176 3169 4246 quorumdam
3196 4177 3485 4233 bonorum

53 4271 260 4327 derico
276 4270 329 4341 Ι]
349 4266 632 4324 tradidit.
654 4288 673 4313 ιο
693 4265 840 4330 Quid
862 4282 993 4321 vero
1014 4281 1120 4336 per
1138 4268 1411 4320 sororium
1430 4264 1738 4335 intelligat,
1849 4281 1978 4336 quae
2008 4263 2062 4318 S.
2088 4261 2430 4317 Gebhardus
2456 4263 2750 4332 quondam
2770 4279 2837 4317 ex
2864 4281 2972 4318 sua
3000 4264 3335 4320 haereditate
3362 4264 3484 4321 Bri-

48 4358 107 4415 in
130 4377 281 4417 mox
303 4355 793 4431 precedentibus
817 4353 1244 4418 declarat,dum
1262 4354 1541 4409 eumdum
1557 4354 1741 4423 impe-
1849 4352 2087 4425 gantina
2108 4350 2461 4405 monasterio
2486 4350 2901 4406 Petershausen
2921 4352 3173 4421 donavit,
3198 4358 3263 4407 ut
3285 4352 3488 4409 scribit

47 4455 327 4505 raterem
363 4442 958 4513 sororiulecl/‘unis
990 4441 1263 4513 appellat,
1311 4441 1494 4496 ﬁlium
1524 4441 1743 4497 scilicet
1852 4440 2102 4496 Manlius
2127 4440 2182 4493 in
2201 4438 2501 4505 Chronico,
2527 4455 2591 4493 ac
2615 4439 2881 4493 meminit
2918 4441 3092 4496 etiam
3117 4446 3314 4497 noster
3339 4441 3377 4495 1.
3404 4458 3484 4511 Iv,

45 4537 284 4595 sororis
319 4532 634 4593 Welfenis
680 4531 956 4597 Judithze,
1011 4548 1076 4585 ac
1123 4530 1250 4584 ﬁlia:
1300 4530 1529 4585 Henrici
1578 4530 1740 4603 Nigri
1852 4529 1991 4602 §20.
2016 4528 2158 4595 Quid
2186 4544 2354 4599 porro
2376 4531 2571 4581 actum
2611 4526 2689 4582 sit
2716 4528 2786 4583 de
2816 4526 3081 4584 Udalrico
3121 4528 3346 4584 Rudolﬁ
3370 4528 3485 4584 fra-

45 4628 323 4684 Bavarim
366 4621 577 4679 ducis.
611 4620 797 4693 Igitur
826 4626 881 4675 et
910 4620 1004 4674 hic
1046 4619 1329 4674 Rudelfus
1379 4618 1741 4673 Pfullendor-
1771 4638 1819 4702 B
1849 4622 1958 4688 tre,
1992 4635 2097 4673 nos
2144 4616 2321 4683 latet;
2369 4617 2468 4671 sed
2517 4633 2648 4671 eum
2698 4619 2923 4672 mature
2967 4621 3261 4672 mortuum
3304 4616 3488 4691 fuisse

44 4716 236 4773 fensis
262 4714 455 4770 ﬁlius
480 4713 604 4765 erat
627 4709 843 4765 sororis
866 4707 1095 4763 Iturlolﬁ
1122 4708 1443 4773 Brigantini
1472 4725 1485 4774 ;
1514 4708 1668 4762 unde
1690 4712 1746 4763 et
1853 4706 2229 4777 suspicamur
2256 4722 2268 4760 :
2292 4721 2459 4759 secus
2477 4705 2629 4759 enim
2649 4705 2717 4759 ad
2739 4704 2910 4759 aliam
2928 4704 3204 4760 familiam
3230 4721 3344 4759 non
3360 4721 3490 4778 per-

1851 4795 2107 4850 venisset
2128 4795 2236 4848 iste
2258 4794 2593 4860 comitatus,
2616 4793 2662 4848 si
2686 4794 3124 4864 supervixisset,
3142 4798 3245 4850 aut
3265 4809 3493 4849 mascu-

1856 4882 1975 4937 lum
2010 4882 2223 4937 saltem
2253 4881 2539 4937 haaredem
2574 4882 2922 4953 reliquisset.

1926 4977 2117 5041 Atque
2135 4971 2392 5040 haeejam
2416 4970 2627 5025 ultima
2658 4970 2715 5024 in
2739 4970 3022 5027 Ohronico
3045 4975 3243 5027 nostro
3265 4976 3355 5027 est
3370 4972 3494 5027 Bri-

1855 5059 2229 5131 gantinorum
2245 5059 2543 5125 comitum,
2561 5060 2714 5113 unde
2729 5064 2892 5114 ortus
2906 5060 3015 5114 fuit
3044 5062 3101 5115 S.
3129 5060 3499 5129 Gebhardus,

1857 5148 2397 5218 mentin;querum
2446 5147 2653 5201 seriem
2706 5148 2766 5201 in
2814 5148 3080 5215 Rudolfe,
3132 5156 3201 5203 ut
3248 5150 3496 5217 videtur,

1856 5236 2199 5291 exstinctam
2231 5251 2333 5290 nec
2364 5252 2469 5290 nos
2529 5235 2777 5291 ulterius
2825 5237 3263 5308 prosequimur,
3315 5253 3494 5309 quam

1858 5324 2093 5379 nonnisi
2149 5323 2218 5379 ad
2281 5322 2696 5379 illustrandum
2753 5324 3023 5380 Chrenici
3079 5324 3494 5395 Petershusani

1858 5413 2200 5484 scriptorem
2231 5412 2539 5483 hucusque
2579 5413 2979 5484 perduximus,
3002 5414 3216 5486 sacpius
3258 5411 3492 5484 quidem

1856 5519 1957 5573 per
1971 5502 2339 5571 coniecturas
2352 5506 2449 5556 tan
2461 5502 2735 5569 tum,suis
2748 5506 2941 5558 tamen
2957 5502 3279 5557 rationibus
3290 5495 3489 5565 fultas.

1856 5590 2215 5645 ﬁrmioribus
2248 5589 2398 5648 295
2441 5589 2831 5661 producendis
2880 5590 3027 5643 ultro
3074 5584 3487 5652 subscripturi.

1856 5678 1928 5741 Ut
1958 5682 2157 5737 autem
2185 5682 2305 5739 tota
2352 5677 2530 5751 hujus
2579 5678 2911 5761 systematis
2960 5673 3098 5731 ratio
3146 5672 3356 5745 pateat,
3389 5684 3498 5755 0οτ

42 4804 406 4862 Bruschius
450 4800 512 4854 in
537 4800 709 4868 Augia
729 4798 863 4852 Alba
897 4799 1232 4865 Brigantum
1265 4795 1597 4851 Udalricum
1621 4794 1743 4850 Bri-

41 4892 235 4965 gantii
272 4888 610 4952 comitem,
643 4886 739 4956 qui
774 4902 926 4941 anno
969 4886 1106 4939 1007
1160 4884 1320 4949 obiit,
1375 4889 1526 4939 recte
1573 4901 1743 4939 avum

40 4984 190 5038 dicit
221 4975 500 5037 Rudolﬁ
531 4991 566 5029 a
596 4973 973 5040 Pfullendorf,
1027 4979 1248 5043 patrem
1283 4971 1501 5027 scilicet
1543 4973 1746 5029 matris

39 5072 198 5143 ejus,
224 5083 440 5145 quam
482 5062 882 5119 Elisabetham
917 5062 1201 5125 nominat,
1236 5077 1492 5117 serorem
1516 5061 1745 5117 Rudolﬁ

37 5157 434 5234 Brigantini.
477 5153 562 5208 Ex
584 5151 693 5206 hoc
724 5150 852 5223 ipso
884 5155 1079 5206 autem
1106 5150 1427 5205 subsistere
1450 5155 1748 5221 nequeunt

37 5266 169 5323 quae
194 5250 382 5306 idem
424 5240 782 5307 Brusehius,
815 5238 858 5294 l.
900 5255 954 5294 c.
998 5239 1242 5301 sciscit.,
1278 5239 1347 5293 de
1377 5238 1473 5293 illo
1498 5238 1746 5293 Rudolfo

30 5328 727 5399 Pfullendorfensijam
753 5345 805 5382 a.
835 5327 972 5383 1102
995 5325 1173 5381 altero
1213 5325 1373 5381 illius
1410 5324 1747 5381 monasterii

29 5426 404 5484 fundatore.
427 5416 655 5475 Bertha
668 5415 960 5488 siquidem
973 5416 1118 5484 ,avia
1135 5412 1301 5468 illiud
1319 5417 1748 5477 materna,tunc

30 5518 125 5572 vix
147 5505 677 5590 quadragenaria
711 5521 837 5560 esse
868 5504 1079 5575 potuit,
1112 5519 1245 5556 cum
1278 5500 1565 5556 Rudolfus
1595 5501 1746 5556 anti-

29 5621 225 5664 οωειι·
256 5604 464 5679 pater
501 5594 632 5664 ejus
662 5593 951 5649 secundas
983 5590 1223 5679 nuptias
1242 5605 1375 5646 cum
1406 5593 1590 5679 matre
1620 5590 1745 5679 ejus

28 5674 389 5758 Adelhe'ida
426 5684 685 5741 domum
717 5696 870 5738 anno
904 5679 1031 5737 106!
1059 5677 1291 5747 inierit;
1329 5693 1437 5735 nec
1476 5676 1616 5735 adeo
1646 5674 1744 5735 ille

397 5813 693 5881 Parion.
738 5805 994 5877 CXLIII.
3085 5796 3164 5881 £0.
