3894 6412
405 465 522 530 299

1111 463 1504 530 APPENDIX
1551 467 1652 528 AD
1697 466 2140 529 CHRONICON
2189 463 2601 527 HERMANNI
2647 465 3110 528 CONTRACTI.

3701 457 3810 524 300

404 615 592 673 quens
621 597 1006 672 proponimus
1047 604 1297 659 stemma
1337 598 1771 672 genealogicum
1822 600 2068 655 istorum
2113 598 2392 654 comitum
2441 597 2576 653 inde
2619 615 2655 654 a
2695 602 2857 670 patre
2910 599 2967 654 S.
3020 597 3335 666 Gebhardi,
3388 594 3647 652 omissis
3693 610 3810 666 qua:

405 696 680 772 superius
705 696 740 770 §
767 696 836 754 14
858 698 988 770 jam
1019 701 1218 755 notata
1250 701 1408 754 sunt.

1428 820 1729 876 STEMMA
1779 819 2111 876 COMITUM
2151 819 2765 876 BRIGANTINORUM

1765 955 1799 991 Α
1838 952 2017 991 PATRE
2054 951 2102 991 S.
2144 951 2432 990 GEBHARDI

1485 1053 1624 1108 Szec.
1674 1069 1711 1107 x
1749 1068 1934 1124 usque
1972 1051 2044 1106 ad
2085 1051 2260 1106 finem
2298 1051 2478 1122 hujus
2517 1051 2722 1124 stirpis

1698 1183 1768 1224 ea:
1797 1167 2058 1222 Chronico
2094 1167 2508 1223 Petershusano.

906 1291 1039 1348 UZO
1078 1308 1181 1348 seu
1227 1291 1552 1348 Udalricus.

483 1385 532 1439 1.
570 1382 874 1462 gdalricus
905 1397 1098 1462 comes
1381 1384 1434 1435 2.
1468 1380 1854 1462 Marquardus

571 1454 942 1528 Brigantinus
973 1457 1001 1519 ῒ
1301 1522 1332 1528 _
1378 1522 1391 1528 _
1418 1468 1626 1528 comes
1657 1454 1714 1506 in

725 1526 851 1581 978.
1292 1522 1880 1579 Goldinnishundere.

568 1613 870 1672 Udalricus
899 1627 1092 1666 comes
1119 1609 1512 1682 Brigantinus,
1545 1609 1880 1664 alterutrius

871 1682 1064 1738 fratris
1097 1681 1251 1736 {ilius
1281 1698 1334 1736 a.
1369 1682 1526 1736 1043.

659 1791 788 1846 Otto
819 1789 990 1861 (703‘)
1022 1803 1215 1861 comes
1248 1787 1481 1861 Rhaetite
1511 1787 1808 1842 Curiensis

1149 1859 1307 1914 4079.

574 1965 876 2038 Udalricus
908 1966 1214 2038 Brigantiae
1244 1981 1439 2021 comes
1474 1970 1500 2030 ’ί
1537 1982 1587 2020 a.
1626 1965 1780 2021 1097.

694 2037 904 2095 Bertha
935 2037 1098 2093 uxor.

1715 2121 2048 2178 Elisabetha

1663 2211 1826 2249 soror
1869 2199 2050 2264 nupta

1659 2264 1855 2321 comiti
1891 2265 2050 2319 Pl'ul-

1669 2335 2044 2392 lendorl‘ensi.

413 2127 756 2202 Budolphus
787 2143 980 2202 comes
1165 2123 1486 2182 Udalricus.

412 2199 718 2274 Brigantiae
750 2217 804 2256 a.
833 2199 991 2254 1127.

908 2497 1252 2568 Rudolphus
1281 2497 1365 2568 de
1392 2493 1775 2568 Phullendorf

1015 2566 1117 2624 uxI
1147 2567 1404 2622 Wiﬁldis
1439 2566 1716 2622 Guelﬁca.

1119 2657 1204 2712 Ita
1232 2655 1371 2711 ﬁlia.
1406 2672 1550 2711 uxor
1577 2654 1792 2710 Alberti

1120 2726 1352 2783 comitis
1381 2727 1452 2782 de
1483 2727 1772 2798 Hasburg.

2644 1288 3106 1346 THIERPURGA
3135 1306 3302 1345 uxor.

2503 1380 2556 1434 3.
2583 1378 2902 1453 Luitfridus
3192 1379 3244 1434 4.
3266 1381 3324 1434 8.
3359 1378 3713 1453 Gelbardus
3735 1396 3818 1453 ep.

2539 1466 2732 1505 comes
2765 1451 2824 1504 in
3351 1451 3723 1517 Constaan
3772 1451 3822 1507 a.

2506 1521 2884 1578 Winterthur.
3461 1523 3600 1580 995.

2227 1609 2632 1680 Marquardus.
2667 1627 2768 1665 seu
2805 1608 3146 1669 Luitfridus.
3181 1625 3382 1666 comes

2265 1681 2320 1734 in
2357 1682 2720 1736 Winterthur
2749 1685 2807 1736 et
2838 1681 3059 1753 Kiburg
3083 1681 3254 1753 (703).

2226 1786 2574 1842 Adalbertus
2597 1787 2916 1842 alteritrius
2947 1786 3125 1855 illius,
3161 1803 3358 1844 comes
3390 1788 3449 1843 in

2261 1858 2630 1914 Winterthur
2651 1864 2708 1913 et
2738 1859 2974 1930 Kiburg.
3010 1863 3037 1924 f
3075 1875 3129 1913 a.
3162 1857 3326 1914 1053.

2226 1963 2558 2020 Adelbeidis
2589 1981 2733 2019 uxor
2757 1964 3104 2020 Ilartmanni
3133 1963 3384 2020 senioris
3417 1965 3494 2024 de

2269 2034 2556 2106 Dilingen.

2231 2122 2558 2178 Adelheidis
2670 2123 2971 2180 Udalricus
3046 2127 3452 2181 Hartmannus
3530 2125 3826 2183 Adelber-

2232 2193 2562 2266 uxorUdal-
2743 2211 2833 2266 ep.
3049 2195 3276 2251 Junior.
3506 2199 3609 2253 tus
3635 2196 3828 2254 Dilin-

2232 2265 2333 2318 rici
2356 2265 2425 2340 de
2455 2265 2560 2320 Ga-
2668 2265 2966 2321 Constant.
3507 2268 3728 2340 gensis
3777 2275 3828 2326 et

2231 2337 2576 2408 mertingen.
3497 2337 3703 2396 Kibur
3731 2357 3828 2397 en-

3504 2409 3595 2468 sis
3613 2410 3827 2470 haeres.

2231 2495 2577 2568 Adelbertus
2602 2495 2672 2550 de
2703 2496 3138 2568 Gamertingen.

2235 2566 2538 2622 Udalricus
2569 2567 2639 2622 de
2663 2567 2924 2623 Achalm.

481 2884 628 2944 290
657 2882 690 2956 §
717 2883 888 2939 XXV.
915 2878 1265 2951 Priusquam
1288 2876 1684 2950 disquisitioni
1707 2875 1844 2932 huic
1875 2877 2050 2932 finem
2079 2877 2126 2943 Α
2167 2879 2515 2950 runt,quam
2531 2877 2705 2934 aliam
2720 2878 3586 2952 hzercditatemacquisierunt?
3602 2886 3826 2940 Verum

413 2974 817 3046 imponamus,
840 2972 1021 3026 restat
1041 2971 1106 3022 ut
1139 2965 1422 3022 Fuesslini
1461 2969 1750 3022 assertum
1773 2963 2052 3020 discutia-

413 3075 550 3120 mus
563 3059 634 3116 de
645 3063 914 3115 Cuonone
925 3055 1302 3128 comite,quia
1318 3055 1376 3110 in
1389 3053 1673 3110 Chronico
1690 3053 1952 3124 nostro(l.
1966 3071 2050 3122 ιιι,

415 3167 478 3207 n.
511 3149 568 3222 3)
599 3165 668 3204 ex
687 3145 1010 3204 concubina
1039 3149 1201 3218 pater
1231 3143 1410 3200 fuisse
1438 3143 1654 3198 dicitur
1709 3142 2053 3198 Theodorici

417 3255 512 3296 an.
553 3237 686 3292 I086
727 3233 1140 3292 Petershusani
1191 3232 1440 3298 abbatis,
1492 3230 1746 3287 Luitoldi
1797 3235 1854 3287 et
1902 3230 2054 3286 Mar-

421 3324 646 3400 quardi,
681 3341 830 3396 quos
859 3324 1006 3378 duos
1039 3320 1277 3377 ultimos
1293 3323 1410 3392 post
1440 3320 1645 3376 obitum
1664 3321 1841 3392 patris
1869 3321 1927 3374 in
1959 3320 2054 3390 jus

421 3413 754 3472 Hartmanm'
775 3413 990 3468 comitis
1035 3409 1100 3466 de
1150 3409 1403 3480 Dilingen
1448 3407 1696 3465 cessisse
1742 3408 1822 3463 ait
1869 3409 2053 3481 scrip-

415 3507 526 3572 tor,
557 3518 618 3560 eo
645 3500 882 3574 quodex
927 3498 1136 3554 ancilla
1180 3499 1302 3552 nati
1349 3501 1538 3552 essent.
1595 3497 1723 3551 Haec
1769 3495 1852 3550 ita
1899 3497 2054 3551 acci-

418 3590 630 3665 pienda
649 3588 918 3655 arbitror,
943 3591 1006 3642 ut
1027 3584 1131 3641 filii
1153 3584 1262 3652 illi,
1284 3599 1388 3640 ceu
1412 3583 1700 3656 illegitimi
1729 3588 1784 3640 et
1813 3583 2054 3656 insuper

418 3695 488 3736 ex
517 3676 729 3735 ancilla
755 3672 1123 3748 (Hartmanni
1151 3673 1350 3744 utique
1380 3672 1634 3744 subdita)
1667 3673 1807 3738 nati,
1823 3673 1925 3744 jus
1951 3690 2052 3745 pa-

419 3772 596 3824 ternis
622 3763 980 3821 hereditatis
1013 3760 1316 3836 amiserint
1343 3761 1414 3816 ad
1447 3761 1840 3833 Dilingensem
1874 3761 2052 3817 comi-

417 3859 534 3913 tem
567 3852 926 3923 devolutum,
958 3852 1128 3921 cujus
1159 3849 1300 3905 forte
1328 3849 1496 3905 miles
1527 3843 1628 3905 seu
1651 3849 1908 3906 vasallus
1931 3854 2054 3906 erat

417 3949 580 4018 pater
598 3958 800 4000 eorum
821 3946 1038 3997 Cuono.
1070 3939 1307 3995 Constat
1330 3939 1408 4005 id,
1441 3955 1509 3994 ex
1537 3938 1653 3995 illis
1692 3956 1818 4010 quae
1853 3943 2052 4010 postea

415 4033 728 4099 habentur,
750 4030 1088 4087 Luitoldum
1112 4028 1360 4084 filiorum
1393 4027 1636 4084 alterum
1665 4046 1695 4083 a
1731 4045 1863 4100 rege
1897 4032 2051 4083 Hen-

417 4121 536 4178 rico
559 4119 631 4178 IV
653 4117 1022 4193 privilegium
1043 4117 1326 4174 libertatis
1349 4133 1535 4190 prose
1557 4133 1622 4171 ac
1656 4117 1780 4172 suis
1803 4117 2052 4190 posteris

417 4207 846 4286 promeruisse;
871 4207 1050 4281 igitur
1073 4205 1234 4280 prius
1256 4206 1416 4262 illam
1449 4205 1668 4272 amisit,
1711 4221 1844 4261 cum
1866 4203 1926 4260 in
1957 4207 2050 4276 ius

418 4296 759 4354 Hartmanni
793 4295 1093 4352 concessit.
1127 4298 1260 4362 Quin
1290 4295 1432 4350 dum
1457 4293 1764 4364 perspicua
1781 4294 1917 4359 sint,
1948 4309 2048 4350 ne-

417 4385 538 4444 scio
559 4402 699 4442 sane
716 4401 830 4458 qua
852 4385 1073 4442 ratione
1099 4382 1438 4440 Fuesslinus
1461 4386 1500 4436 t.
1521 4381 1612 4448 IV,
1639 4399 1695 4454 p.
1727 4382 1844 4450 191,
1867 4381 2046 4438 citata

416 4474 681 4534 Chronici
704 4475 875 4530 verba
891 4474 950 4529 in
971 4489 1104 4530 eum
1129 4487 1366 4528 sensum
1384 4469 1747 4541 interpretari
1772 4471 2043 4542 potuerit,

415 4564 584 4639 quasi
623 4564 794 4620 ambo
827 4563 923 4620 isti
965 4562 1068 4617 filii
1108 4560 1424 4632 Delingano
1445 4558 1640 4614 comiti
1673 4557 1732 4612 in
1764 4559 2046 4614 comitutu

415 4653 820 4719 successerint,
853 4656 1026 4724 atque
1056 4648 1262 4704 exinde
1291 4649 1623 4704 Cuononem
1645 4647 1802 4702 hunc
1840 4663 2043 4703 corum

413 4745 636 4816 patrem
657 4740 970 4798 comitibus
990 4738 1060 4793 de
1081 4736 1462 4806 Winterthur,
1486 4753 1587 4792 seu
1621 4736 1840 4808 Kiburg
1861 4737 2045 4792 adnu-

415 4833 614 4886 meret.
636 4830 750 4886 Aut
773 4843 914 4884 num
945 4825 1073 4882 ideo
1099 4827 1448 4881 Hartmanno
1474 4824 1882 4892 successerint,
1905 4824 2046 4896 quod

411 4917 705 4974 exancilla
723 4917 844 4972 nati
882 4917 1030 4981 sunt,
1078 4913 1234 4968 unde
1276 4912 1569 4985 propriam
1608 4913 1802 4984 potius
1831 4913 2043 4968 amise-

482 5085 630 5159 (703)
660 5083 966 5159 Generatio
1009 5081 1130 5138 haec
1169 5081 1485 5159 inserenda
1530 5083 1791 5159 videtur,
1839 5099 1910 5138 ne
1955 5083 2042 5138 ni-

412 5151 594 5213 mium
613 5151 994 5228 protrahatur
1011 5159 1146 5228 satas
1169 5151 1415 5228 Udalrici
1435 5154 1684 5228 comitis.
1701 5151 1870 5228 cujus
1884 5161 2046 5228 pater

411 5225 780 5300 cognominis
799 5226 920 5294 jam
953 5242 1048 5300 an.
1079 5225 1184 5279 978
1205 5225 1370 5300 obiit,
1388 5227 1567 5300 cujus
1599 5225 1899 5280 tilius’vix’
1935 5227 2044 5300 fuit

412 5296 632 5356 Barthie
658 5300 905 5352 maritus
923 5296 1176 5368 primum
1211 5312 1305 5368 an.
1345 5297 1477 5368 1097
1516 5301 1782 5368 mortuus
1817 5301 1873 5350 et
1914 5297 2042 5367 qui-

411 5370 544 5426 dem
575 5370 875 5439 immalura
899 5366 1086 5432 morte,
1147 5367 1244 5439 qui
1299 5383 1366 5439 ex
1421 5367 1591 5439 dictis
1637 5366 1749 5439 Avix.
1779 5366 2038 5439 ante'an.

412 5441 554 5496 1080
586 5437 852 5510 Bertbam
895 5439 1102 5510 ducere
1159 5434 1364 5510 potuit.
1426 5434 1750 5510 Eacitﬂhuc‘
1808 5436 2044 5510 Bernol-

409 5511 524 5568 dus
555 5509 796 5582 auctior,
829 5509 927 5582 qui
959 5511 1028 5582 ad
1061 5506 1323 5582 an.'lO_79
1370 5508 1544 5582 refert
1589 5506 2046 5582 Woll‘oneindu-

409 5597 536 5639 cem
570 5575 860 5637 Rhaetia'm'
878 5581 1212 5636 Curiensem
1241 5575 1527 5632 invasisse
1559 5580 1615 5630 et
1633 5577 1864 5632 comitis
1893 5577 2045 5634 οιιο-

395 5653 499 5710 ,πίε
530 5650 716 5727 tilium
731 5651 1051 5727 subegisse
1074 5668 1108 5727 :_
1121 5648 1221 5727 qui
1243 5645 1403 5727 illius
1415 5645 1567 5727 alius
1581 5663 1708 5727 esse
1723 5647 2042 5727 vix_potu_i_t,

411 5739 588 5808 quam
605 5714 928 5785 Udalricus"
947 5723 1060 5781 iste
1089 5714 1308 5792 ju‘nior,
1343 5714 1455 5775 Ouo
1497 5720 1647 5777 certe
1675 5714 2043 5796 provincialis

2163 2964 2397 3020 aliunde
2427 2965 2603 3021 etiam
2636 2971 2924 3022 assertum
2955 2967 3065 3022 hoc
3113 2967 3394 3024 sustineri
3425 2972 3688 3042 nequit;
3723 2973 3826 3028 hac

2162 3054 2316 3109 enim
2348 3055 2571 3110 ratione
2601 3055 2762 3110 Cuno
2804 3055 2914 3111 iste
2967 3063 3192 3128 patrem
3240 3055 3464 3114 habere
3514 3059 3828 3118 debuisset

2162 3142 2532 3212 Luitl‘ridum,
2575 3143 2828 3214 primum
2881 3161 2950 3200 ex
2997 3144 3125 3217 ipso
3158 3144 3472 3202 Fuesslino
3502 3146 3826 3206 Vitodura-

2162 3248 2304 3286 num
2349 3233 2644 3296 comitem,
2697 3249 2829 3288 cum
2879 3231 3037 3289 filius
3089 3234 3218 3304 ejus
3265 3233 3678 3294 Theodericus
3702 3240 3826 3310 jam

2161 3335 2256 3375 an.
2285 3321 2416 3376 1086
2435 3321 2617 3376 abbas
2637 3321 2959 3392 exstiterit;
2997 3337 3104 3378 nec
3143 3323 3287 3378 adeo
3308 3322 3702 3398 DilingenSes
3734 3327 3828 3384 Ki-

2163 3409 2535 3481 burgensem,
2569 3409 2669 3464 sed
2702 3409 2759 3464 hi
2793 3410 2987 3480 potius
3019 3409 3414 3484 Dilingensem
3465 3415 3828 3472 comitatum

2163 3497 2496 3554 haereditate
2525 3497 2936 3554 obtinuissent.
2969 3501 3084 3554 Aut
3129 3501 3426 3572 quomodo
3477 3502 3704 3562 fratres
3734 3505 3829 3561 isti

2163 3602 2528 3641 successores
2559 3585 2670 3641 dici
2703 3591 2953 3658 possunt
2993 3587 3342 3644 Hartmanni
3385 3590 3458 3646 de
3491 3590 3780 3666 Dilingen
3801 3593 3829 3648 ἵ

2162 3673 2261 3746 qui
2293 3679 2487 3729 tamen
2522 3675 2646 3746 ipse
2675 3674 3053 3731 Adelheidem
3085 3675 3278 3732 ultimi
3327 3677 3700 3738 Vitodurani
3731 3699 3830 3738 co-

2159 3762 2322 3817 mitis
2352 3763 2640 3818 Adelberti
2674 3763 2853 3818 tiliam
2877 3765 3188 3837 conjugem
3211 3765 3442 3832 habuit,
3464 3770 3640 3826 unde
3660 3769 3829 3827 Hart-

2160 3867 2442 3906 mannum
2465 3851 2760 3919 juniorcm
2805 3857 2861 3907 et
2911 3853 3286 3910 Adelbertum
3335 3856 3654 3927 proximos
3685 3875 3827 3916 suos

2160 3956 2524 3996 successores
2574 3941 2900 4012 progenuit,
2963 3958 3214 4012 quorum
3277 3943 3534 4002 ultimus
3607 3947 3826 4004 saltem

2159 4027 2350 4085 adhuc
2381 4045 2473 4082 an.
2498 4029 2630 4083 4131
2668 4034 2963 4102 superstes
2993 4029 3127 4096 fuit,
3150 4031 3334 4088 totius
3377 4034 3734 4104 patrimonii
3770 4041 3830 4092 et

2160 4115 2516 4171 matrimonii
2540 4116 2742 4173 haras.
2767 4116 2974 4172 Nullus
2995 4117 3190 4191 itaque
3207 4136 3313 4176 nec
3330 4119 3490 4177 inter
3505 4123 3828 4180 Vitodura-

2158 4222 2266 4260 nos
2296 4221 2398 4260 seu
2430 4205 2846 4277 Kiburgenses,
2881 4223 2985 4262 nec
3016 4207 3166 4264 inter
3196 4208 3548 4282 Dilinganos
3572 4214 3828 4269 comites

2157 4291 2506 4364 relinquitur
2527 4291 2689 4348 locus
2741 4293 2963 4350 Cunoni
2984 4295 3231 4368 ejusque
3246 4295 3408 4363 ﬁliis,
3427 4297 3578 4354 alibi
3600 4299 3828 4357 fortein

2155 4381 2362 4436 Suevia
2393 4380 2800 4453 inquirendis;
2831 4399 3081 4454 quorum
3111 4400 3248 4440 vero
3289 4385 3590 4445 familiam
3625 4388 3828 4462 inqui-

2155 4486 2278 4525 rere
2301 4475 2564 4525 nostrum
2589 4470 2745 4526 haud
2766 4469 3026 4528 interest.
3054 4473 3161 4538 Qui
3183 4489 3356 4546 porro
3391 4475 3451 4530 in
3494 4476 3822 4544 Chronico,

2156 4559 2308 4630 quod
2326 4559 2450 4628 jam
2475 4559 2704 4625 damus,
2727 4558 2866 4614 hinc
2881 4559 3017 4614 inde
3033 4565 3350 4617 occurrunt
3365 4564 3631 4622 comitea
3652 4566 3830 4622 aliive

2153 4645 2398 4713 nobiles,
2423 4646 2546 4702 suis
2569 4645 2712 4702 locis
2734 4645 2793 4701 in
2817 4648 3149 4718 subjunctis
3173 4651 3348 4720 notis,
3381 4657 3580 4724 quoad
3607 4670 3825 4712 eorum

2153 4735 2358 4790 notitia
2387 4725 2587 4790 haberi
2622 4736 2852 4808 poterit,
2889 4736 3627 4814 breviterillustrabimus,
3651 4743 3744 4800 uti
3771 4747 3832 4800 et

2155 4824 2394 4880 nomina
2421 4822 2702 4892 locorum,
2735 4824 2948 4897 saepius
2978 4829 3172 4882 tamen
3214 4827 3567 4888 hariolando
3607 4837 3832 4890 extun-

2151 4912 2342 4968 denda
2368 4913 2560 4984 potius
2592 4929 2768 4985 quam
2799 4922 2951 4970 certo
2984 4915 3450 4974 determinanda.

2151 5086 2209 5160 _e_t
2237 5080 2539 5160 co_m_esg_
2573 5083 2734 5138 curia
2775 5082 3084 5160 Rhaetiensi
3115 5089 3354 5142 notatur
3390 5086 3460 5142 in
3483 5088 3826 5160 diplomate

2152 5153 2378 5226 Henrici
2413 5153 2486 5226 Ill
2525 5153 2816 5226 imp.‘an.
2873 5157 3007 5209 1050
3053 5173 3156 5226 pro
3208 5153 3576 5214 monasterio
3631 5161 3828 5217 Faba-

2152 5225 2328 5279 riensi
2350 5225 2408 5278 in
2431 5223 2528 5278 illo
2554 5223 2832 5279 comitatu
2857 5227 2991 5291 sito,
3013 5223 3235 5281 scilicet
3253 5230 3312 5282 in
3349 5232 3626 5286 comitatu
3651 5231 3830 5286 Odal-

2150 5297 2256 5371 rici
2283 5297 2494 5371 ςρῃιίιιζς
2519 5295 2583 5350 de
2611 5297 3266 5371 Bragganimtutuhabet
3313 5299 3611 5371 diploma.
3663 5303 3828 5358 Hen-

2153 5366 2255 5448 ri‘ci’
2289 5365 2358 5420 IV
2396 5383 2536 5448 imp.
2571 5383 2631 5448 a'.
2830 5384 2922 5438 ap.
2958 5367 3345 5448 fallerrgott.
3369 5365 3592 5448 £11191.
3629 5373 3830 5448 igitur

2152 5436 2396 5492 ultimus
2447 5436 2540 5490 hic
2591 5436 2896 5494 Udalricus
2948 5438 3158 5495 Ottom's
3205 5436 3381 5496 istius
3404 5441 3570 5500 filius
3622 5436 3824 5501 fuisse

2152 5507 2357 5562 merito
2381 5507 2703 5576 judicatur.

2221 5580 2374 5656 (2'03)
2401 5579 2703 5656 Generatio
2727 5578 2846 5656 haec
2877 5596 2991 5637 non
3022 5597 3091 5638 ex
3121 5581 3410 5640 Chronico
3442 5591 3677 5656 nostro,
3703 5586 3824 5654 sed

2150 5649 2415 5707 ex'Lazio
2445 5649 2664 5707 inserta
2692 5655 2801 5707 est.
