3894 6350
136 374 250 500 eos

137 676 263 717 ram
294 660 455 716 dedit
473 664 530 717 et
559 660 744 718 multa
756 660 984 733 peculia
1004 660 1372 733 congregavit
1394 678 1408 727 ;
1428 664 1775 732 acceptaque

139 766 314 807 uxore
346 748 533 805 tilium
565 768 632 806 ex
661 768 728 806 ea
758 750 959 823 genuit
989 751 1222 805 nomine
1249 748 1633 815 Adilbertum,
1676 745 1776 819 qui

138 856 270 896 cum
302 839 364 895 Β.
399 838 589 895 Leone
618 856 769 912 papa
798 840 856 894 in
888 839 1157 911 Apuliam
1182 840 1432 907 transiit,
1456 838 1652 909 ibique
1675 853 1777 908 pro

140 945 318 984 causa
333 928 392 982 S.
429 927 579 983 Petri
604 932 805 984 contra
826 927 1357 1000 Nortmannos,qui
1381 927 1654 999 Apuliam
1684 926 1774 980 in-

138 1021 704 1089 vaserant,pugnans
726 1019 1016 1073 occubuit.
1032 1018 1217 1089 Hujus
1240 1017 1357 1071 lilia
1378 1022 1499 1071 erat
1518 1014 1776 1070 Adilhel-

139 1105 249 1172 dis,
276 1121 453 1178 quam
472 1122 667 1161 comes
697 1106 1093 1161 Hartmannus
1126 1107 1318 1160 senior
1344 1106 1415 1160 de
1447 1104 1677 1173 Dilinga
1719 1103 1776 1156 in

139 1193 582 1249 matrimonium
611 1195 851 1265 accepit,
886 1212 1013 1265 qua:
1039 1194 1087 1248 ei
1113 1195 1327 1265 peperit
1350 1195 1776 1249 Hartmannum

140 1282 455 1354 iuniorem,
492 1286 550 1338 et
580 1284 962 1349 Adilbertum,
998 1283 1097 1355 qui
1142 1285 1333 1339 adhuc
1383 1287 1663 1353 superest,
1724 1283 1781 1335 et

139 1370 317 1427 totius
349 1371 687 1444 patrimonii
712 1377 767 1427 et
790 1372 1148 1427 matrimonii
1172 1373 1352 1427 haeres
1379 1372 1614 1427 elfectus
1645 1374 1734 1424 est
1761 1386 1774 1433 ;

139 1465 194 1515 et
223 1459 620 1527 Uodalricum,
656 1460 755 1532 qui
809 1461 963 1532 apud
1012 1462 1406 1515 Constantiam
1469 1460 1779 1531 episcopus

140 1547 327 1604 factus
356 1551 466 1615 est,
497 1548 568 1603 de
599 1564 715 1620 quo
766 1553 966 1620 postea
1022 1549 1262 1604 forsitan
1324 1549 1520 1620 aliqua
1564 1544 1777 1601 dicturi

142 1652 385 1703 sumus;
418 1635 571 1691 filias
603 1652 835 1708 quoque
866 1642 1006 1704 tres,
1040 1654 1163 1708 qna:
1190 1638 1359 1691 modo
1383 1637 1439 1691 iu
1473 1636 1781 1690 sanctimo-

143 1722 279 1780 niali
320 1723 528 1779 habitu
591 1729 1048 1795 commorantur,
1108 1743 1359 1796 quarum
1420 1742 1534 1780 una
1582 1724 1782 1788 genuit

142 1812 520 1869 Uodalricum
552 1814 823 1868 comitem
858 1813 926 1869 de
960 1814 1386 1884 Gamirtingen,
1420 1817 1475 1869 et
1518 1813 1778 1868 Adilber-

141 1908 266 1959 tum
298 1900 370 1957 de
397 1901 723 1958 Achalmin.
759 1902 858 1975 qui
892 1904 1062 1958 ambo
1094 1902 1284 1958 adhuc
1314 1904 1429 1958 vita
1455 1903 1778 1974 potiuntur.
1815 1932 1861 1997 B

143 2027 297 2086 ω’
349 2030 380 2095 §
434 2025 585 2082 VIII.
646 2026 942 2152 Quompidot
988 2027 1330 2152 Gebihardus
1416 2027 1785 2083 hereditatem

783 2115 817 2152 a
857 2115 1009 2152 enus
1048 2115 1100 2152 es
1134 2141 1145 2152 .

783 2115 1009 2168 adeptus
1048 2115 1145 2153 est.

208 2211 420 2268 Junior
445 2210 626 2284 igitur
655 2228 835 2283 supra
866 2218 1320 2268 memoratorum
1354 2214 1623 2277 fratrum,
1684 2212 1782 2267 sed

147 2304 553 2359 ornamentum
576 2302 1565 2368 eorum,Gebehardus,exdefunctm
1585 2301 1787 2357 matris

147 2390 470 2463 Dietpurga:
490 2394 653 2445 utero
666 2390 1010 2453 excissus,et
1024 2391 1379 2462 quibusdam
1400 2392 1672 2446 fomentis
1691 2392 1789 2446 ob-

145 2478 375 2537 volutus
397 2483 489 2535 est
518 2495 705 2549 usque
735 2480 805 2533 ad
838 2485 1068 2551 tempus
1102 2480 1438 2534 nativitatis.
1486 2480 1603 2535 Deo
1660 2481 1788 2549 ejus

144 2568 319 2624 vitam
350 2568 425 2623 ad
457 2566 779 2622 multorum
814 2566 1064 2622 salutem
1101 2573 1448 2623 reservante.
1474 2568 1552 2622 De
1573 2568 1788 2623 talibus

145 2660 339 2713 tamen
369 2655 800 2712 excisislitteraa
822 2661 1111 2711 testantur
1142 2658 1318 2728 quod,
1344 2658 1394 2711 si
1448 2658 1564 2711 vita
1593 2674 1788 2712 comes

148 2742 545 2812 fuerit,felices
574 2744 634 2798 in
662 2746 880 2800 mundo
904 2745 1250 2802 habeantur.
1274 2750 1476 2817 Itaque
1497 2747 1790 2801 enutritus

148 2838 203 2890 et
223 2833 438 2890 litteris
454 2832 887 2904 traditus,apud
916 2834 1318 2889 Constantiam
1339 2836 1625 2897 eruditus,
1676 2833 1789 2889 ibi-

52 2982 67 3003 ,
149 2939 257 2994 que
286 2920 608 2977 canonicus
638 2922 826 2977 factus
856 2928 963 2988 est,
988 2924 1154 2992 cujus
1172 2925 1359 2978 Vitam
1380 2925 1655 2994 quoniam
1679 2922 1790 2978 allo

150 3026 317 3083 opere
346 3011 518 3082 (718),
565 3014 629 3064 ut
661 3011 981 3081 potuimus,
1034 3014 1287 3067 exsecuti
1350 3031 1579 3075 sumus,
1640 3028 1792 3066 nunc

150 3099 349 3174 paucis
381 3099 1027 3172 attingemus.Denique
1054 3118 1186 3156 cum
1214 3104 1418 3156 fratres
1448 3103 1597 3171 ejus,
1643 3102 1796 3155 sicut

151 3187 420 3259 superius
448 3186 775 3254 retulimus,
801 3194 986 3244 sortes
1012 3190 1363 3244 haereditatis
1395 3190 1545 3245 inter
1584 3208 1644 3244 se
1672 3190 1792 3243 dis-

149 3276 497 3342 tribuerent,
526 3276 796 3331 dixerunt
818 3277 971 3332 hunc
993 3295 1123 3333 esse
1144 3278 1441 3344 clericum,
1470 3296 1571 3333 nec
1593 3295 1792 3333 eorum
1826 3299 1868 3363 ρ

153 3365 509 3425 διωνθᾶίιαιὶε
540 3366 829 3437 indigum,
862 3383 929 3421 ex
948 3366 1320 3422 facultatibus
1355 3368 1615 3421 Ecclesia:
1653 3368 1793 3421 satis

155 3453 627 3529 opulentumJlle
649 3454 767 3509 hanc
788 3456 1032 3510 audiens
1055 3474 1187 3510 cum
1212 3456 1368 3527 gravi
1396 3456 1794 3527 indignatione

155 3543 478 3616 portionem
492 3558 660 3597 suam
686 3544 1026 3615 exquirebat
1050 3544 1429 3615 ;el,quoniam
1450 3544 1798 3615 eloquentis-

156 3630 341 3688 simus
370 3635 500 3688 erat
518 3636 575 3685 et
593 3632 815 3697 efﬁcax,
834 3632 1303 3687 comminabatur
1324 3633 1408 3686 eis
1423 3633 1489 3686 ad
1522 3632 1794 3686 ultimum

159 3720 313 3793 quia,
331 3719 382 3777 si
403 3723 613 3791 sponte
632 3719 742 3775 sibi
758 3720 862 3791 jus
883 3720 1237 3775 haereditatis
1262 3738 1377 3775 sua:
1401 3719 1621 3775 nollent
1638 3721 1797 3785 dare,

159 3825 217 3866 se
235 3826 401 3867 arma
420 3812 820 3880 sumpturum,
848 3826 1027 3879 seque
1052 3808 1243 3881 gladio
1266 3810 1663 3864 defensurum.
1686 3811 1799 3863 lta-

159 3914 285 3969 que,
318 3897 431 3953 hoc
466 3896 671 3952 auditu
705 3897 1110 3969 percipientes,
1145 3899 1305 3953 inviti
1341 3900 1599 3953 fecerunt
1646 3898 1800 3969 quod

160 3990 361 4060 sponte
391 3984 733 4055 noluerunt,
765 3986 935 4057 eique
966 3991 1189 4059 partem
1248 4005 1416 4042 suam
1458 4005 1526 4042 ex
1579 3987 1802 4058 integro

159 4076 553 4134 tradiderunt.

324 4194 354 4262 §
384 4191 481 4247 IX.
514 4195 595 4248 De
625 4191 711 4247 his
742 4207 867 4264 quae
896 4191 968 4247 ad
988 4191 1363 4249 Constantiam
1392 4192 1634 4247 tradidit.

229 4298 452 4364 Atille,
487 4296 767 4369 quoniam
819 4297 910 4353 lex
945 4298 1040 4354 Dei
1101 4303 1225 4353 erat
1285 4298 1343 4352 in
1376 4300 1549 4353 corde
1598 4299 1806 4370 ipsius,

166 4387 408 4443 terrenis
440 4385 661 4442 divitiis
682 4402 797 4441 non
830 4386 1189 4458 supplantati
1223 4392 1359 4441 sunt
1382 4404 1620 4458 gressus
1659 4391 1811 4461 ejus,

168 4475 263 4531 sed
287 4474 359 4531 ad
391 4472 704 4531 ecclesiam
752 4478 809 4529 S.
843 4475 1035 4530 Maria:
1066 4475 1416 4531 Constantia?
1480 4478 1627 4547 (7l9)
1678 4496 1811 4550 pur-

1036 434 1480 501 CHRONICUN
1523 429 2239 504 PETERSHUSANUM.
2270 466 2350 483 —-
2382 434 2532 498 LIB.
2575 434 2625 500 Ῑ.

133 568 237 628 tali
259 567 466 629 fratres
496 568 701 629 fefellit
729 570 968 637 astutia,
999 574 1175 645 atque
1221 564 1586 645 agriculturae
1640 584 1773 642 ope-
1802 566 1860 633 Α

3403 437 3524 503 306

2301 571 2668 640 Privz'legium
2697 570 2764 630 de
2794 569 3108 645 Obirndorf.

1954 680 1983 708 «
2017 658 2290 715 Noverint
2318 678 2522 717 omnes
2569 666 2690 718 tam
2751 666 3063 733 praesentes
3111 678 3287 734 quam
3343 662 3526 720 futuri

1884 748 2037 816 quod
2068 766 2172 820 ego
2197 750 2518 817 Kessmar,
2544 756 2755 807 sancta:
2782 751 3243 808 Constantiensis
3264 750 3526 809 Ecclesia

1887 836 2092 893 fratrer
2114 838 2411 911 indignus,
2437 839 2701 912 cogitans
2720 858 2823 913 pro
2848 842 3105 897 remedio
3132 841 3341 898 anima:
3362 857 3527 913 mete,

1888 941 1989 979 nec
2020 944 2134 981 non
2156 928 2487 1000 evangelica
2517 934 2573 984 et
2596 930 2915 993 apostolica
2945 934 3183 987 secutus
3239 930 3527 1003 exempla,

1886 1030 2019 1069 cum
2051 1032 2337 1072 consensu
2360 1019 2513 1074 808
2541 1019 2781 1075 fratrum
2806 1021 3105 1090 meorum(
3114 1020 3243 1091 720)
3262 1026 3317 1076 et
3346 1037 3528 1077 manu

1886 1103 2146 1159 advocati
2182 1106 2294 1160 mei
2350 1106 2659 1189 Uodalrici,
2704 1109 2855 1177 juris
2914 1108 3029 1163 mei
3088 1108 3527 1182 proprietatem,

1887 1208 2064 1262 quam
2097 1200 2401 1263 parentum
2445 1198 2810 1252 successione
2866 1196 2925 1251 in
2973 1196 3116 1252 locis
3163 1196 3536 1253 Hoberndorf

1887 1283 2057 1352 (721),
2083 1283 2473 1338 Hakelinbach
2499 1285 2668 1355 (722),
2700 1285 3054 1357 Pilolt'hinga
3102 1285 3271 1358 (723),
3323 1285 3525 1341 Luite-

1889 1372 2135 1425 l'estorof
2159 1372 2305 1441 (72’s)
2337 1388 2470 1426 cum
2503 1373 2775 1429 omnibus
2806 1373 3162 1445 appendiciis
3193 1374 3264 1430 ad
3320 1374 3525 1430 eadem

1889 1458 2015 1514 loca
2039 1459 2486 1531 pertinentibus,
2516 1460 2794 1528 aedificiis,
2813 1460 3411 1533 mancipiis,pascuis,
3431 1461 3527 1519 sil-

1888 1548 1996 1616 vis,
2030 1548 2218 1619 aquis,
2243 1565 2648 1619 aquarumque
2679 1549 3047 1616 decursibus,
3110 1549 3429 1606 mobilibus
3472 1553 3532 1606 et

1888 1636 2377 1704 immobilibus,et
2397 1637 2702 1693 cunctisad
2722 1638 2923 1693 eadem
2942 1637 3068 1694 loca
3079 1638 3530 1712 pertinentibus,

1889 1726 2060 1796 [quae]
2084 1726 2393 1797 dignoscor
2412 1725 2644 1794 habere,
2670 1726 2837 1783 trado
2855 1727 2927 1783 ad
2946 1731 3215 1783 sanctum
3245 1726 3530 1799 pradictm

1888 1819 2182 1881 Constant,
2217 1814 2853 1882 ecclesiazicosnobium,
2881 1814 3157 1871 fratribus
3187 1816 3298 1872 Deo
3313 1814 3532 1873 ibidem

1891 1904 2128 1960 assidue
2166 1903 2610 1973 famulantibus,
2644 1904 2737 1958 cui
2768 1905 2855 1959 vir
2883 1921 3127 1960 summa:
3146 1902 3444 1977 religionis
3466 1920 3532 1960 ac

1894 1992 2169 2048 doctrinae
2189 1992 2568 2049 Chuonradus
2598 1992 2910 2065 episcopus
2967 1992 3247 2065 regimine
3278 1990 3530 2064 spiritali

1894 2082 2199 2154 praefectus
2238 2097 2365 2136 esse
2393 2080 2619 2136 videtur
2648 2081 2792 2154 (725)
2818 2098 2832 2149 ;
2857 2098 2924 2137 ea
2953 2085 3146 2137 tamen
3198 2079 3531 2138 conditione

1892 2175 1959 2226 ut
1989 2188 2113 2242 ego,
2146 2171 2496 2226 eamdemad
2523 2187 2614 2226 me
2645 2170 2928 2243 recipiens
2968 2170 3396 2243 proprietatem,
3439 2167 3530 2225 vel

1896 2259 2045 2315 alius
2076 2260 2338 2330 ejusdem
2371 2258 2771 2325 fraternitatis,
2810 2275 3217 2331 quemcunque
3272 2258 3529 2326 voluero,

1897 2363 2138 2402 censum
2157 2347 2290 2401 indc
2312 2345 2680 2418 persolvat,id
2703 2347 3053 2420 estsingulis
3077 2347 3409 2419 quibusque
3432 2344 3534 2403 ab-

1898 2435 2036 2490 hinc
2062 2436 2119 2489 in
2152 2440 2450 2507 posterum
2483 2433 2675 2499 annis,
2710 2434 3016 2491 festivitate
3045 2435 3103 2489 S.
3138 2434 3325 2507 patris
3353 2428 3539 2488 nostri

1899 2540 1965 2580 ac
1988 2523 2332 2579 venerabilis
2359 2541 2519 2595 papae
2547 2522 2806 2595 Gregorii
2837 2525 2981 2595 (726)
3019 2520 3309 2595 praedictis
3342 2518 3540 2578 fratri—

1899 2612 2201 2675 bus,sicut
2232 2612 2510 2666 canonica
2568 2611 2922 2667 monstrabit
2973 2611 3192 2683 regula,
3256 2610 3542 2667 serviatur

1899 2703 2066 2774 (727).
2094 2702 2299 2755 Actum
2325 2699 2672 2756 Constantia:
2695 2703 2902 2771 quarta
2926 2700 3006 2755 Id.
3034 2697 3541 2770 Martii,prasente

1899 2795 1956 2845 et
1985 2789 2319 2843 confavente
2343 2787 2613 2860 praedicto
2635 2787 2909 2843 advocato
2934 2804 3060 2843 meo
3083 2784 3406 2851 Uodalrico,
3430 2798 3539 2841 nec

1901 2896 2013 2933 non
2047 2884 2103 2933 et
2134 2877 2263 2931 aliis
2294 2877 2563 2941 testibus,
2596 2892 2847 2947 quorum
2879 2876 3212 2948 subscripta
3258 2878 3396 2931 sunt
3440 2888 3540 2930 no-

1903 2967 2099 3022 mina:
2158 2966 2474 3020 Eberhard.
2536 2964 2815 3020 Liutfred.
2892 2964 3209 3019 Hildibold.
3294 2961 3537 3019 Chuuo.

1902 3060 2157 3127 Cozpret.
2210 3054 2491 3125 Adilpret.
2556 3054 2867 3109 Mereboto.
2925 3052 3208 3125 Liutpret.
3265 3050 3539 3126 Sigibert.

1905 3145 2211 3216 Hadepcrt.
2236 3143 2484 3215 Dietger.
2521 3145 2715 3197 Wern.
2752 3140 3010 3216 Adilgoz.
3039 3165 3065 3191 »

1906 3254 1934 3319 ξ
1962 3252 2026 3306 Χ.
2060 3250 2331 3319 Quomodo
2362 3251 2641 3375 quaesivitt
2676 3250 2901 3304 ubinam
2955 3233 3351 3304 monasterium
3403 3261 3541 3302 con-

2593 3337 2619 3373 .ς
2642 3330 2845 3375 rueret.

2593 3330 2845 3375 strueret.

1975 3412 2116 3466 Cum
2142 3415 2334 3463 autem
2360 3408 2573 3480 placuit
2606 3407 2768 3479 eiqui
2801 3425 2934 3463 eum
2959 3405 3211 3461 mirabili
3232 3404 3435 3461 ordine
3466 3403 3539 3459 dc

1908 3503 2067 3553 utero
2102 3498 2306 3552 matris
2328 3515 2445 3552 sure
2478 3496 2818 3567 segregavit,
2855 3500 2911 3551 et
2937 3494 3271 3567 vocavitper
3289 3492 3539 3565 gratiam

1908 3604 2073 3643 suam
2108 3591 2170 3640 ut
2202 3590 2359 3641 esset
2388 3586 2445 3639 in
2480 3586 2648 3639 domo
2682 3583 2911 3639 Domini
2944 3584 3183 3639 lucerna
3211 3582 3423 3638 ardens
3488 3582 3547 3635 et

1905 3677 2127 3742 lucens,
2161 3675 2434 3729 continuo
2485 3691 2599 3728 non
2633 3672 2922 3745 acquievit
2957 3673 3117 3728 carni
3173 3676 3229 3728 et
3275 3666 3550 3742 sanguini

1910 3771 1975 3821 ut
2002 3763 2330 3835 indulgeret
2357 3763 2473 3818 otio
2507 3762 2593 3818 vel
2653 3761 2963 3834 voluptati,
3022 3762 3125 3817 sed
3177 3764 3372 3816 mente
3427 3775 3554 3831 per-

1909 3858 2168 3910 tractans
2225 3851 2518 3923 quomodo
2561 3852 2630 3907 ad
2688 3852 2798 3906 hoc
2869 3855 3104 3906 vocatus
3186 3852 3309 3905 erat
3363 3851 3429 3902 ut
3493 3845 3553 3901 in

1911 3943 2077 3997 vinea
2106 3940 2334 3996 Domini
2361 3940 2669 4003 laboraret,
2687 3954 2933 4011 eamque
2954 3937 3237 3993 excoleret
3259 3938 3317 3992 et
3347 3933 3553 3992 melio-

1914 4036 2087 4095 raret,
2116 4030 2288 4100 cmpit
2310 4028 2655 4099 investigare
2678 4044 2779 4099 per
2798 4025 3106 4082 consilium
3133 4023 3383 4097 Spiritus
3419 4039 3554 4080 san-

1915 4120 1959 4174 ti
1983 4135 2096 4190 quo
2124 4117 2356 4189 ingenio
2381 4133 2462 4186 se,
2484 4115 2660 4171 veluti
2684 4114 2943 4181 damula,
2966 4116 3261 4170 excuteret
3280 4111 3351 4169 de
3373 4111 3556 4183 hujus

1916 4206 2123 4263 mundi
2147 4206 2434 4276 decipula,
2451 4213 2536 4271 ut,
2558 4203 2735 4260 veluti
2758 4204 3035 4259 Hebraeus
3064 4218 3288 4270 servus,
3311 4201 3559 4272 septimo

1918 4312 2090 4360 anno,
2125 4294 2231 4348 hoc
2253 4299 2359 4361 est,
2395 4297 2526 4365 post
2554 4297 2881 4348 transactos
2900 4292 3128 4348 labores
3148 4290 3328 4361 hujus
3348 4288 3555 4344 mundi

1920 4385 2067 4439 liber
2085 4383 2338 4438 Sabbata
2354 4398 2522 4453 agere
2545 4386 2741 4453 posset
2769 4382 2829 4435 in
2861 4382 3014 4437 804
3037 4379 3269 4435 secula.
3303 4377 3565 4449 Denique

1922 4473 2080 4528 omni
2114 4471 2436 4526 intentione
2468 4470 2807 4543 exquirebat
2836 4485 3094 4542 quonam
3125 4466 3296 4523 modo
3336 4465 3564 4521 Christo

169 4564 656 4637 temprazdiorum
683 4565 1304 4635 suorumtemporibus
1327 4566 1813 4623 beatzememorize
1924 4559 2346 4632 acceptissimo,
2406 4575 2768 4631 quaecunque
2824 4558 3077 4614 habebat
3131 4555 3216 4611 vel
3265 4553 3567 4626 acquirere

172 4652 461 4710 Kuonradi
495 4651 761 4723 presulis
793 4652 1050 4720 tradidit,
1086 4670 1263 4725 super
1299 4670 1422 4725 qua:
1442 4654 1555 4709 tale
1587 4654 1817 4726 privile-
1853 4666 1895 4728 ι)
1926 4653 2174 4722 poterat,
2234 4647 2439 4703 offerre
2478 4646 2792 4717 quivisset:
2826 4651 2884 4702 et
2920 4644 3034 4701 tale
3064 4645 3301 4699 demum
3352 4640 3568 4714 reperit

171 4740 327 4814 gium
355 4741 497 4797 fecit
526 4758 539 4796 :

236 4867 386 4948 (718)
416 4865 675 4948 Deperiit
703 4866 821 4921 haec
851 4867 979 4948 vitae
1011 4868 1070 4922 S.
1102 4867 1441 4948 .Gobehardi
1502 4867 1753 4948 Historia
1784 4884 1818 4948 a

551 4938 684 5008 ujus
734 4943 970 4993 auctore
1002 4940 1419 5010 scriptaiquae
1452 4940 1607 4993 enim
1659 4940 1815 5009 apud

175 5006 661 5073 Bollandianos‘t.
696 5011 771 5082 VI
812 5011 959 5082 Aug.
1012 5006 1225 5082 p.j_'115
1272 5006 1580 5076 habetur,a
1608 5006 1820 5066 Manlio

176 5093 303 5153 suo,
336 5096 434 5136 ινι
494 5095 563 5135 ex
610 5080 929 5136 seniorum'
953 5080 1263 5136 traditione
1324 5084 1656 5153 conscripta
1710 5086 1819 5150 est,

177 5150 429 5208 multum
467 5155 668 5207 tamon
725 5153 996 5207 convenit
1050 5168 1183 5207 cum
1243 5153 1314 5207 iis
1366 5169 1492 5223 quas
1544 5150 1636 5207 hic
1696 5171 1825 5208 nar-

174 4936 441 4994 Cbronici

180 5228 405 5278 rantur.

1928 4735 2413 4803 consilium,nihil
2434 4752 2552 4791 suae
2579 4735 2755 4791 satuti
2775 4734 2983 4791 melius
2999 4733 3371 4807 profuturum
3389 4745 3568 4803 quam

1995 4861 2143 4933 (721)
2175 4858 2539 4915 Oberdorfin
2563 4858 2821 4933 capitulo
2841 4857 3021 4933 rurali
3038 4854 3429 4933 Lindaviensi.

1998 4926 2564 5004 (72:2)Videturesse
2592 4926 2958 5003 Heggelbach
3009 4931 3066 4984 in
3112 4927 3288 5000 capit.
3324 4926 3575 4983 stensi

1924 5002 2035 5073 §34
2056 5002 2478 5074 Hagilimbach.

1999 5071 2168 5146 (723)“
2186 5073 2619 5146 Billaﬁngen‘in
2652 5072 2906 5146 capitulo
2939 5071 3210 5146 Linzgav:

2003 5138 2154 5222 (725)
2188 5138 2617 5222 Liggerstorf
2640 5138 2814 5214 capit.
2845 5138 3155 5222 Stockach.
3190 5142 3339 5222 Loca
3357 5138 3583 5222 scilicet

1933 5212 2191 5292 in‘pagis
2226 5212 2527 5292 Linzgove,
2554 5212 2800 5292 ﬂegove
2832 5215 3149 5292 etAlgove,
3198 5212 3298 5268 ubi
3323 5216 3581 5282 paternae

244 5295 398 5365 (719)
420 5294 887 5349 Constantiensis
906 5292 1159 5349 ecclesiae
1184 5293 1532 5367 cathedralis
1559 5295 1825 5348 canonim
1937 5286 2320 5367 pos-assiopes
2337 5290 2520 5367 erant.
2554 5286 2682 5341 Vid.
2708 5286 2861 5367 infra

183 5378 558 5421 communem
591 5369 730 5421 tunc
750 5367 923 5421 vitam
951 5366 1219 5431 agebant,
1252 5367 1403 5419 unde
1422 5370 1475 5418 et
1500 5365 1706 5419 fratres
1728 5383 1823 5418 vo-

183 5435 488 5503 cabantur,
524 5435 1205 5509 ipsorumquehabitntio
1271 5437 1614 5491 cmnobium.
1661 5438 1828 5505 (Gsu-

185 5521 344 5580 nla'r.
379 5510 517 5580 Hist.
540 5508 642 5580 Sil.
676 5508 871 5579 NigIt.
906 5508 945 5572 l,
979 5525 1036 5580 p.
1064 5508 1208 5578 154.)

2008 5364 2155 5433 (725)
2188 5362 2246 5414 S.
2282 5358 2581 5433 Conradus
2603 5376 2697 5413 an.
2723 5349 2825 5411 974
2839 5349 2982 5412 obiit
3009 5375 3022 5423 ;
3048 5354 3226 5426 igitur
3244 5352 3359 5407 lues
3379 5349 3582 5403 charta

1939 5429 2103 5508 prius
2129 5429 2253 5508 jam
2275 5430 2429 5508 (data
2452 5429 2579 5508 fuit.

2189 5506 2351 5576 Patet
2375 5501 2511 5555 hinc
2532 5500 2900 5555 Gebhardum
2926 5498 3100 5576 etiam
3114 5496 3245 5575 ante
3265 5487 3577 5576 fundatum

250 5577 397 5651 (720)
425 5556 798 5651 Ergohabuit
826 5556 1055 5645 fratris,
1085 5556 1262 5650 sup/ra
1284 5578 1635 5651 nominatos,
1662 5594 1831 5651 secus
1940 5556 2366 5651 monasterium
2397 5576 2453 5625 et
2474 5576 2738 5651 acceptas
2761 5576 2941 5651 Roma
2975 5562 3243 5633 reliquias
3293 5556 3597 5651 eximium.

186 5648 482 5724 acLazius
499 5648 749 5724 aliisque
779 5652 1069 5724 sentiunt;
1103 5648 1175 5704 ao
1190 5651 1331 5705 forte
1364 5650 1485 5721 ipse
1509 5651 1634 5719 ejus
1659 5650 1831 5704 advo-

188 5723 348 5779 catus
377 5720 856 5780 Udalricusinter
880 5722 1011 5779 illos
1037 5726 1182 5778 erat.

1941 5648 2002 5703 S.
2040 5644 2296 5715 Gregorii
2322 5660 2483 5715 papa:
2516 5643 2695 5715 fuisse
2717 5641 3013 5697 cultorem.

2017 5714 2173 5788 (727)
2193 5714 2319 5769 Vid.
2348 5714 2499 5769 infra
2526 5715 2554 5780 §
2578 5714 2665 5767 34.
