3894 6400
385 370 504 442 307

1080 371 1478 446 APPENDIX
1521 381 1626 444 AD
1670 379 2112 444 CHRONICON
2156 379 2568 445 HERMANNI
2614 374 3079 444 CONTRACTI.
3187 383 3194 390 ’

3652 365 3764 438 308

380 517 722 572 construere
747 515 1189 583 monasterium,
1223 517 1510 588 coepitque
1538 515 1731 570 locum
1763 531 2020 586 quaerere
2047 515 2102 582 Α
2131 513 2310 588 ligna,
2343 531 2531 588 neque
2551 531 2769 587 pascua
2797 514 3010 571 habere
3040 514 3330 586 poteraut,
3353 506 3600 582 talejus
3655 506 3763 567 illis

372 601 514 660 huic
545 606 744 674 aptum
777 602 1043 670 consilio,
1069 603 1128 659 in
1163 621 1276 676 quo
1308 604 1642 659 satisfacere
1669 608 1863 674 posset
1908 620 2014 658 suo

372 691 680 748 desiderio.
710 691 972 762 Cumque
1003 692 1061 746 in
1095 694 1347 764 quodam
1378 693 1500 746 loco
1559 692 1668 746 hac
1719 709 1786 747 ex
1838 709 2016 746 causa

373 783 1018 854 pernoctaret,eumque
1032 785 1150 835 tota
1165 786 1329 836 nocte
1345 779 1645 836 ranunculi
1661 779 2013 834 clamoribus

375 886 448 926 ex
472 867 686 942 palude
732 868 1142 940 inquietarent,
1183 874 1238 923 et
1284 885 1416 923 eum
1467 869 1560 923 die
1609 869 1758 923 facta
1816 869 2009 922 locum

375 956 744 1024 lustraret,ut
763 957 810 1012 si
833 958 900 1011 ad
923 957 1050 1027 ejus
1070 962 1265 1012 votum
1289 957 1447 1012 utilis
1465 961 1618 1012 esset
1639 958 2010 1028 perspiceret,

378 1047 766 1118 interrogasse
797 1045 978 1100 fertur
1007 1063 1120 1118 quo
1149 1046 1428 1101 vocabulo
1450 1047 1670 1102 censeri
1695 1043 2005 1110 deberet,si

379 1135 528 1192 cella.
547 1135 626 1190 ibi
658 1139 988 1190 constructa
1009 1135 1262 1190 fuisset?
1283 1135 1740 1204 Unus'fcontinuo
1762 1151 1829 1190 ex
1851 1135 2011 1190 obse-

379 1224 518 1296 quio
547 1223 733 1296 ipsius
762 1223 1078 1294 respondit,
1107 1223 1560 1278 ranunculorum
1605 1221 1819 1277 Cellam
1880 1239 2009 1277 eam

377 1313 586 1368 debere
604 1312 951 1383 nuncupari,
975 1329 1224 1382 quorum
1259 1311 1499 1383 strepitu
1534 1328 1631 1366 eos
1660 1316 1826 1366 nocte
1869 1328 2005 1366 con-

372 1402 583 1473 tigerat
604 1399 920 1456 molestari.
938 1400 1116 1455 Atille
1135 1399 2008 1472 :«Nequaquam,inquiens,hoc

369 1488 431 1544 in
462 1489 587 1545 loco
619 1492 1006 1559 construetur,
1039 1488 1089 1546 si
1119 1487 1220 1544 tali
1253 1489 1402 1544 foedo
1435 1489 1668 1544 nomine
1692 1488 2006 1561 improbari

371 1579 624 1636 deberet.
659 1599 686 1630 »

575 1669 605 1741 §
633 1669 724 1725 XI.
760 1669 1032 1737 Quomodo
1063 1669 1240 1723 locum
1266 1670 1444 1738 ipsum
1472 1668 1782 1738 acquisivit.

443 1758 551 1815 Sed
584 1757 722 1829 quia
749 1757 819 1812 de
873 1757 988 1814 Deo
1049 1757 1360 1814 scribitur:
1417 1757 1750 1812 I’oluntatem
1808 1757 2004 1810 timcn-

371 1851 513 1904 tium
563 1863 620 1903 se
664 1849 849 1918 faciet,
908 1851 960 1902 et
1013 1845 1435 1918 deprecationem
1495 1862 1680 1901 eorum
1753 1844 2007 1900 exaudiet

375 1937 545 2009 (Psal.
577 1935 782 2007 cxuv),
803 1934 975 1991 citius
1007 1935 1226 1990 famulo
1249 1952 1376 2003 suo,
1397 1939 1461 1990 ut
1481 1935 1796 1998 credimus,
1820 1932 2012 1988 locum

375 2023 712 2093 ostendit,in
735 2041 849 2096 quo
866 2025 996 2095 ejus
1017 2024 1372 2080 desiderium
1390 2021 1582 2094 perfici
1609 2021 1844 2094 placuit.
1866 2021 2014 2076 Nam

375 2115 504 2187 ripa
533 2113 720 2170 Rheni
749 2113 1014 2185 opposita
1035 2111 1382 2167 Constantia:
1405 2109 1621 2166 civitati
1643 2111 1772 2181 ejus
1813 2109 2016 2165 volun-

375 2203 480 2260 tati
495 2201 868 2275 complacuit,
899 2217 1147 2270 eamque
1179 2201 1250 2256 ad
1301 2200 1758 2254 construendam
1790 2197 2016 2264 cellam,
2098 2241 2111 2252 .

377 2292 488 2349 etsi
509 2291 708 2346 minus
730 2289 958 2357 utilem,
980 2291 1175 2344 tamen
1198 2287 1521 2360 speciosam
1532 2287 2018 2358 judicavit.Porro

376 2379 566 2437 isdem
596 2378 761 2433 locus
792 2377 862 2433 ad
894 2381 1163 2449 Augense
1194 2377 1615 2432 monasterium
1673 2375 2018 2447 pertinebat,

379 2468 466 2526 sic
497 2471 552 2523 et
581 2466 779 2522 adhuc
803 2483 980 2537 supra
1010 2470 1066 2520 et
1095 2464 1266 2533 infra,
1299 2469 1354 2520 et
1407 2469 1546 2520 tunc
1597 2463 2018 2530 inhabitabilis,

381 2555 520 2630 quia
549 2555 834 2610 humidus
863 2554 921 2608 in
955 2555 1192 2609 modum
1229 2553 1477 2626 paludis.
1515 2553 1619 2608 Vir
1669 2557 1863 2608 autem
1921 2551 2021 2607 Dei

382 2661 558 2702 suum
582 2643 904 2716 proprium,
935 2643 1087 2714 quod
1108 2642 1314 2697 habuit
1337 2643 1490 2714 apud
1515 2641 1853 2696 Zurziacum
1875 2641 2022 2712 (7‘28)

381 2750 487 2808 pro
508 2732 966 2790 commutatione
989 2730 1454 2802 ejusdemlocelli
1475 2731 1634 2785 dedit
1657 2747 1790 2796 ;nec
1812 2733 2020 2797 totum,

385 2822 540 2894 quod
572 2822 742 2876 modo
771 2822 1038 2892 Augensc
1063 2819 1484 2874 monasterium
1507 2819 1565 2874 in
1597 2818 1864 2874 Zurziaco
1888 2834 2023 2889 pos-

387 2910 554 2976 sidet;
589 2926 623 2964 a
645 2908 765 2964 viro
795 2909 891 2963 Dei
926 2909 1164 2980 accepit,
1197 2909 1297 2963 sed
1322 2912 1566 2978 partem,
1589 2925 1716 2978 qua:
1741 2906 1828 2964 sui
1873 2905 2024 2976 juris

388 3001 533 3065 erat,
557 3001 615 3053 et
643 2998 714 3052 ad
745 2995 1560 3052 commutationemilliusloci
1583 2997 1828 3050 valebat.
1882 2996 2025 3050 Con-

390 3087 623 3141 ﬁrmato
653 3083 832 3156 igitur
854 3082 1114 3155 legalitcr
1139 3084 1247 3139 hoc
1271 3083 1609 3139 concambio
1633 3083 1720 3137 vir
1739 3083 1838 3138 Dei
1873 3082 2026 3136 idem

393 3171 736 3247 prmdiolum
751 3173 810 3227 in
823 3176 940 3227 tres
952 3172 1353 3244 portiunculas
1372 3172 1773 3238 divisit,etsibi
1793 3173 2026 3243 quidem

2126 604 2404 660 omnibus
2426 621 2744 676 eorumque
2761 603 3007 676 posteris
3037 603 3096 658 in
3120 599 3460 658 subsidium
3483 595 3760 670 attribuit,

2124 697 2189 748 ut
2219 710 2252 748 a
2281 693 2527 748 mortuis
2557 693 2770 748 exuviae
2803 709 2918 746 non
2950 689 3252 756 tollantur,
3285 688 3388 745 sed
3449 686 3668 760 posteri
3703 703 3762 744 ex

2121 781 2347 853 integro
2375 798 2617 853 quaeque
2647 781 2846 836 relicta
2867 779 3253 852 possiderent,
3277 780 3336 833 et
3356 779 3593 831 tantum
3623 773 3764 830 navi-

2120 875 2326 941 garent
2355 871 2422 924 ad
2457 885 2829 924 communem
2861 869 3236 935 dominorum
3258 881 3509 921 suorum
3527 863 3767 924 necessi-

2118 963 2318 1026 tatem,
2339 959 2559 1030 eisque,
2585 958 2801 1030 quibus
2822 957 2930 1014 hoc
2949 955 3360 1028 ingeniiesset,
3379 954 3764 1026 piscarentur.

2117 1047 2234 1103 Hoc
2261 1047 2414 1102 idem
2438 1049 2539 1118 jus
2579 1047 2752 1102 etiam
2790 1044 3133 1101 monasterii
3166 1042 3412 1100 famulis
3447 1040 3763 1110 constituit,

2115 1142 2351 1207 excepto
2406 1153 2470 1190 eo
2524 1135 2678 1206 quod
2738 1133 2820 1203 hi,
2871 1133 3152 1206 quoniam
3213 1129 3658 1204 aliquantulum
3710 1129 3763 1185 in

2115 1227 2270 1298 agris
2291 1230 2348 1280 et
2366 1225 2546 1296 pratis
2587 1223 2825 1288 habent,
2845 1221 3106 1293 quotidie
3127 1219 3388 1276 dominis
3409 1219 3542 1278 suis
3555 1218 3760 1274 debent

2115 1314 2326 1371 servire
2358 1319 2413 1369 et
2435 1314 2505 1369 ab
2539 1313 2622 1368 eis
2654 1327 2949 1366 annonam
2971 1309 3270 1382 accipere.

2195 1403 2224 1475 §
2253 1403 2395 1457 XIII.
2431 1404 2506 1456 De
2531 1401 2740 1472 capella
2768 1401 2824 1455 S.
2849 1399 3146 1454 Michaelis.
3177 1398 3472 1454 Pezilinus
3503 1396 3691 1452 abbas.

2186 1491 2379 1546 Primo
2411 1491 2590 1562 igitur
2617 1488 2897 1562 capellam
2931 1485 3234 1560 parvulam
3283 1485 3365 1542 ibi
3425 1485 3764 1549 construxit,

2115 1596 2292 1652 quam
2323 1579 2381 1634 in
2413 1581 2691 1634 honorem
2707 1582 2764 1632 S.
2791 1567 3090 1632 Michaelis
3114 1593 3168 1630 ιν
3188 1573 3318 1630 Kal.
3345 1573 3603 1646 Augusti
3622 1573 3767 1629 dedi-

2115 1669 2284 1735 cavit,
2320 1669 2377 1722 in
2407 1667 2725 1740 quajetiam
2759 1670 3057 1721 mortuum
3087 1664 3310 1720 orando
3341 1662 3674 1720 suscitavit.
3708 1663 3767 1718 In

2117 1757 2224 1812 hoc
2246 1756 2412 1812 initio
2444 1755 2766 1810 Pezilinum
2797 1754 2944 1826 (730)
2977 1752 3297 1824 quemdam
3327 1750 3543 1808 habuit
3596 1750 3766 1808 abba-

2121 1849 2260 1911 tem,
2293 1846 2402 1901 sub
2436 1861 2551 1917 quo
2585 1843 2871 1916 prendium
2903 1842 3058 1914 apud
3079 1839 3394 1914 Togingin,
3415 1843 3476 1896 et
3506 1839 3770 1912 aliquan-

2121 1934 2310 1990 tulum
2336 1934 2489 2006 apud
2511 1932 2819 2005 Epﬁndorf
2833 1949 2866 1986 a
2887 1929 3322 1986 Constantiensi
3344 1927 3602 1985 ecclesia
3620 1944 3772 1984 com-

2123 2023 2384 2089 mutavit,
2411 2039 2587 2094 super
2616 2037 2732 2092 qua
2764 2018 3222 2076 commutatione
3251 2016 3370 2074 tale
3401 2015 3768 2091 privilegium

2125 2111 2416 2167 conscribi
2452 2111 2612 2165 fecit:

2320 2203 2347 2266 §
2378 2199 2522 2254 XIV.
2554 2199 2916 2268 Privilegium
2942 2212 3108 2268 super
3135 2195 3400 2267 Togingin
3425 2195 3606 2267 (731).

2203 2311 2222 2338 ι
2262 2291 2324 2344 In
2344 2287 2580 2342 nomine
2593 2290 2805 2342 sanctae
2823 2289 2880 2340 et
2896 2284 3210 2340 individuis
3223 2283 3770 2340 Trinitatis.Notum

2129 2377 2205 2432 sit
2233 2376 2530 2441 omnibus,
2552 2374 2940 2448 przesentibus
2953 2372 3173 2428 scilicet
3187 2376 3245 2428 et
3266 2371 3512 2440 futuris,
3537 2371 3776 2444 qualiter

2128 2483 2233 2538 ego
2258 2466 2632 2520 Gsesuanous
2669 2462 2968 2518 Constant.
3031 2460 3303 2517 Ecclesia;
3352 2460 3574 2533 praesul
3629 2461 3774 2518 80.

2129 2554 2407 2624 indignus
2439 2569 2570 2607 cum
2605 2568 2783 2606 manu
2809 2551 3067 2606 advocati
3117 2549 3230 2605 mei
3259 2548 3562 2606 Chuzonis
3615 2550 3772 2620 (722),

2132 2661 2265 2698 cum
2299 2641 2548 2697 Pezilino
2567 2641 2794 2708 abbate,
2828 2641 2886 2695 S.
2921 2638 3185 2711 Gregorii
3215 2639 3568 2694 monasterii
3625 2653 3772 2694 com-

2133 2731 2296 2786 muni
2329 2727 2566 2784 utilitati
2597 2729 2983 2800 prospiciens,
3027 2727 3445 2783 concambium
3489 2727 3598 2783 feci
3630 2727 3771 2784 tale:

2131 2818 2394 2874 videlicet
2415 2817 2694 2889 przedium
2714 2816 2884 2888 quale
2901 2815 3271 2883 Ecclesia,cui
3295 2832 3552 2888 praeesse
3567 2815 3772 2882 videor,

2135 2909 2346 2963 habere
2374 2906 2660 2961 diciturin
2675 2905 2815 2960 villa
2837 2906 3099 2978 'I‘oginga
3121 2905 3272 2976 (733)
3289 2904 3350 2960 in
3372 2921 3529 2977 pago
3551 2905 3774 2978 :Hegou,

2136 3002 2191 3053 et
2222 2997 2277 3050 in
2309 2995 2443 3050 villa
2457 2995 2757 3066 Epﬁndorf
2779 2995 2923 3064 (734)
2957 2993 3014 3048 in
3041 3009 3192 3066 pago
3219 2993 3387 3060 Para,
3435 2994 3489 3049 ei
3545 2995 3774 3066 suisque

2138 3084 2440 3140 monachis
2462 3083 2800 3155 potestative
2831 3083 3253 3154 possidendum
3281 3083 3662 3150 contradens,
3717 3099 3777 3139 ea

2139 3175 2355 3245 quippe
2385 3173 2607 3228 ratione
2639 3176 2722 3238 ut,
2754 3172 2956 3228 eadem
2985 3187 3120 3227 cum
3155 3187 3333 3226 manu
3367 3171 3636 3228 advocati
3692 3171 3772 3226 sui

389 3260 2034 3334 suisquesuccessoribus,Constantiensibuspontiﬁcibus
2063 3247 2106 3314 C
2143 3261 2456 3318 Eberhardi
2481 3259 3231 3331 tradentes,mihimeisque
3245 3259 3780 3318 successoribusﬂr-

394 3367 597 3416 unam,
629 3350 926 3406 canonicis
955 3354 1148 3406 autem
1181 3351 1441 3420 ejusdem
1481 3349 1731 3405 ecclesia:
1766 3350 2028 3416 alteram,

390 3440 621 3496 tertiam
643 3455 776 3494 vero
807 3440 876 3494 ad
905 3439 1358 3494 construendam
1389 3437 1593 3494 cellam
1627 3439 1942 3510 deputavit.

531 3527 682 3584 305
714 3530 741 3594 §
771 3527 886 3582 ΧΙῐ.
922 3531 997 3582 De
1007 3529 1137 3598 jure
1167 3526 1532 3582 habitatorum
1559 3529 1728 3598 ipsius
1759 3528 1880 3582 loci.

460 3617 532 3671 Et
559 3615 832 3684 quoniam
875 3615 1142 3670 homines
1201 3631 1348 3687 quos
1379 3615 1459 3671 ibi
1517 3631 1750 3672 manere
1807 3615 2024 3670 consti-

382 3703 500 3760 tuit
517 3703 692 3774 (729),
723 3701 892 3770 nihil,
926 3707 1132 3774 praeter
1151 3702 1801 3759 habitaculadomorum
1821 3704 1878 3758 in
1901 3704 2026 3775 qui-

382 3791 498 3848 bus
528 3791 996 3856 commanebant,
1015 3789 1397 3855 habebant,et
1420 3807 1607 3864 neque
1625 3809 1813 3863 agros,
1837 3809 2024 3864 neque

453 3915 602 3987 (728)
631 3914 884 3987 zurzach
917 3930 1072 3987 nunc
1101 3914 1483 3987 oppidumad
1516 3914 1806 3980 Rhenum,
1838 3915 2022 3972 eccle-

380 3985 469 4059 sia
497 3985 799 4059 collegiate
828 3986 1097 4059 insignis,
1127 3985 1272 4059 (qua:
1327 3985 1466 4041 olim
1512 3987 2018 4059 Benedictinorum

378 4057 615 4113 abbatia
645 4057 786 4122 erat,
819 4075 854 4113 a
883 4057 1082 4112 Carolo
1111 4058 1316 4112 Crasso
1355 4057 1627 4129 Augiensi
1663 4058 2018 4114 monasterio

380 4143 476 4184 an.
507 4129 604 4184 881
635 4129 868 4184 donata.
893 4129 1164 4184 Chartam
1195 4128 1514 4184 concambii
1565 4145 1700 4184 cum
1761 4129 2016 4184 Alawico

378 4199 660 4270 Augiensi
690 4200 898 4254 abbate
922 4217 1016 4254 an.
1048 4200 1156 4254 983
1187 4200 1380 4255 datam
1413 4199 1568 4270 sistit
1595 4200 1906 4255 Gerbertus
1955 4200 2013 4256 in

375 4269 526 4326 Hist.
559 4269 726 4342 Silvae
757 4271 916 4341 Nigr.
950 4289 986 4342 ι.
1010 4271 1104 4335 ΙΙΙ,
1133 4288 1188 4342 ρ.
1210 4272 1310 4342 44,
1345 4269 1442 4325 ubi
1465 4269 1556 4324 hic
1571 4288 1760 4325 annus
1787 4271 2014 4342 primus

375 4341 716 4396 monasterii
752 4341 1159 4397 Petershusani
1190 4341 1421 4396 dicitur.
1441 4342 1772 4396 Notandum
1789 4341 2012 4411 tamen,

375 4411 606 4486 nullum
632 4416 769 4486 tunc
785 4411 959 4486 hujus
974 4413 1226 4486 nominis
1241 4413 1510 4468 abbatem
1534 4413 1715 4486 fuisse
1732 4413 1790 4467 in
1805 4415 2008 4486 Augia.

372 4483 665 4539 Alawicus
698 4484 718 4539 Ι
741 4483 896 4540 enim
919 4485 1045 4555 jam
1069 4501 1141 4538 an
1160 4485 1286 4549 958,
1319 4487 1420 4538 aut
1451 4499 1575 4555 seq.
1603 4484 1766 4550 obiit,
1814 4490 1872 4539 et
1900 4483 2008 4540 ἐθ-

372 4556 523 4610 cund
535 4572 602 4610 us
624 4555 880 4626 primum
899 4572 993 4612 an.
1015 4557 1122 4609 997
1136 4555 1318 4610 abbas
1340 4556 1694 4610 constitutus
1712 4559 1819 4626 est.
1847 4557 2008 4610 Forte

372 4626 750 4682 Gebehardus
772 4627 961 4682 adhuc
993 4627 1305 4682 canonicus
1337 4642 1471 4680 cum

369 4696 478 4752 hoc
509 4699 915 4753 coneambium
951 4699 1182 4762 fecerat,
1214 4697 1366 4768 quod
1421 4696 1678 4768 primum
1731 4715 1781 4752 a.
1811 4699 1916 4752 983
1944 4699 2017 4754 ab

2045 4203 2062 4216 °
2125 4204 2190 4255 ut
2220 4200 2396 4254 habet
2421 4198 2607 4271 Gallia
2637 4198 2848 4254 Christ.
2883 4200 2952 4271 (ι.
2981 4199 3049 4254 ν.

1506 4627 1698 4697 priore
1754 4625 2014 4682 Alawico
2046 4610 2092 4675 D

2143 3351 2314 3406 miter
2324 3349 2659 3406 habendum
2683 3348 3036 3416 succederet,
3053 3347 3342 3420 quidquid
3361 3349 3776 3406 monasterium

2139 3441 2291 3510 quod
2318 3439 2440 3510 ipse
2470 3438 2724 3509 regebat,
2756 3437 2815 3491 in
2842 3437 3170 3509 Lutwanga
3189 3437 3339 3512 (735)
3360 3437 3423 3493 in
3458 3454 3612 3512 pago
3633 3436 3781 3494 Albe-

2137 3543 2272 3600 gou,
2305 3531 2361 3582 et
2390 3527 2448 3580 in
2471 3525 2876 3598 Rapirgahusa
2897 3525 3042 3598 (736)
3072 3525 3132 3580 in
3147 3541 3297 3598 pago
3335 3521 3602 3600 Erregou
3648 3525 3776 3598 legi-

2134 3615 2288 3671 timae
2316 3613 2686 3686 proprietatis
2715 3613 2973 3669 haberet.
3009 3613 3196 3684 Hujus
3227 3616 3426 3670 autem
3455 3613 3775 3671 concambii

2133 3701 2581 3760 commutatioin
2602 3700 2784 3756 nostri
2810 3696 3440 3774 praesentia,ambobus
3461 3703 3774 3769 advocatis,

2130 3793 2244 3848 mei
2265 3791 2529 3847 videlicet
2558 3795 2616 3846 et
2635 3789 2886 3860 abbatis,
2912 3791 2985 3846 ad
3016 3790 3124 3848 hoc
3156 3795 3397 3848 strenua
3425 3791 3778 3850 oonfaventi-

2129 3915 2308 3988 abbas
2322 3914 2604 3988 dicendus
2620 3913 2836 3988 ost,qui
2857 3913 2916 3969 in
2938 3913 3157 3988 vicinia
3163 3913 3533 3988 Retershusii
3555 3915 3774 3988 positus

2129 3930 2308 3971 abbas
2322 3930 2604 3970 dicendus
2620 3930 2836 4040 osn,qu1
2857 3931 2916 3969 1n
2938 3931 3150 3970 Vlcmla
3164 3930 3533 3972 retersnusn
3555 3930 3774 3988 positus

2128 4010 2155 4036 ‹‹
2179 3987 2333 4041 vices
2352 3985 2539 4069 sancti
2562 4002 2750 4069 praesu
2778 3984 3303 4069 is,_episcopalibus
3323 3987 3559 4069 muniis
3572 3987 3775 4069 saepius

2127 4057 2449 4127 occupati.»
2481 4056 2752 4130 supplere
2774 4056 3021 4130 potuit,«
3043 4056 3185 4130 cura
3203 4056 3444 4130 interim
3467 4056 3771 4130 principali

2127 4076 2449 4127 occupati.»
2481 4076 2752 4127 supplere
2774 4076 3021 4128 pctuu,«
3043 4076 3185 4112 cura
3203 4076 3444 4115 interim
3512 4076 3770 4130 rincipau

2127 4130 2414 4184 residente
2447 4145 2622 4200 penes
2649 4128 2849 4200 ipsum
2883 4128 3284 4200 S.antistitem
3305 4151 3334 4177 »
3373 4076 3770 4193 Geghardum,

3127 4241 3140 4254 .
3203 4201 3388 4271 1033),
3445 4201 3552 4257 ubi
3608 4200 3771 4258 etiam

2125 4272 2204 4342 (p.
2238 4272 2365 4338 933)
2399 4269 2904 4342 ευρβιοηόυεὶείθ
2931 4269 3256 4326 PezeIinus.

2193 4343 2342 4414 (731)
2401 4341 2591 4414 Edidit
2645 4341 2794 4396 hanc
2842 4342 3104 4414 chartam
3134 4342 3492 4414 Herrgottus
3548 4340 3774 4414 (Genesi.

2122 4413 2326 4538 {illini}.
2357 4415 2398 4467 t.
2436 4412 2506 4467 II.
2537 4429 2592 4484 p.
2626 4413 2739 4484 88),
2773 4413 2874 4468 sed
2917 4429 3222 4486 perperam
3281 4412 3361 4471 ad
3406 4429 3511 4471 an.
3542 4412 3652 4470 985
3698 4429 3777 4468 re-

2147 4501 2209 4538 er
2243 4525 2254 4536 .

2147 4501 2254 4539 ert.

2194 4554 2349 4624 (632)
2390 4551 2586 4608 Chuzo
2613 4553 2713 4626 vel
2735 4553 2874 4609 Utzo
2915 4553 2966 4626 is
3024 4555 3150 4626 ipse
3189 4553 3427 4626 videtur
3477 4554 3776 4610 Udalricus

2126 4627 2466 4694 advocatus,
2499 4641 2678 4695 supra
2694 4625 2868 4692 jam§
2897 4625 3002 4680 9in
3047 4624 3251 4681 charta
3290 4624 3593 4682 Gebhardi
3627 4629 3778 4681 nota-

2127 4702 2242 4762 tus,
2284 4713 2478 4750 comes
2503 4697 2646 4750 forte
2677 4695 3072 4767 Brigantinus,
3108 4697 3167 4752 S.
3228 4696 3538 4753 Gebhardi
3589 4698 3774 4754 frater.

369 4768 1022 4850 Ottone‘llconﬁrmari
1053 4768 1208 4833 fecit,
1232 4767 1473 4850 quando
1515 4770 1641 4839 jam
1691 4768 1998 4841 cpiscopus
2105 4769 2435 4850 Chuzonem
2467 4770 2808 4850 Herrgottus
2839 4767 3564 4850 cqmitibpsYitpdurapiq
3582 4781 3770 4850 accen-

368 4842 790 4896 monasterium
821 4841 1106 4896 adiﬁcare
1134 4841 1324 4909 caepit.

363 4978 382 5034 1
438 4911 590 5034 (72(9)
611 4913 831 4968 Cuncta
860 4911 980 4968 haec
1013 4911 1072 4966 in
1095 4927 1228 4965 mox
1257 4911 1430 4965 citata
1449 4909 1774 4966 concambii
1795 4909 1998 4966 charta

387 4997 537 5034 eaun
569 5000 653 5034 ur.

387 4991 653 5038 eaunlur.

419 4998 916 5124 ῗξὲὁῖῐέθκθιίηυε
949 5069 981 5107 a
1001 5049 1281 5124 Bruscbio
1312 5053 1370 5104 et
1406 5050 1677 5124 Bucelino
1709 5053 2000 5108 secundus

361 5121 718 5181 Petershusii
751 5126 932 5180 abbas
973 5123 1273 5192 statuitur,
1305 5121 1495 5192 qualis
1525 5138 1827 5192 nunquam
1868 5125 1996 5192 fuit,

363 5194 506 5268 alias
533 5197 756 5268 primus
779 5195 1082 5250 dicendus.
1105 5191 1529 5268 Alteriuscerte
1551 5191 1793 5248 coenobii
1821 5191 2000 5268 abbas

362 5263 550 5321 fuisse
562 5267 846 5322 evincitur
875 5281 942 5320 ex
975 5281 1106 5320 mox
1136 5267 1414 5335 sequente
1434 5263 1632 5318 charta
1657 5267 1998 5335 concambii,

363 5338 513 5408 quod
540 5339 674 5394 fecit
693 5336 1185 5408 Gebharduscum
1209 5334 1462 5388 Pezilino
1483 5335 1709 5408 abbate,
1727 5337 1817 5391 cui
1840 5336 1999 5393 aliud

361 5405 642 5478 praedium
673 5408 733 5462 in
765 5406 1015 5478 Hegovia
1036 5411 1092 5460 et
1117 5411 1262 5460 Pars.
1293 5405 1598 5478 concessit,
1633 5413 1694 5461 ut
1716 5409 1788 5462 ab
1819 5408 1917 5462 illo
1937 5426 2004 5464 ea

362 5477 798 5550 reciperetque:
824 5477 1427 5546 monasterium,quod
1451 5477 1572 5550 ipse
1594 5479 2002 5546 regebat,alibi

363 5551 873 5621 possederat.Cum
892 5566 1022 5603 vero
1045 5551 1193 5602 intra
1213 5553 1238 5611 ξ
1260 5551 1325 5601 39
1349 5549 1578 5621 steinen
1590 5566 1650 5604 se
1676 5551 2004 5604 cmnobium

363 5619 631 5692 Quartam
664 5625 886 5692 partem
920 5621 1066 5674 villae
1100 5620 1402 5692 Eptindorf
1441 5619 1700 5692 obtinere
1756 5621 2002 5688 dicatur,

362 5689 482 5746 haec
514 5692 642 5762 ipsa
665 5689 802 5748 villa
834 5709 958 5749 esse
987 5689 1232 5759 videtur,
1267 5706 1442 5769 quam
1478 5707 1579 5815 per
1607 5689 1716 5744 hoc
1738 5705 2006 5770 concam-

363 5763 525 5815 bium
559 5763 902 5815 acauisivit:
935 5781 1048 5815 rma
1087 5765 1308 5815 ratione
1341 5763 1483 5815 Peze
1511 5777 1642 5815 inus
1689 5761 2006 5815 Stemcnsis

363 5761 902 5836 bium’acquisivit:
935 5781 1048 5834 qua
1087 5761 1308 5822 ratione
1341 5761 1642 5818 Pezelinus
1689 5761 2008 5820 Steincnsis

3423 4840 3567 4895 rimi
3623 4839 3770 4894 Vito-

3460 4910 3768 4968 Udalrioua

2109 4843 2218 4905 set,
2251 4839 2372 4894 min
2391 4854 2461 4892 us
2494 4843 2645 4893 recte
2676 4859 2696 4904 ;
2728 4855 2861 4894 cum
2896 4839 3050 4894 inter
3077 4839 3352 4895 Luitfridi

2110 4910 2319 4966 durani
2349 4909 2582 4965 comitis
2610 4907 2763 4965 ﬁlios
2805 4909 3007 4966 nullus
3054 4911 3250 4966 Chuzo
3305 4926 3377 4966 ve

2112 4985 2402 5037 occurrat.

2179 5053 2330 5124 (733)
2364 5052 2530 5124 Forte
2561 5053 2829 5124 'Ifayngen
2872 5051 2933 5107 in
2966 5051 3238 5124 Hegovia.
3287 5049 3456 5124 Cels.
3523 5050 3761 5124 Gerber-

2109 5122 2205 5178 tus
2258 5123 2314 5177 in
2352 5123 2493 5177 llist.
2547 5122 2711 5176 Silvas
2767 5122 2895 5193 Nig.
2954 5128 2998 5179 t.
3057 5122 3156 5189 III,
3213 5123 3453 5179 exhibet
3501 5123 3756 5178 chartam

2109 5193 2546 5254 transactionis,
2573 5209 2687 5263 qua
2708 5193 3053 5250 Gebhardus
3075 5196 3260 5250 abbas
3289 5193 3759 5250 Petershusanus

2109 5283 2202 5321 an.
2237 5265 2377 5320 H83
2409 5265 2702 5336 Tietperto
2761 5265 2957 5320 abbati
2991 5267 3050 5322 S.
3086 5265 3264 5321 Blasii
3320 5265 3620 5336 permittit
3666 5266 3759 5336 jus

2109 5334 3054 5410 patronatusEcclesiaeTeigingin
3077 5353 3178 5410 pro
3201 5334 3386 5393 fundo
3409 5335 3472 5391 in
3499 5334 3760 5392 Rinbart.

2204 5409 2328 5477 734)
2363 5407 2492 5460 Vid.
2519 5406 2670 5461 inira
2697 5409 2723 5474 ἓ
2754 5409 2840 5462 40.

2202 5480 2330 5550 735)
2363 5479 2854 5550 Langenwangen
2903 5478 3190 5550 parochizs
3245 5477 3496 5536 Fischen
3531 5477 3592 5533 in
3639 5493 3756 5548 cap.

2115 5549 2300 5622 rurali
2327 5549 2797 5622 Stiefenhoi'ensi,
2831 5550 2890 5604 in
2912 5549 3175 5622 ’Algovia.

2184 5621 2332 5692 (739)
2363 5621 2612 5692 _Pagum
2665 5615 2915 5692 Erregou
2969 5615 3242 5678 eumdem
3303 5635 3432 5676 esse
3452 5623 3636 5692 puto,
3654 5615 3758 5692 qui

2117 5690 2255 5765 alibi
2283 5689 2639 5765 Erieng'etve,
2671 5689 2998 5765 Eritgowe,
3015 5693 3334 5765 Herekewe
3347 5689 3596 5765 dicitur,
3619 5689 3762 5747 circa

2119 5761 2482 5820 Buchaviam’
2500 5762 2640 5820 olim
2671 5761 2973 5824 extensus.
2989 5764 3152 5823 Unde
3163 5761 3639 5838 Rapirgahusam
3658 5775 3756 5836 pro
