3894 6356
99 358 218 429 309

1022 370 1470 436 CHHONICON
1516 366 2236 435 PETERSHUSANUM.
2272 398 2349 415 --
2376 364 2526 433 LIB.
2570 364 2620 432 Ῑ.

3372 364 3496 453 3ίο

95 497 234 566 bus,
264 502 353 556 est
381 497 729 559 Constantia
757 502 907 559 facta
926 506 1098 576 atque
1123 503 1410 572 roborata,
1434 503 1737 577 praesenti-
1769 509 1818 572 Α
1850 505 2052 558 aurato
2070 518 2250 575 cupro
2270 502 2541 560 decenter
2561 505 2783 576 operta,
2806 500 3027 560 habens
3042 500 3326 578 imagines
3348 520 3491 579 qua-

94 586 212 644 bus
227 586 320 644 his
336 604 588 662 quorum
612 592 852 648 nomina
868 596 1005 648 sunt
1028 594 1291 664 sequenti
1315 593 1742 665 subscriptione

95 680 298 733 notata
321 694 335 732 :
361 678 626 753 Mezingo
649 682 795 754 (737)
821 681 1322 753 archypresbyter,
1354 682 1610 754 Sigiboto
1642 682 1740 737 de-

94 781 305 833 canus,
329 767 476 822 [rinc
511 769 979 839 archidiaconus,
1006 770 1251 825 Gerhart
1271 770 1739 836 archidiaconus,

90 853 352 922 Albrich,
370 855 681 926 Gunderic,
697 864 753 914 et
779 859 908 914 aliis
922 859 1739 931 quampluribus(sic).Actum

92 942 329 1014 publice
359 944 419 999 in
452 950 652 1001 sancta
682 948 903 1018 synodo
948 947 1414 1002 Constantiensis
1460 947 1737 1013 ecclesiae,

92 1047 248 1087 anno
274 1032 587 1089 Dominicae
631 1035 1054 1091 Incarnationis
1082 1036 1524 1105 nongentesimo
1558 1052 1736 1091 nona-

90 1119 318 1192 gesimo
344 1122 571 1193 quinto,
607 1122 749 1178 feria
789 1142 864 1191 1v,
900 1124 1104 1179 indict.
1136 1141 1217 1179 v11
1248 1124 1417 1194 (738).

825 1230 852 1303 ἕ
886 1230 999 1284 xv.

159 1315 247 1369 Ad
265 1315 421 1372 idem
446 1317 871 1373 monasterium
897 1317 1123 1390 primus
1147 1318 1515 1389 Ruodpertus
1541 1334 1737 1373 mona-

90 1400 237 1456 chus
258 1402 331 1457 ad
354 1404 789 1460 conversionem
812 1403 986 1460 ve'nit.
1012 1405 1091 1459 De
1114 1404 1257 1460 cella
1280 1422 1511 1477 quoque
1542 1406 1598 1461 S.
1624 1406 1736 1460 Me-

89 1487 321 1561 ginradi
341 1493 513 1562 (739),
546 1510 673 1565 qua:
698 1494 915 1548 dicitur
942 1494 1012 1548 ad
1035 1494 1339 1559 Solitarios,
1367 1512 1502 1547 suos
1534 1510 1733 1548 mona-

88 1577 228 1633 chos
260 1578 640 1636 Gebehardus
673 1598 938 1637 normam
975 1582 1199 1637 vivendi
1232 1587 1288 1637 ct
1320 1585 1579 1653 regimen
1630 1583 1734 1637 ha-

89 1665 222 1722 bere
239 1668 493 1725 decrevit
517 1688 529 1738 ;
552 1671 829 1743 quoniam
855 1671 1125 1726 monachi
1151 1671 1307 1726 illius
1326 1671 1572 1727 cmnobii
1595 1675 1735 1727 tunc

88 1756 370 1828 temporis
402 1758 641 1814 fuerunt
664 1759 1114 1831 religiosissimi.

192 1846 346 1902 807
380 1848 575 1915 §XVI.
617 1849 727 1917 Quo
757 1852 993 1920 tempore
1029 1848 1281 1918 fundavit
1325 1850 1621 1904 ecclesiam.

1850 594 1983 648 tuor
2011 591 2504 665 evangelistarum
2536 592 2687 650 elato
2707 609 2880 666 opere
2911 591 3172 666 aliasque
3193 592 3490 666 perplures

1851 682 2094 752 species.
2131 683 2193 736 In
2224 686 2562 738 transversa
2622 698 2855 754 quoque
2913 682 3042 753 ejus
3096 699 3200 754 per
3243 687 3493 755 quatuor

1851 774 2043 841 partes
2073 775 2239 826 erant
2268 771 2497 826 laminae
2540 771 2725 827 affixa:
2774 776 3085 844 argenteae,
3138 772 3298 828 808
3345 771 3492 828 etin

1852 874 2203 931 unoquoque
2230 858 2405 914 latere
2428 858 2795 931 conscriptus
2834 876 2990 915 unus
3023 864 3147 916 erat
3167 874 3369 916 versus
3389 875 3492 916 au-

1851 948 1964 1002 reis
1998 946 2202 1003 litteris
2231 948 2560 1019 descriptus
2589 948 2660 1003 de
2691 948 3048 1021 subscriptis
3074 966 3088 1005 :
3466 938 3481 943 ’

1975 1054 2081 1126 Hoc
2110 1068 2245 1126 opus
2264 1053 2527 1126 exiguum
2558 1054 3018 1126 diversis_arti_bus
3037 1059 3254 1126 auctum

1971 1117 2087 1180 Fert
2118 1117 2230 1180 tibi,
2258 1118 2492 1180 Gregori,
2524 1118 2747 1180 supplex
2776 1118 2988 1168 devotio
3019 1119 3177 1176 servi,

1882 1218 1887 1225 η
1971 1178 2217 1244 Ermsulis
2246 1179 2469 1244 indigni,
2501 1178 2664 1244 quem
2675 1180 2751 1244 itu
2780 1194 2902 1244 cum
2936 1180 3090 1244 plebe
3120 1180 3266 1231 fideli

1972 1241 2278 1304 Conjungas
2308 1242 2495 1291 turmis
2519 1241 2790 1304 precibus,
2821 1241 2986 1303 Pater,
3036 1242 3168 1294 alme
3216 1243 3487 1307 supernis.

1921 1424 2107 1495 Super
2137 1422 2349 1479 tabulae
2381 1424 2692 1481 fenestram
2738 1430 2861 1482 erat
2905 1428 3089 1484 cassis
3135 1426 3345 1502 ligneis
3391 1444 3484 1487 co-

1847 1511 2066 1567 lumnis
2083 1513 2329 1569 tornatis
2344 1514 2753 1585 superpositus
2768 1513 3088 1587 angulosus
3103 1516 3484 1573 etdeauratus

1845 1606 1900 1656 et
1926 1618 2101 1672 super
2126 1601 2283 1656 hunc
2316 1601 2505 1672 imago
2527 1602 2663 1674 agni
2691 1603 2925 1658 candidi
2953 1604 3024 1659 ad
3057 1603 3339 1676 populum
3361 1622 3488 1678 pro~

1844 1690 2162 1763 Spicientis.
2200 1690 2396 1761 Ipsum
2437 1691 2613 1746 etiam
2638 1691 2819 1747 altare
2850 1697 2975 1748 erat
3003 1709 3230 1761 cavum,
3263 1693 3489 1751 habens

1844 1779 1914 1834 ab
1947 1779 2175 1834 Oriente
2208 1779 2465 1835 tabulam
2499 1796 2641 1835 auro
2686 1780 2909 1853 optimo
2939 1785 2997 1837 et
3026 1780 3318 1853 lapidibus
3364 1798 3489 1857 pre-

1765 1878 1809 1941 B
1840 1868 2006 1923 tiosis
2037 1868 2364 1923 decoratam
2391 1886 2403 1936 ;
2428 1869 2500 1924 ab
2533 1868 2840 1925 Occidente
2861 1887 2992 1926 vero
3015 1869 3128 1925 alia
3147 1875 3273 1927 erat
3287 1870 3488 1928 tabula

158 1934 532 2032 (ωηο-ἰδίων
568 1936 890 2032 ροῐξιίῐξίθδξ
947 1938 1235 2032 ῙῑξοευἮίλῖι
1280 1937 1734 2032 ,ΠοῐξξξθηῖθεξΠἸ-(ἓ
1845 1961 2082 2028 argento
2100 1957 2623 2027 cooperta,habens
2647 1958 2704 2012 in
2731 1958 2922 2015 medio
2946 1959 3261 2032 imaginem
3286 1960 3343 2015 S.
3370 1961 3487 2018 Ma-

89 2023 444 2095 octogesimo
472 2026 642 2080 tertio
664 2027 809 2098 jecit
865 2026 1247 2084 fundamenta
1280 2025 1565 2093 basilicae;
1602 2026 1737 2081 fecit

91 2117 284 2168 autem
332 2111 515 2169 vallos
574 2115 789 2186 ubique
840 2132 939 2185 per
979 2114 1170 2169 locum
1203 2116 1271 2169 ad
1322 2116 1731 2170 exsiccandum

90 2200 418 2270 humorem,
442 2207 497 2257 et
518 2203 998 2274 obtulitquatuor
1019 2220 1225 2258 aureos
1243 2221 1387 2273 quos
1410 2203 1604 2274 posuit
1624 2205 1734 2258 sub

91 2289 353 2363 singulos
374 2290 632 2347 ecclesiae
653 2291 1083 2362 angulos.Fecit
1104 2297 1366 2364 cryptam
1392 2294 1461 2346 ab
1477 2293 1735 2346 occiden-

90 2376 187 2434 tali
215 2382 404 2452 parte,
438 2378 496 2433 in
547 2397 664 2452 qua
713 2398 875 2451 aquae
907 2386 1151 2452 puteum
1185 2380 1352 2448 fodit,
1384 2385 1439 2434 et
1467 2378 1647 2435 altare
1675 2380 1732 2434 in

88 2466 367 2524 honorem
392 2468 448 2523 S.
485 2468 719 2524 Martini
754 2470 812 2525 in
844 2487 912 2525 ea
961 2468 1286 2533 collocavit,
1323 2471 1476 2540 quod
1530 2475 1734 2540 postea

90 2555 464 2612 Gebehardus
496 2557 572 2612 Ill
605 2563 841 2630 propter
871 2558 1176 2613 humorem
1211 2558 1515 2615 destruxit.
1546 2558 1734 2629 Super

88 2649 347 2717 cryptam
382 2647 782 2701 sanctuarium
808 2647 962 2713 fecit,
997 2648 1094 2702 ubi
1119 2646 1437 2719 principale
1469 2646 1651 2701 altare
1674 2648 1732 2702 in

87 2732 365 2790 honorem
397 2734 454 2789 S.
487 2735 747 2807 Gregorii
780 2753 940 2808 papae
993 2735 1317 2806 constituit,
1367 2751 1543 2808 super
1575 2736 1731 2806 quod

87 2822 370 2883 ciborium
402 2823 579 2879 nimis
606 2824 936 2896 speciosum
969 2824 1288 2879 fabricavit.

795 2933 823 3003 ξ
853 2931 1019 2986 xvu.

151 3020 296 3076 Cum
325 3018 508 3091 igitur
536 3018 842 3076 columnas
872 3024 1124 3091 quatuor
1153 3020 1222 3074 de
1272 3019 1429 3090 ligno
1476 3020 1623 3074 ilicis
1660 3021 1731 3074 fe-

86 3108 276 3176 cisset,
310 3114 373 3164 et
402 3109 623 3180 figuras
652 3109 785 3163 vitis
818 3109 871 3163 in
909 3107 992 3164 eis
1025 3109 1530 3182 ferularilecisset,
1566 3109 1731 3163 urba-

86 3213 185 3253 nos
213 3196 691 3253 Constantienses
726 3198 782 3250 in
828 3214 1011 3251 unum
1070 3198 1459 3267 congregavit,
1513 3214 1726 3268 eosque

85 3285 163 3339 sic
203 3286 420 3342 affatus
470 3285 586 3341 ait:
642 3309 667 3335 ‹‹
706 3286 897 3341 Habeo
949 3290 1200 3357 quatuor
1231 3286 1401 3352 tilias,
1454 3304 1601 3357 quas
1634 3303 1726 3340 me

85 3379 305 3445 oportet
335 3374 546 3446 nuptui
578 3375 821 3441 tradere,
855 3376 951 3429 sed
1010 3392 1124 3429 non
1173 3392 1413 3444 possum
1472 3392 1568 3429 cas
1600 3375 1727 3430 sine

86 3462 377 3533 adjutorio
405 3468 593 3518 vestro
625 3480 869 3529 ornare;
929 3480 996 3518 ea
1046 3464 1117 3517 de
1170 3480 1348 3517 causa
1397 3480 1496 3517 vos
1556 3463 1726 3517 modo

84 3551 383 3615 convenio,
415 3554 473 3606 et
506 3555 570 3606 ut
601 3552 743 3606 mihi
777 3551 1012 3622 aliquod
1066 3552 1341 3606 solatium
1393 3569 1493 3622 pro
1527 3551 1724 3622 acqui-

84 3640 275 3696 rendis
290 3639 658 3696 ornamentis
681 3656 784 3711 pro
812 3656 982 3712 posse
1004 3645 1059 3694 et
1079 3640 1220 3694 velle
1248 3646 1437 3694 vestro
1459 3640 1727 3695 adhibea-

85 3728 154 3784 tis
183 3733 335 3801 peto.
360 3751 390 3779 ››
408 3730 670 3801 Cumque
691 3746 895 3785 omnes
919 3729 1360 3800 respondissent
1383 3744 1445 3783 se
1468 3728 1726 3784 libentis-

84 3817 225 3874 sime
253 3819 521 3876 facturos
550 3834 914 3889 quaecunque
964 3817 1060 3872 ille
1116 3818 1507 3889 praecepisset,
1544 3819 1728 3888 jussit

85 3906 388 3963 columnas
407 3906 678 3978 proferri,
701 3910 760 3962 et
780 3906 927 3961 dixit
948 3922 1010 3961 se
1031 3906 1136 3960 has
1162 3905 1465 3961 columnas
1488 3911 1725 3977 argento

87 3994 223 4051 velle
250 3995 477 4061 vestiri,
501 3999 557 4049 et
578 3998 643 4049 ut
664 3995 772 4051 sibi
793 3996 865 4051 ad
893 3994 1000 4049 hoc
1023 3993 1302 4049 auxilium
1326 3995 1539 4049 ferrent
1558 3995 1728 4066 erepit

84 4082 326 4153 precari:
361 4083 520 4155 quod
542 4100 747 4139 omnes
766 4083 960 4138 animo
985 4081 1425 4154 promptissimo
1446 4085 1723 4137 fecerunt.

82 4168 217 4227 Nam
230 4188 439 4228 eorum
462 4171 670 4227 solatio
692 4170 993 4227 columnas
1012 4174 1249 4241 argento
1266 4171 1486 4241 Optime
1500 4170 1727 4225 vestivit

78 4275 284 4333 easque
306 4276 491 4333 super
520 4260 691 4316 bases
722 4259 985 4332 lapideas
1017 4259 1430 4314 decentissime
1462 4260 1724 4331 scalptas

79 4348 394 4417 constituit,
430 4365 609 4422 super
654 4347 957 4405 columnas
1018 4364 1188 4403 arcus
1247 4351 1501 4418 quatuor
1532 4349 1726 4420 posuit

84 4450 220 4506 quos
250 4452 322 4492 ex
353 4452 474 4492 una
493 4441 655 4509 parte
679 4454 747 4493 ex
764 4442 966 4492 aurato
989 4440 1251 4509 argento,
1279 4453 1347 4490 ex
1379 4436 1561 4491 altera
1592 4454 1723 4492 vero

81 4523 145 4579 de
173 4529 381 4582 aurato
414 4542 597 4597 cupro
644 4526 895 4581 vestivit.
956 4527 1141 4596 Super
1188 4542 1362 4580 arcus
1407 4542 1638 4597 quoque
1669 4531 1726 4580 et

1843 2046 1938 2101 riae
1960 2045 2108 2101 elato
2131 2062 2300 2116 opere
2331 2047 2400 2101 de
2432 2063 2572 2101 auro
2604 2047 2842 2118 optimo,
2877 2048 3216 2120 appendens
3247 2047 3374 2105 auri
3399 2052 3485 2105 ta-

1841 2134 2087 2199 lentum,
2120 2151 2293 2205 quam
2329 2134 2670 2191 Bertholdus
2691 2135 2872 2191 abbas
2895 2140 3153 2207 tempore
3184 2135 3355 2192 famis
3375 2137 3482 2192 de-

1843 2224 2040 2295 posuit
2069 2228 2125 2277 et
2154 2222 2519 2289 comminuit,
2564 2239 2632 2279 ac
2682 2241 2785 2296 pro
2845 2225 3134 2280 frumento
3189 2224 3479 2282 distraxit.

1843 2313 2029 2383 Super
2061 2311 2239 2367 altare
2261 2313 2591 2383 dependent
2612 2312 2837 2368 diversa
2857 2318 3194 2369 sanctorum
3226 2314 3483 2386 recepta-

1844 2400 1974 2455 cula
1989 2400 2387 2471 reliquiarum.
2404 2402 2487 2455 Ad
2512 2401 2708 2471 ipsum
2728 2400 2912 2457 altare.
2928 2419 3029 2473 per
3046 2403 3267 2475 gradus
3289 2402 3486 2474 plures

1843 2489 2268 2544 ascendebatur
2298 2489 2367 2543 de
2397 2489 2594 2555 choro,
2655 2507 2801 2562 quos
2858 2491 3042 2555 abbas
3096 2490 3486 2565 Theodericus

1843 2577 2104 2644 abstulit,
2138 2579 2371 2649 quando
2412 2578 2655 2633 chorum
2715 2578 3039 2650 ampliavit.
3092 2581 3155 2635 In
3214 2595 3487 2652 supremo

1842 2668 2178 2721 eorumdem
2238 2668 2529 2737 graduum
2561 2667 2618 2721 in
2681 2668 2992 2723 medietate
3047 2672 3173 2724 erat
3228 2668 3485 2741 spatium

1841 2756 2226 2822 submissum,
2262 2760 2549 2826 quantum
2573 2753 2753 2811 altare
2784 2756 2973 2811 fuerat
3003 2754 3210 2825 latum,
3244 2757 3487 2829 quadris

1840 2843 2137 2914 lapidibus
2149 2843 2264 2897 circ
2274 2842 2999 2917 umpositum,pertingens
3013 2860 3198 2917 usque
3211 2844 3285 2901 ad
3298 2845 3484 2901 altare

1841 2932 1939 2986 ubi
1982 2935 2213 2986 orantes
2243 2947 2436 3003 genua
2464 2932 2798 2987 ﬂecterent:
2838 2936 2896 2988 et
2944 2932 3115 3004 juxta
3157 2931 3339 2989 altare
3392 2937 3481 2989 ta-

1838 3019 1980 3075 bula
2010 3036 2336 3075 marmorca
2364 3019 2533 3075 viridi
2561 3020 2769 3076 coloris
2802 3020 3132 3093 pavimento
3183 3021 3479 3094 imposita,

1838 3109 1896 3165 in
1922 3127 2037 3180 qua
2061 3126 2250 3180 genua
2266 3109 2560 3164 ﬂectentes
2582 3110 3083 3166 deoscularentur.
3100 3109 3325 3166 Chorus
3346 3127 3480 3169 vero

1837 3204 1960 3253 erat
1989 3197 2154 3253 valde
2186 3214 2417 3269 parvus,
2452 3198 2729 3270 quoniam
2757 3215 3013 3255 ascensu.
3037 3198 3326 3271 graduum
3355 3204 3482 3256 erat

1837 3287 2184 3341 diminutas.
2219 3286 2365 3342 Muri
2398 3303 2630 3358 quoque
2682 3287 2933 3343 basilicas
2969 3291 3137 3344 erant
3190 3303 3260 3343 ex
3312 3287 3472 3345 omni

1837 3378 1997 3446 parte
2019 3374 2409 3446 pulcherrime
2429 3375 2661 3446 depicti,
2676 3391 2743 3429 ex
2756 3376 2995 3431 sinistra
3007 3378 3169 3447 parte
3189 3374 3473 3431 habentes

1836 3463 2137 3518 materiam
2170 3463 2241 3516 de
2270 3462 2481 3532 Veteri,
2506 3480 2539 3517 a
2565 3464 2765 3518 dextro
2789 3466 2983 3518 autem
3009 3463 3080 3517 de
3102 3467 3255 3519 Novo
3277 3463 3474 3518 Testa-

1835 3556 2048 3614 mento,
2081 3555 2137 3606 et
2157 3551 2491 3620 ubicunque
2513 3551 2704 3622 imago
2729 3551 2959 3606 Domini
2992 3552 3197 3621 fuerat,
3227 3567 3473 3613 aureum

1833 3639 1987 3695 circa
2016 3643 2190 3710 caput
2214 3637 2495 3693 circulum
2521 3638 2793 3694 habebat.
2816 3639 3187 3696 Venetiorum
3221 3655 3477 3711 namque

1833 3728 2141 3800 episcopus
2164 3728 2308 3798 (740)
2371 3728 2631 3783 modium
2689 3727 2925 3800 plenum
2982 3728 3095 3785 sibi
3147 3728 3217 3784 de
3273 3728 3479 3785 Graico

1834 3817 2044 3884 colore,
2080 3816 2179 3888 qui
2211 3820 2451 3870 vocatur
2481 3816 2685 3882 Lazur,
2722 3817 2907 3889 gratis
2932 3833 3036 3888 pro
3068 3816 3351 3873 eharitate
3379 3817 3479 3874 de-

1835 3906 2016 3971 derat,
2075 3904 2175 3976 qui
2228 3903 2402 3959 etiam
2435 3905 2695 3976 optimus
2747 3904 2906 3960 color
2950 3904 3481 3973 abundantissime,

1832 3997 1973 4050 sicut
2004 3995 2111 4065 ipsi
2132 3993 2382 4059 vidimus,
2417 3993 2604 4048 muris
2626 3993 2885 4064 undique
2905 3992 3090 4048 illitus
3121 3997 3274 4049 erat:
3298 4010 3477 4064 quam

1836 4084 2121 4155 picturam
2154 4082 2501 4136 Kuonradus
2532 4080 2712 4135 abbas
2743 4098 2811 4135 ex
2840 4085 2957 4136 toto
2988 4081 3298 4149 deleverat,
3328 4097 3478 4153 quo-

1834 4172 1990 4227 niam
2026 4170 2350 4241 antiquitas
2381 4169 2428 4224 ei
2455 4170 2583 4240 jam
2614 4170 2879 4225 decorem
2920 4169 3265 4226 abstulerat.
3324 4170 3480 4226 Fecit

1831 4260 2025 4315 valvas
2081 4257 2557 4330 incomparabilis
2616 4257 2863 4325 decoris,
2896 4262 3116 4330 etanta
3174 4257 3479 4315 ecclesiam

1832 4349 2118 4421 porticum
2149 4347 2464 4402 admodum
2500 4345 2833 4417 parvulum,
2867 4363 3041 4419 quem
3090 4347 3479 4404 Theodericus

1832 4437 2012 4494 abbas
2043 4433 2343 4506 ampliavit
2372 4437 2429 4488 et
2458 4434 2800 4490 melioravit.

2310 4523 2463 4578 809
2495 4524 2522 4589 §
2552 4522 2693 4577 XIX.
2728 4524 2802 4578 De
2829 4525 2998 4594 fonte.

84 4627 250 4685 super
269 4602 589 4671 celumnas
610 4614 806 4686 posuit
820 4614 1082 4670 tabulam
1106 4618 1278 4668 tanta:
1303 4613 1725 4684 magnitudinis
1754 4607 1800 4670 D
1903 4614 2045 4668 Cum
2066 4613 2244 4684 igitur
2264 4611 2509 4667 ecclesia
2527 4628 2758 4667 summo
2781 4611 2978 4667 studio
2998 4610 3169 4666 variis
3186 4609 3481 4667 coloribus

78 4705 137 4756 ut
161 4705 353 4759 totum
387 4702 644 4774 operiret
674 4702 981 4769 ciborium,
1003 4702 1225 4757 habens
1257 4702 1316 4756 in
1354 4702 1545 4757 medio
1579 4704 1727 4758 fene—

84 4792 257 4847 stram
288 4790 606 4847 rotundam
658 4796 714 4847 et
745 4792 933 4864 ipsam
983 4791 1041 4845 in
1084 4790 1327 4845 circuitu
1376 4791 1726 4847 intrinsecus

84 4884 275 4940 aurato
296 4897 484 4953 cupro
509 4883 795 4952 apertam,
819 4878 1063 4935 inferius
1086 4884 1279 4933 autem
1312 4879 1564 4935 habebat
1581 4897 1728 4935 mar-

86 4965 269 5037 ginem
301 4968 761 5042 prominentem,
797 4985 970 5040 quem
1001 4971 1241 5039 argento
1270 4967 1519 5036 vestivit,
1570 4969 1721 5039 quod

87 5055 250 5111 etiam
267 5058 514 5129 quidam
537 5057 719 5113 abbas
741 5056 985 5111 abstulit
996 5061 1052 5110 et
1066 5056 1186 5127 ipse
1201 5055 1510 5127 plumbum
1525 5056 1724 5111 afﬁxit.

84 5140 204 5215 Ipsa
232 5150 433 5202 autem
464 5144 668 5202 tabula
690 5150 813 5200 erat
838 5160 940 5217 per
968 5148 1153 5199 totum
1186 5159 1253 5198 ex
1284 5142 1544 5199 inferiori
1566 5151 1729 5216 parte

85 5264 449 5340 Riedhausen
473 5267 717 5340 accipio,
738 5267 1015 5340 parochia
1038 5284 1153 5322 non
1176 5265 1346 5338 longe
1368 5266 1503 5321 inde
1525 5267 1732 5325 dissita

85 5285 449 5325 meunausen
473 5285 594 5324 acci

85 5337 147 5392 ad
189 5339 536 5396 Ostracham

147 5410 293 5483 (737)
322 5415 527 5467 Testes
562 5410 658 5465 hic
688 5408 1003 5481 subscripti
1035 5408 1104 5463 ad
1157 5407 1550 5464 cathedralem
1581 5409 1728 5466 Con-

85 5481 463 5553 stantiensem
496 5486 788 5553 spectant.

166 5554 290 5623 738)
324 5557 437 5609 An.
470 5549 577 5609 995
607 5553 879 5608 currebat
908 5549 1149 5605 indictio
1182 5567 1302 5623 vin.

171 5621 298 5695 739⁷)
330 5625 480 5680 Hinc
537 5625 849 5695 habemus,
888 5623 1064 5695 funde
1111 5621 1334 5695 primos
1388 5622 1729 5695 monasterii

82 5693 168 5748 sui
197 5693 440 5754 colonos
473 5694 761 5769 acceperit
788 5698 847 5750 S.
872 5693 1273 5761 Gebehardus,
1295 5709 1361 5749 ex
1386 5693 1731 5748 Einsidlensi

1812 4701 2265 4773 .depingeretur,
2299 4699 2512 4755 accidit
2543 4703 2606 4754 ut
2646 4700 2899 4771 quodam
2950 4700 3045 4755 die
3099 4698 3227 4755 loco
3275 4699 3482 4756 eodem

1836 4789 2131 4844 secederet
2159 4792 2216 4842 et
2246 4787 2589 4859 aliquandiu
2624 4788 2811 4843 redire
2833 4805 3031 4844 moras
3056 4789 3287 4844 faceret.
3329 4789 3483 4845 Inte-

1837 4878 1948 4931 rim
1975 4893 2112 4947 ergo
2144 4877 2351 4948 perfidi
2384 4877 2634 4948 pictores
2666 4878 2918 4948 optimos
2949 4893 3218 4948 quosque
3263 4876 3488 4934 colores

1835 4964 2236 5020 fraudulenter
2252 4964 2584 5020 auferentes
2608 4966 2664 5020 in
2684 4965 2939 5021 vicinum
2962 4982 3173 5022 nemus
3194 4966 3488 5036 abierunt,

1836 5054 2033 5126 ibique
2046 5057 2262 5106 terram
2285 5051 2553 5109 clanculo
2575 5054 2863 5110 fodientes
2882 5054 3487 5112 absconderant.Cum

1834 5159 1967 5198 vero
1993 5144 2231 5196 sanctus
2268 5141 2479 5211 praesul
2501 5158 2767 5198 reversus
2790 5147 2964 5210 esset,
2988 5149 3291 5215 cceperunt
3312 5143 3491 5218 picto-

1839 5265 2062 5339 scilicet
2075 5262 2539 5339 cmnobio,cuju_s
2557 5267 2732 5339 etiam
2756 5265 3035 5339 alumnus
3058 5267 3243 5325 fuisse
3260 5268 3503 5339 videtur-

1839 5336 2181 5394 Pericherus
2215 5335 2452 5406 primus
2476 5336 2658 5393 abbas
2688 5338 3180 5396 Petershusanus.

1912 5410 2061 5481 (740)
2093 5405 2466 5463 Bollandistae
2497 5410 2568 5464 ad
2599 5409 2790 5481 Vitam
2814 5416 2870 5465 S.
2896 5409 3217 5481 Gebehardi
3259 5407 3482 5481 episco-

1884 5476 1984 5534 u'm
2016 5480 2170 5533 hunc
2200 5484 2408 5550 putant
2438 5481 2616 5536 fuisse
2660 5480 2871 5537 Ursum
2931 5479 3246 5550 Venetam,
3281 5476 3379 5546 (iui
3410 5491 3481 5531 ex

1890 5550 2081 5622 ghello
2114 5547 2241 5604 Ital.
2278 5551 2439 5605 Sacr.
2473 5556 2513 5606 t.
2548 5552 2616 5618 V,
2653 5570 2706 5622 p.
2740 5553 2894 5619 1200,
2928 5551 3001 5604 ab
3030 5567 3124 5605 an.
3151 5547 3249 5600 981
3285 5561 3478 5622 usque

1838 5618 2227 5693 9927praefuit.
2281 5623 2351 5676 At
2382 5638 2448 5677 ex
2483 5618 2740 5678 Dandulo
2772 5626 2988 5678 certum
3037 5623 3128 5693 e_st
3156 5622 3290 5671 tunc
3317 5618 3472 5693 tern-

1844 5683 2003 5764 poris
2033 5692 2091 5748 in
2124 5692 2346 5748 Veneta
2374 5696 2511 5750 sede
2530 5694 2708 5750 fuisse
2731 5692 3035 5757 Marinum,
3057 5686 3099 5743 l.
3130 5702 3205 5755 c.,
3226 5701 3282 5757 p.
3305 5683 3469 5742 4212.
