3894 6384
149 449 250 515 313

1034 441 1483 509 CHRONICON
1524 434 2247 505 PETEBSHUSANUM.
2277 473 2358 491 --
2384 440 2532 506 LIB.
2578 441 2628 506 Ι.

3400 450 3522 513 3M

147 576 382 657 qualiter
410 577 787 637 Gehehardus
816 577 1108 636 secundus
1138 575 1406 633 amabilis
1461 574 1772 648 episcopus
1799 575 1855 640 Α
1884 574 2177 631 recitetur.
2207 575 2315 640 Qui
2341 593 2474 634 vero
2503 576 2599 651 pio
2633 575 2853 636 intuitu
2883 582 3082 636 custos
3108 583 3165 636 et
3191 586 3527 654 procurator

145 674 348 730 sanctae
378 668 646 725 Ecclesiae
676 667 1156 733 Constantiensis,
1189 665 1607 721 dilectissimus
1646 680 1777 719 con-

147 762 310 817 frater
338 763 557 825 noster,
589 758 870 813 orationis
902 773 1080 811 causa
1128 756 1374 810 Romam
1422 753 1660 809 veniens
1704 752 1775 808 ad

145 849 339 907 limina
360 846 756 919 apostolorum
789 845 1121 917 principum
1179 844 1329 899 Petri
1391 860 1455 898 ac
1500 841 1681 905 Pauli,
1723 845 1780 896 et

146 941 269 995 ante
282 940 543 991 nostram
568 932 1280 1007 priesentiammetulitque
1302 930 1468 985 nobis
1491 936 1780 1000 quatenus

146 1029 282 1101 ipse,
315 1025 415 1081 Dei
446 1028 592 1080 nutu
623 1022 984 1094 compulsus,
1019 1022 1321 1075 ecclesiam
1356 1020 1779 1075 coenobitarum

146 1112 558 1173 construxisset
614 1128 789 1183 super
845 1111 1032 1182 ripam
1087 1109 1349 1163 ﬂuminis
1383 1108 1539 1179 quod
1572 1106 1784 1161 dicitur

144 1204 395 1269 Rhenus,
429 1200 501 1257 ad
534 1200 814 1256 honorem
838 1198 901 1252 B.
927 1197 1189 1267 Gregorii
1212 1196 1565 1251 confessoris
1588 1195 1782 1249 Chris-

140 1291 203 1359 ti,
232 1291 291 1345 in
323 1307 438 1363 quo
469 1289 595 1345 loco
627 1288 889 1359 regulam
932 1288 990 1342 S.
1044 1285 1337 1340 Benedicti
1376 1285 1522 1341 312
1556 1282 1784 1338 abbatis

143 1385 197 1437 et
224 1378 645 1435 monachorum
678 1379 921 1431 fratrum
972 1373 1437 1429 luculentissime
1468 1372 1783 1437 ordinaret,

139 1470 237 1526 ubi
268 1465 643 1523 devotissime
673 1465 741 1519 de
774 1464 899 1518 suis
922 1462 1172 1534 propriis
1197 1462 1587 1533 praediis,quaa
1614 1460 1789 1514 asuis

146 1556 483 1632 parentibus
503 1553 587 1608 illi
608 1556 944 1619 evenerunt,
968 1555 1023 1605 et
1046 1555 1264 1623 partem
1290 1551 1358 1604 de
1380 1551 1554 1605 rebus
1576 1552 1789 1603 sancta:

141 1663 258 1703 suae
275 1643 546 1699 Ecclesiae
573 1641 944 1697 devotissime
966 1639 1272 1708 obtulit,ad
1307 1638 1789 1694 sustentationem

144 1739 198 1790 et
227 1731 591 1805 stipendium
622 1729 857 1785 illorum
889 1727 1160 1782 videlicet
1217 1726 1658 1791 monachorum,
1692 1723 1792 1795 qui

142 1824 200 1879 in
224 1821 354 1894 ipso
386 1824 588 1876 sancto
612 1816 963 1873 monasterio
986 1815 1187 1871 sedulo
1208 1815 1420 1869 Christi
1444 1814 1644 1869 laudes
1666 1830 1789 1884 per-

1885 663 2063 735 hujus
2094 666 2276 720 nostri
2305 667 2577 738 praecepti
2606 667 2915 737 exstiterit,
2942 669 3357 727 benedictionis
3396 688 3529 745 gra-

1886 753 2028 809 tiam
2060 753 2357 826 vitamque
2387 759 2662 811 aeternam
2724 756 2798 811 ah
2857 758 2986 830 ipso
3045 758 3291 816 Domino
3330 760 3447 817 Deo
3477 767 3534 818 et

1886 842 2173 898 Salvatore
2205 848 2403 899 nostro
2426 844 2565 899 Jesu
2597 844 2826 901 Christo
2849 847 3129 920 consequi
3151 852 3445 905 mereatur
3472 850 3532 905 in

1890 930 2101 987 saecula
2130 932 2501 988 smculorum.
2562 927 2767 989 Amen.
2820 934 3115 1009 Scriptum
3175 954 3277 1009 per
3328 955 3536 995 manus

1886 1020 2137 1076 Joannis
2166 1021 2398 1091 notarii,
2431 1026 2486 1077 et
2518 1022 2829 1093 regionarii
2861 1030 2917 1079 et
2944 1026 3235 1082 scriniarii
3267 1027 3417 1083 sacri
3434 1028 3539 1085 La-

1890 1110 2215 1164 teranensis
2246 1110 2446 1181 palatii
2502 1110 2560 1164 in
2612 1127 2812 1168 mense
2843 1113 3078 1184 Aprilis,
3112 1119 3167 1171 et
3218 1115 3538 1173 indictione

1894 1198 2169 1253 secunda.
2204 1198 2349 1252 Data
2377 1215 2457 1251 v11
2488 1197 2612 1253 Kal.
2666 1200 2847 1256 Maias
2897 1218 2999 1273 per
3029 1219 3240 1260 manus
3274 1205 3537 1278 Gregorii

1894 1286 2149 1357 episcopi
2182 1289 2390 1340 sanctae
2421 1288 2575 1343 818
2608 1288 2942 1345 Portuensis
2998 1291 3285 1360 Ecclesiae,
3335 1298 3392 1349 et
3449 1293 3540 1349 bi-

1895 1374 2255 1429 bliothecarii
2287 1374 2346 1427 S.
2409 1374 2565 1430 sedis
2620 1376 2969 1446 apostolicae,
3023 1396 3173 1435 anno
3233 1381 3538 1454 pontiﬁca-

1896 1469 1994 1518 tus
2026 1462 2248 1517 domini
2280 1461 2465 1520 nostri
2502 1463 2744 1520 Joannis
2774 1466 3129 1523 sanctissimi
3178 1485 3341 1541 papae
3371 1486 3542 1542 quar-

1897 1557 1955 1607 to
1987 1553 2157 1621 (71.5).

1899 1640 2144 1712 §XXIV.
2180 1642 2449 1707 Quomodo
2477 1640 2548 1695 ad
2576 1642 2883 1713 sepulcrum
2933 1643 2988 1698 S.
3039 1644 3314 1702 Uodalrici
3350 1650 3542 1704 oravit.

1973 1730 2219 1784 Rediens
2250 1730 2447 1801 itaque
2480 1734 2539 1785 Β.
2583 1732 2841 1802 pontifex
2862 1732 3241 1790 Gebehardus
3270 1751 3305 1790 a
3332 1734 3547 1791 limini-

1900 1819 2012 1873 bus
2042 1818 2439 1889 apostolorum
2485 1823 2756 1891 percepto
2786 1820 3084 1894 privilegio
3115 1839 3183 1879 ac
3211 1829 3545 1881 sanctorum

144 1909 365 1968 solvere
398 1910 818 2002 diu-noctuque
843 1923 967 2002 _non
997 1910 1249 2002 cessant.
1284 1905 1390 2001 Pro
1441 1903 1656 1974 quibus
1686 1917 1794 2002 οξ).-
1822 1936 1871 2002 B
1905 1906 2191 1978 reliquiis,
2224 1911 2286 1962 ut
2317 1925 2493 1978 supra
2523 1908 2816 1979 digestum
2847 1915 2953 1977 est,
2989 1926 3123 1966 cum
3152 1910 3328 1984 Alpes
3357 1916 3547 1972 trans-

141 2005 274 2059 strae
307 1996 663 2056 humilitatis
690 1994 1040 2067 supplicavit
1067 1992 1461 2058 clementiam,
1498 1997 1563 2046 ut
1594 1991 1794 2062 praedi—

143 2094 274 2146 ctus
304 2086 473 2143 locus
500 2085 625 2157 ipse
663 2085 772 2139 sub
802 2082 1046 2138 tuitione
1077 2087 1134 2137 et
1164 2080 1497 2136 defensione
1529 2080 1585 2134 S.
1618 2078 1791 2145 Petri,

142 2182 198 2236 et
227 2181 437 2233 nostra
468 2177 921 2243 nostrorumque
943 2187 1346 2226 successorum
1372 2168 1715 2241 pontificum
1736 2167 1795 2221 in

142 2269 497 2341 perpetuum
516 2266 768 2327 maneat,
792 2261 873 2316 ita
893 2265 1089 2316 tamen
1112 2265 1176 2315 ut
1199 2258 1395 2314 nullus
1419 2262 1642 2325 rex,aut
1659 2256 1793 2323 dux,

139 2371 336 2428 neque
368 2351 652 2423 marchio,
683 2367 787 2405 nec
816 2351 988 2405 etiam
1021 2348 1348 2419 episcopus,
1379 2347 1477 2419 qui
1510 2362 1612 2417 per
1648 2350 1795 2399 tem-

139 2460 284 2519 pora
314 2443 377 2498 in
411 2442 539 2515 ipso
569 2439 862 2511 epiSCOpio
894 2438 1091 2504 fuerit,
1123 2442 1224 2492 aut
1270 2435 1392 2492 ulla
1420 2451 1672 2508 persona
1700 2450 1797 2488 au-

137 2534 320 2590 deant
352 2531 426 2586 de
458 2530 733 2585 omnibus
791 2545 914 2598 quae
974 2527 1190 2581 ibidem
1238 2525 1310 2581 ab
1342 2525 1610 2596 ipsojam
1646 2523 1796 2576 dicto

135 2619 492 2680 Gehehardo
515 2634 788 2673 concessa
806 2621 945 2671 sunt
965 2616 1238 2681 alienare,
1263 2620 1365 2670 aut
1388 2612 1798 2684 quoquomodo

135 2713 207 2768 de
229 2711 370 2783 ipso
394 2711 595 2764 sancto
619 2705 971 2761 monasterio
1012 2704 1329 2759 extrahere.
1364 2702 1712 2766 Coustituta,
1745 2703 1802 2755 et

134 2798 413 2857 stabilita
444 2802 619 2869 atque
652 2797 823 2850 firma
852 2811 1038 2865 usque
1070 2795 1128 2848 in
1159 2793 1355 2849 futura
1382 2797 1642 2863 tempore
1664 2806 1800 2845 con-

1902 1995 2067 2063 isset,
2097 2000 2153 2051 et
2182 1997 2241 2050 in
2270 1994 2671 2052 Alemanniam
2720 1999 3101 2069 pervenisset,
3152 2000 3383 2057 devenit
3423 2007 3547 2057 Au-

1907 2088 2143 2155 gustam
2173 2084 2556 2156 Vindelicam,
2606 2090 2662 2140 et
2713 2087 2783 2141 ad
2844 2087 3180 2159 sepulcrum
3219 2089 3547 2147 beatissimi

1909 2172 2198 2228 Uodalrici
2230 2174 2496 2244 ejusdem
2529 2173 2776 2230 civitatis
2805 2176 3184 2249 episcOpi,qui
3208 2178 3332 2249 jam
3364 2178 3545 2235 ferme

1906 2266 2039 2316 ante
2070 2262 2405 2333 quindecim
2437 2279 2617 2319 annos
2638 2279 2668 2319 e
2690 2265 2909 2320 mundo
2932 2266 2999 2320 ad
3024 2266 3339 2322 Dominum
3360 2271 3548 2323 trans-

1906 2351 2072 2417 ierat,
2137 2355 2411 2406 oraturus
2460 2352 2736 2418 accessit;
2787 2369 3040 2425 cumque
3092 2353 3213 2410 illic
3271 2357 3551 2412 attentius

1907 2443 2117 2507 oraret,
2149 2439 2371 2495 audivit
2398 2457 2594 2495 vocem
2626 2441 2799 2512 quasi
2848 2443 2919 2497 de
2963 2443 3193 2499 tumulo
3223 2448 3554 2512 sonantem,

1908 2527 2137 2600 sibique
2167 2528 2457 2584 dicentem
2484 2546 2497 2584 :
2534 2552 2561 2579 «
2595 2530 2744 2595 Quid
2777 2530 3013 2602 quaeris,
3045 2531 3133 2587 vel
3181 2532 3322 2605 quid
3351 2540 3555 2605 postu-

1906 2616 2014 2682 las,
2043 2616 2378 2672 Gebeharde
2399 2617 2427 2670 ?
2458 2640 2485 2668 ››
2516 2619 2590 2673 At
2620 2616 2740 2685 ille,
2774 2619 3310 2691 quasiconsuetam
3355 2638 3555 2678 vocem

1909 2705 2155 2772 audiret,
2186 2706 2471 2778 intrepide
2502 2707 2836 2778 respondit:
2899 2730 2927 2758 ‹‹
2977 2709 3282 2777 Quoniam,
3342 2711 3554 2783 inquit,

1910 2812 2095 2867 nuper
2125 2794 2319 2849 locum
2346 2795 2593 2850 Domino
2624 2795 3013 2853 dedicandum
3057 2798 3379 2867 construxi,
3420 2804 3554 2872 peto

1910 2888 1977 2937 ut
2006 2883 2191 2937 isdem
2222 2882 2385 2938 locus
2409 2887 2508 2938 tuo
2531 2884 2856 2955 patrocinio
2878 2884 3224 2956 illustratur,
3247 2892 3305 2942 et
3350 2887 3422 2943 de
3460 2904 3553 2944 sa-

1913 2971 2242 3026 cratissimo
2275 2988 2512 3043 corpore
2538 2976 2638 3028 tuo
2694 2972 2900 3045 aliquae
2933 2973 3190 3046 reliquias
3230 2974 3369 3031 illuc
3398 2975 3556 3032 defe-

1914 3060 2103 3115 rendae
2136 3078 2239 3131 pro
2273 3065 2375 3115 tua
2404 3062 2620 3132 pietate
2669 3064 3082 3119 concedantur.
3110 3086 3138 3114 ››
3192 3063 3296 3119 Cui
3342 3064 3554 3120 iterum

131 2888 415 2947 cedimus
440 2885 859 2959 permanenda.

203 2977 367 3039 «Sed
395 2980 453 3031 et
473 2974 581 3030 hoc
601 2972 919 3046 apostolica
942 2972 1350 3043 prmccptionc,
1367 2972 1603 3042 rogante
1625 2982 1804 3037 supra

129 3067 292 3124 dicto
321 3065 621 3121 confratre
646 3067 865 3129 nostro,
886 3061 1289 3115 interdicimus
1330 3060 1389 3113 in
1440 3056 1673 3113 nomine
1694 3055 1800 3110 Do-

123 3156 279 3213 mini
309 3153 507 3210 nostri
529 3152 669 3207 Jesu
693 3150 1010 3217 Christi,ne
1034 3149 1246 3221 aliquis
1294 3149 1481 3203 eidem
1520 3150 1807 3200 monaste-
1915 3149 2084 3220 quasi
2115 3150 2185 3204 de
2215 3149 2420 3204 tumba
2451 3166 2799 3222 responsum
2832 3155 2957 3206 est:
3012 3176 3038 3201 α
3065 3152 3219 3219 Non,
3260 3153 3567 3225 inquiens,»

124 3246 212 3300 rio
245 3241 640 3317 prmficiatur,
674 3239 787 3295 nisi
819 3256 992 3310 quem
1025 3238 1323 3293 communi
1366 3252 1653 3292 consensu
1686 3235 1802 3287 fra-
1834 3300 1871 3317 η
1914 3238 2021 3293 hoc
2055 3236 2172 3292 ullo
2202 3238 2374 3293 modo
2408 3238 2530 3293 ﬁeri
2553 3243 2766 3311 potest,
2797 3240 3072 3311 quoniam
3104 3241 3398 3314 integrum
3439 3258 3558 3297 cor-

116 3340 244 3391 tres
288 3331 527 3389 ibidem
586 3328 813 3384 Christo
866 3327 1069 3383 sedulo
1127 3326 1444 3381 servientes
1499 3322 1798 3395 elegerint,
1830 3300 1873 3366 Ο
1912 3325 2219 3400 puscalum
2252 3343 2449 3381 meum
2481 3325 2591 3381 hoc
2619 3326 2679 3381 in
2711 3300 2833 3383 loco
2864 3328 3015 3383 diem
3065 3300 3408 3400 supreumum
3456 3346 3553 3386 ex-

117 3419 843 3492 electumqueepiscopus
867 3414 1802 3471 benedictionistituloconﬁrma-
1912 3418 2174 3486 spectare
2203 3413 2369 3481 volo;
2403 3419 2461 3468 et
2490 3414 2629 3486 quia
2679 3430 2771 3469 me
2828 3415 2944 3470 tuis
3000 3416 3274 3487 precibus
3319 3416 3555 3489 pulsare

111 3530 175 3569 re
207 3512 543 3584 procuret;
569 3511 625 3562 et
655 3506 764 3562 hoc
794 3505 989 3578 ipsum
1024 3506 1093 3560 de
1125 3504 1383 3559 advocati
1414 3504 1689 3561 electione
1712 3508 1805 3562 de-
1913 3508 1969 3559 et
1991 3502 2311 3573 inquietare
2342 3502 2791 3575 praesumpsisti,
2825 3503 3121 3575 continuo,
3154 3521 3288 3561 cum
3333 3510 3552 3563 terrain

112 3600 283 3657 cerni
308 3596 569 3672 placuit.
593 3596 651 3650 Si
674 3612 827 3664 vero,
861 3595 1015 3667 quod
1040 3594 1227 3649 absit:
1270 3593 1587 3665 aliquando
1622 3595 1801 3651 conti-
1914 3590 2251 3647 monasterii
2284 3590 2371 3645 tui
2420 3590 2703 3664 attigeris,
2762 3591 3045 3648 ultionem
3090 3594 3333 3666 proinde
3377 3611 3553 3668 expe-

105 3690 267 3760 gerit
292 3692 371 3744 ut
406 3686 725 3759 episcOpus
755 3685 1020 3755 ejusdem
1042 3687 1253 3738 sanctae
1277 3682 1545 3738 Ecclesiae
1570 3683 1802 3739 haereti«
1914 3679 2101 3737 rieris.
2121 3703 2147 3729 ››
2170 3679 2295 3735 Tali
2313 3678 2547 3735 oraculo
2570 3684 2840 3753 percepto
2870 3682 3192 3750 recessit,et
3221 3684 3292 3740 ad
3323 3684 3558 3756 propria

107 3796 218 3835 cus
271 3775 379 3834 vel
448 3773 865 3831 schismaticus
935 3772 1165 3839 existat,
1216 3771 1426 3827 fratres
1481 3773 1804 3846 supradicti
1914 3768 2211 3825 remeavit.
2249 3769 2432 3841 Igitur
2460 3786 2590 3825 cum
2652 3770 2724 3824 ad
2777 3775 3096 3828 extremam
3159 3777 3382 3846 partem
3409 3774 3554 3847 agri,

103 3862 500 3925 monasterii
531 3879 600 3920 ex
631 3861 975 3918 auctoritate
1017 3861 1173 3917 sedis
1195 3860 1521 3933 apostolicae
1553 3862 1807 3920 habeant
1916 3858 2015 3931 qui
2047 3859 2118 3915 ad
2153 3858 2574 3914 monasterium
2605 3857 2950 3931 pertinebat,
3006 3862 3384 3932 pervenisset,
3425 3878 3557 3919 ecce

104 3959 501 4030 potestatem
520 3950 944 4008 ecclesiasticos
959 3950 1191 4006 ordines
1214 3949 1544 4021 requirendi
1559 3951 1805 4005 ubicun-
1917 3947 2108 4020 vepris
2131 3947 2370 4019 spinosa
2390 3964 2567 4019 super
2582 3948 2734 4003 viam
2756 3948 3091 4021 dependens
3108 3949 3356 4023 caligam
3371 3954 3558 4007 trans-

97 4062 221 4120 que
246 4039 643 4102 catholicum
661 4043 1082 4096 noveruntesse
1095 4039 1565 4110 episcopum,nec
1579 4039 1676 4096 ille
1696 4040 1807 4095 ini-

99 4151 273 4207 quus
361 4128 846 4200 dehocaliquam
885 4127 1811 4200 eisiujuriaminferrepraasumat

94 4221 257 4280 Nam
283 4220 345 4278 si
370 4217 607 4290 aliquis
628 4216 1239 4288 homo,cujuscunque
1264 4216 1343 4271 sit
1364 4217 1584 4273 ordinis
1608 4218 1695 4273 vel
1716 4235 1810 4290 po-

91 4305 569 4380 testutis,quod
593 4322 709 4361 non
728 4303 1182 4374 credimus,fhoc
1204 4304 1597 4377 privilegium]
1614 4306 1673 4361 in
1704 4305 1809 4363 ali-

85 4416 215 4472 quo
239 4398 661 4466 disrumpere
685 4393 992 4448 tentaverit
1013 4393 1111 4464 [et]
1130 4409 1196 4447 ea
1214 4410 1339 4464 quer
1362 4393 1433 4448 ab
1452 4394 1578 4465 ipso
1591 4396 1718 4465 jam
1731 4395 1812 4450 di-

88 4493 184 4546 cto
208 4484 556 4546 confratre
576 4485 777 4537 nostro
798 4480 858 4537 in
881 4481 1156 4553 praedicto
1171 4482 1520 4537 monasterio
1535 4500 1812 4539 concessa

82 4581 262 4646 sunt,
304 4592 349 4633 ει
375 4576 538 4646 jure
568 4574 627 4626 et
683 4570 903 4626 ditione
959 4569 1148 4642 ipsius
1195 4570 1536 4627 monasterii
1582 4573 1811 4628 auferre

79 4664 390 4732 voluerit,
438 4659 568 4715 nisi
592 4658 920 4730 resipiscat,
944 4659 1483 4715 excommunicatus
1506 4676 1539 4715 a
1568 4677 1805 4735 corpore
1833 4662 1881 4729 D

76 4759 137 4813 et
160 4752 517 4829 sanguine
534 4746 765 4805 Domini
786 4747 969 4802 nostri
1005 4747 1145 4802 Jesu
1180 4746 1391 4802 Christi
1413 4748 1713 4816 consistat,
1746 4754 1803 4805 et

78 4837 684 4902 anathematizatus
707 4853 740 4891 a
760 4836 859 4892 SS.
885 4835 1157 4891 Patribus
1177 4835 1537 4904 omnibus,et
1556 4855 1590 4893 a
1611 4838 1797 4905 nobis;

73 4950 187 4991 nec
211 4933 285 4991 in
322 4928 527 4988 exitu
559 4924 684 4981 vitae
716 4924 1128 4989 communicet,
1184 4925 1286 4979 sed
1344 4924 1526 4980 etiam
1574 4932 1801 4983 mortuo

72 5039 317 5079 nomen
356 5020 527 5090 ejus
554 5013 706 5070 inter
727 5012 1045 5069 missarum
1105 5012 1392 5068 solemnia
1440 5013 1599 5071 nullo
1632 5016 1802 5073 modo

358 5126 608 5182 Annus
639 5123 882 5201 quartus
911 5118 1287 5202 pontificatus
1315 5118 1561 5177 Joannis
1589 5122 1805 5191 XVI,et

183 5205 349 5256 ictio
384 5213 441 5252 ιι
484 5208 565 5248 ac
619 5207 846 5246 meheis
899 5190 1119 5256 Aprilis
1147 5190 1411 5245 Indicant
1443 5208 1667 5248 annum
1698 5197 1803 5251 989

67 5189 349 5256 indicti'o
384 5213 441 5252 ιι
484 5208 565 5248 ac
619 5189 846 5263 mensis
899 5189 1119 5263 Aprilis
1147 5189 1411 5263 indicant
1443 5208 1667 5263 annum
1698 5189 1803 5251 989

67 5272 156 5328 uti
190 5275 260 5329 et
296 5262 664 5326 memorati
694 5265 721 5328 ἓ
749 5263 822 5317 24
843 5261 967 5333 seq.
999 5261 1317 5332 quintecim
1348 5262 1486 5317 anni
1536 5266 1608 5320 ab
1639 5267 1800 5322 obitu

63 5345 127 5401 3.
166 5338 518 5416 Udalrici,
557 5351 735 5416 quem
768 5334 920 5389 idem
954 5350 1105 5405 papa
1135 5336 1335 5405 postea
1364 5350 1458 5389 an.
1492 5336 1597 5391 993
1648 5337 1803 5394 inter

63 5419 334 5471 sanctos
376 5404 645 5467 retulit.

137 5487 314 5562 (746)
338 5483 448 5562 _De
478 5476 741 5562 brachip
844 5472 1095 5562 Philippi
1118 5474 1800 5562 I‘lletys‘qumis‘aq4goé

64 5545 492 5615 Florentium
534 5545 825 5604 translato
849 5545 1023 5617 agent
1049 5545 1191 5601 Socii
1233 5545 1497 5603 Bolla'nd.
1536 5553 1576 5603 t.
1612 5550 1633 5603 Ι
1664 5551 1800 5607 Maii

103 5672 118 5686 .
159 5630 390 5696 11-15,
437 5619 782 5696 ubi_etiam
817 5634 1051 5696 _corpus
1090 5618 1219 5696 ejus
1268 5619 1511 5696 Romam
1541 5620 1798 5696 delatum

103 5672 118 5686 ,
159 5646 390 5696 ιι-ιο,
437 5646 573 5679 uni
603 5646 782 5674 uumu
840 5646 938 5673 υυι·
986 5646 1051 5673 ua
1090 5646 1219 5687 UJUb
1268 5646 1511 5675 numam
1541 5646 1796 5677 uenatum

55 5646 529 5774 gicunt,uude
551 5689 797 5774 Carolus
817 5689 889 5745 IV
909 5646 1155 5774 alterum
1173 5690 1796 5774 brachiumacceperit.

56 5761 663 5837 Constantinopoli
693 5776 925 5834 quoque
955 5761 1216 5831 ejusdem
1257 5761 1798 5836 apostoli,reliquiae

1918 4036 2110 4092 euntis
2131 4035 2384 4108 episcopi
2416 4036 2823 4109 apprehendit,
2845 4036 3013 4109 eique
3054 4037 3259 4094 tibiam
3287 4038 3557 4095 vulnera-

1917 4126 2035 4192 vit;
2070 4124 2170 4197 qui
2196 4141 2331 4181 cum
2356 4124 2613 4181 dolorem
2643 4142 2712 4181 ex
2742 4125 2915 4198 plaga
2943 4126 3385 4197 sensisset,voce
3401 4128 3560 4185 clara

1918 4214 2097 4270 dixit:
2136 4235 2164 4264 ‹‹
2196 4215 2339 4269 Ecce
2370 4214 2526 4286 quod
2559 4214 2616 4270 S.
2643 4212 2985 4271 Uodalricus
3039 4216 3214 4273 verbo
3270 4217 3560 4289 praedixit,

1919 4317 2087 4374 opere
2108 4301 2437 4373 complevit.
2495 4323 2523 4350 ››
2580 4302 2710 4358 Haec
2768 4302 2940 4375 plaga
2989 4310 3192 4376 postea
3246 4305 3319 4362 de
3373 4306 3557 4361 diein

1919 4392 2075 4447 diem
2106 4391 2166 4446 in
2206 4391 2373 4462 pejus
2430 4390 2696 4459 accrevit,
2748 4398 2805 4446 et
2852 4408 3039 4463 usque
3093 4393 3165 4449 ad
3220 4393 3397 4450 ﬁnem
3426 4395 3557 4451 vitae

1919 4482 2049 4553 ejus
2077 4478 2236 4535 nullo
2289 4494 2552 4550 unquam
2611 4479 2885 4551 deinceps
2942 4480 3331 4537 medicamine
3361 4484 3556 4539 curari

1919 4568 2133 4640 potuit.

2117 4655 2338 4728 §XXV.
2371 4656 2445 4711 De
2479 4656 2694 4711 brachio
2726 4656 2779 4711 S.
2816 4656 3068 4728 Philippi
3109 4658 3355 4730 apostoli.

1985 4745 2114 4800 Otto
2147 4759 2381 4815 quoque
2411 4743 2729 4816 imperator
2757 4761 2991 4816 capsum
3020 4744 3073 4801 ei
3121 4745 3279 4802 dedit
3318 4752 3558 4819 argento

1910 4832 2273 4898 vestitam,in
2306 4849 2421 4903 qua
2438 4832 2744 4889 brachium
2766 4832 2824 4889 S.
2852 4833 3103 4906 Philippi
3139 4834 3387 4908 apostoli
3410 4838 3561 4910 (⁸746)

1911 4939 2047 4978 cum
2079 4919 2211 4977 aliis
2244 4920 2575 4993 magniﬁcis
2626 4926 2685 4976 et
2742 4921 3167 4994 multiplicibus
3222 4931 3561 4983 sanctorum

1911 5013 2067 5068 814
2098 5008 2364 5080 reliquiis
2390 5008 2752 5080 habebatur;
2785 5012 2939 5083 quod
2974 5012 3210 5084 quidem
3254 5013 3561 5072 brachium

1911 5118 2094 5173 fuisse
2119 5120 2541 5187 memorantur,
2602 5118 2760 5174 unde
2808 5117 2976 5175 facile
3025 5135 3249 5187 earum,
3310 5138 3377 5177 ac
3419 5122 3565 5178 forte

1911 5189 2088 5245 etiam
2117 5186 2602 5274 [brachii-partem
2634 5189 2844 5274 marito
2862 5206 2974 5274 suo
3002 5191 3201 5273 Ottoni
3311 5194 3454 5274 inmp.
3478 5210 3563 5274 se-

1911 5277 2044 5344 cum
2078 5259 2251 5346 affers
2280 5259 2471 5330 potuit
2494 5260 3184 5346 ‘TheOphaniaL‘lﬁomnani
3228 5259 3563 5346 ll'Qri'entlis

1912 5332 2054 5400 imp.
2090 5331 2230 5397 ﬁlia,
2264 5347 2442 5401 quam
2474 5331 2607 5412 dein
2640 5330 2844 5387 eorum
2876 5330 3199 5415 ﬁlius.0tto
3233 5333 3555 5413 lllimpxs.

1912 5402 2253 5476 Gebehardo
2280 5404 2515 5457 donaVit
2538 5420 2551 5470 ;
2575 5402 2643 5476 _i_d
2669 5404 2822 5476 quod
2842 5404 2914 5476 ob
2936 5409 3345 5476 antiquitatem
3367 5418 3555 5472 majo-

1911 5491 2033 5546 rem
2065 5474 2238 5528 fidem
2271 5477 2547 5546 meretur.
2574 5474 2819 5546 Fortein
2838 5475 3034 5546 aliqua
3062 5474 3555 5546 dictarumtrans-

1910 5545 2195 5601 lationum
2227 5543 2535 5617 Philippus
2592 5545 2891 5616 apostolus
2935 5543 3219 5617 confusus
3268 5544 3548 5617 paucam

1907 5617 2176 5743 Fililippo
2210 5633 2327 5671 uno
2356 5608 2444 5672 e'x'
2481 5608 2700 5688 septem
2749 5616 3025 5682 diaconis,
3052 5613 3149 5685 qui
3176 5614 3211 5668 6
3258 5608 3416 5667 Junii
3447 5624 3546 5665 co-

1930 5706 1948 5743 ι
1978 5705 2067 5743 ur.

1930 5705 2067 5743 ιιιιῐδ.
