3866 6326
17 380 116 449 317

932 384 1382 477 CHRONICON
1426 377 2147 465 PETERSHUSANUM.
2182 416 2261 433 —
2291 383 2440 449 LIB.
2484 382 2533 450 Ῑ.

3307 385 3445 461 311

17 517 135 585 tuit,
159 519 227 574 ut
246 532 397 574 cum
422 517 640 585 abbate
660 517 1011 592 equitarent,
1034 520 1203 593 eique
1234 519 1393 575 domi
1414 518 1673 589 forisque
1702 515 1756 580 A
1785 514 1844 570 S.
1880 516 2139 588 Gregorii
2172 516 2422 589 pleniter
2453 517 2834 577 ministraret.
2858 517 3065 574 Postea
3086 532 3220 574 vero
3246 534 3425 591 quam

17 605 451 681 ministrarent,
476 623 658 680 equos
681 623 820 663 suos
841 611 961 663 tam
984 607 1177 662 abbati
1197 622 1374 678 quam
1398 605 1676 661 fratribus

17 693 145 761 suis,
172 710 550 767 quocunque
590 713 824 752 necesse
875 701 1090 763 essent,
1140 698 1502 767 praestarent,
1550 710 1676 749 mo-

17 783 332 838 nasterium
348 800 466 856 pro
483 800 657 856 posse
676 801 782 839 suo
798 784 1188 851 defensarent,
1207 783 1428 839 nullius
1442 781 1675 838 servitio

17 889 245 944 prorsus
266 872 409 943 subj
420 876 686 939 acerent,
710 877 949 944 excepto
976 872 1160 928 solius
1180 872 1409 927 abbatis
1430 872 1676 942 ejusque

18 961 469 1016 monachorum.

402 1052 432 1118 §
469 1049 661 1105 XXXI.
682 1051 759 1104 De
786 1049 908 1105 dote
937 1050 1281 1105 monasterii.

78 1137 201 1193 Haec
216 1142 386 1205 sunt,
404 1155 544 1210 quae
569 1138 631 1193 B.
658 1137 1035 1194 Gebehardus
1058 1138 1367 1209 episcopus
1382 1139 1674 1192 monaste-

18 1225 91 1281 rio
119 1243 222 1282 suo
250 1227 328 1283 de
380 1224 733 1282 haereditate
782 1231 1091 1299 parentum
1142 1242 1386 1282 suorum
1432 1223 1677 1280 tradidit

20 1317 94 1370 vel
124 1314 364 1373 aliunde
414 1314 779 1386 acquisivit:
834 1314 1180 1387 Uowingen,
1233 1314 1477 1370 Suldorf
1498 1312 1671 1382 (757),

21 1402 536 1459 Anslechiswilare
612 1404 784 1475 (758),
862 1403 1345 1476 Rinisgemunde,
1405 1406 1462 1457 et
1516 1400 1672 1473 apud

20 1493 214 1565 Hogste
245 1492 399 1565 (759)
464 1496 528 1547 et
586 1492 803 1563 Brugg,
866 1492 1025 1547 Rede
1083 1491 1254 1562 (760),
1311 1491 1465 1547 ιη
1529 1490 1675 1544 Stet-

20 1580 93 1635 tin
122 1581 289 1651 (761),
324 1579 649 1650 Mﬁlheim,
683 1578 1232 1635 Wanhartiswilare
1282 1580 1453 1651 (765),
1493 1577 1669 1645 Slate,

23 1670 172 1749 (763),
203 1668 478 1725 Rinbard
513 1668 687 1739 (764),
721 1668 953 1740 partem
978 1671 1250 1740 quartam
1283 1666 1673 1740 possessionis

24 1758 155 1828 apud
176 1757 514 1831 Epﬁndorf,
542 1761 599 1813 et
620 1758 920 1830 Togingen
944 1757 1015 1812 de
1037 1756 1468 1812 Constanticnsi
1497 1753 1673 1811 eccle-

1783 603 2093 677 episc0pus
2124 606 2311 662 factus
2340 608 2447 675 est,
2481 606 2904 663 monasterium
2928 605 3210 675 fundavit,
3233 608 3427 679 etjam

1783 692 1939 748 dicta
1969 694 2183 764 praedia
2208 712 2274 751 ea
2299 697 2426 767 ipsa
2457 713 2575 768 qua
2622 696 2881 755 diximus
2925 694 3258 751 conditione
3290 695 3429 752 illuc

1784 782 2090 849 concessit,
2116 789 2172 838 et
2192 802 2357 839 versa
2377 785 2499 840 vice
2519 784 2741 840 eisdem
2772 784 3057 841 fratribus
3101 784 3427 852 constituit,

1784 873 1850 925 ut
1898 875 1984 925 ter
2029 870 2088 926 in
2136 889 2288 927 anno
2339 872 2586 927 solemni
2635 873 3005 945 processione
3034 873 3431 929 communiter

1782 957 2041 1029 idipsum
2074 962 2493 1016 monasterium
2534 961 2767 1027 adeant,
2819 964 2875 1015 et
2921 959 3173 1032 singulis
3202 962 3430 1019 vicibus

1782 1063 1885 1118 pro
1907 1049 2035 1118 ejus
2057 1049 2253 1105 anima
2267 1049 2509 1105 missam
2527 1053 2782 1117 cantent,
2799 1048 3251 1121 etsuperhaecin
3270 1050 3428 1106 festi-

1780 1135 1955 1193 vitate
1983 1141 2038 1191 Β.
2070 1138 2330 1210 Gregorii
2361 1137 2654 1209 publicam
2689 1138 2933 1192 missam
2984 1138 3055 1193 de
3104 1154 3170 1193 eo
3225 1138 3429 1196 festive

1782 1240 1915 1279 cum
1941 1225 2218 1281 fratribus
2236 1228 2565 1294 decantent,
2579 1232 2635 1281 et
2657 1225 2927 1280 monachi
2941 1226 3185 1281 chorum
3199 1231 3424 1299 regant,

1781 1316 1839 1367 et
1863 1313 1933 1367 ad
1958 1314 2137 1372 altare
2153 1316 2514 1381 ministrent,
2552 1319 2610 1370 et
2626 1314 2854 1370 clericis
2876 1330 2944 1369 ea
2964 1314 3079 1385 die,
3110 1314 3263 1370 sicut
3285 1314 3427 1370 dixi-

1784 1417 1937 1466 mus,
1966 1402 2035 1457 de
2066 1403 2421 1474 supradictis
2452 1403 2685 1476 praadiis
2701 1398 2816 1458 duo
2837 1402 3058 1458 talenta
3087 1406 3142 1459 et
3172 1408 3425 1475 quatuor

1783 1488 1953 1545 solidi
1986 1492 2056 1546 ad
2090 1492 2390 1547 servitium
2422 1493 2652 1548 dentur.

2466 1582 2494 1655 ἕ
2527 1580 2739 1636 xxxv.

1852 1666 2059 1723 Modus
2089 1672 2285 1725 autem
2309 1668 2618 1726 ministerii
2646 1669 2908 1740 ejusdem
2934 1669 3042 1725 iste
3076 1673 3167 1726 est
3200 1686 3213 1725 :
3237 1669 3427 1744 primo

1780 1758 1897 1810 tres
1920 1757 2098 1811 modii
2122 1757 2399 1814 frumenti
2434 1758 2504 1813 ad
2538 1775 2719 1829 panes
2746 1758 3079 1826 faciendos;
3118 1757 3328 1815 deinde
3357 1760 3429 1815 de

27 1846 101 1901 sia
116 1845 452 1919 acquisivit,
477 1845 642 1901 datis
664 1844 804 1900 illuc
843 1844 1101 1901 vicissim
1147 1845 1217 1899 de
1257 1844 1383 1899 suis
1415 1843 1669 1916 praediis,
1702 1880 1751 1945 B
1781 1844 2121 1900 occidentali
2146 1862 2348 1902 mensa
2367 1845 2427 1900 in
2448 1845 2748 1902 retectorio
2768 1846 2840 1900 de
2862 1846 3146 1917 piscibus,
3170 1849 3228 1901 et
3252 1846 3426 1902 dimi-

25 1933 117 1990 hoc
159 1940 262 2002 est,
296 1934 662 2005 Luitwanga
699 1936 755 1987 et
805 1931 1285 2005 Ratpirgabusin,
1317 1932 1673 1987 Eicbstetten
1702 1930 1750 1945 ”
1783 1931 1918 1987 dius
1948 1932 2179 1988 modius
2210 1934 2355 1989 milii
2395 1930 2510 2007 pilo
2547 1935 2729 2001 tunsi,
2762 1940 2819 1991 et
2848 1938 3161 1990 tresyurnae
3192 1935 3263 1990 de
3291 1935 3425 1991 vino

30 2023 526 2096 (765),Epﬂndorf,
544 2021 839 2087 Nuiheim,
853 2020 1268 2094 Tegerwilare,
1287 2019 1670 2088 Gottiliubon,

30 2112 334 2169 Tuscinanc
366 2112 553 2184 (766),
586 2113 644 2165 et
664 2110 1082 2182 Oberwangin,
1117 2126 1367 2181 quorum
1393 2126 1577 2165 unum
1601 2111 1672 2164 de

34 2199 302 2274 episcopii,
336 2200 508 2257 aliud
544 2196 620 2255 de
669 2199 1009 2255 monasterii
1059 2198 1235 2254 rebus
1285 2198 1668 2270 comparavit,

36 2288 324 2345 Obirndorf
342 2290 419 2345 de
450 2288 736 2361 episcopo
767 2287 1076 2343 concessit.
1270 2300 1271 2303 ‘

305 2378 338 2452 §
367 2374 600 2434 XXXII.
644 2377 717 2432 De
741 2377 992 2433 libertate
1018 2378 1367 2432 monasterii.

93 2466 317 2523 Nullum
348 2483 497 2523 sane
532 2465 861 2532 servitium,
903 2481 1094 2537 neque
1140 2465 1451 2531 tributum,
1484 2481 1672 2537 neque

36 2555 270 2629 vectigal,
294 2572 492 2628 neque
522 2554 904 2626 legationem,
932 2570 1119 2626 neque
1150 2553 1400 2625 alicujus
1433 2555 1671 2611 omnino

40 2644 316 2701 ministerii
351 2643 726 2700 functionem
757 2647 878 2698 tam
910 2642 1170 2697 Romano
1201 2641 1461 2714 pontiﬁci
1494 2660 1671 2716 quam

39 2730 366 2805 imperatori,
402 2732 509 2790 sed
547 2749 738 2804 neque
766 2731 1038 2803 episcopo
1078 2731 1530 2801 Constantiensi,
1565 2749 1672 2788 nec

44 2821 191 2877 alicui
209 2839 497 2896 personae,
516 2821 928 2892 cujuscunque
952 2820 1255 2891 potestatis
1268 2819 1347 2875 sit
1366 2826 1467 2875 aut
1488 2822 1673 2893 digni-

45 2910 175 2977 tatis,
196 2911 264 2967 de
284 2911 397 2967 hoc
420 2909 790 2967 monasterio
826 2910 888 2964 B.
918 2908 1297 2964 Gebehardus
1338 2908 1671 2981 impendere

46 2999 333 3065 constituit,
357 2999 472 3055 nisi
500 2997 615 3053 soli
630 2998 765 3052 Deo.
782 2997 1092 3069 Propterea
1105 3002 1158 3051 et
1175 2996 1473 3068 ipselocus
1488 3016 1672 3071 usque

44 3086 89 3139 in
112 3104 352 3167 praesens
373 3085 737 3143 inviolabilis
756 3089 1105 3158 perseverat,
1128 3084 1210 3141 ita
1231 3089 1293 3141 ut
1316 3086 1515 3143 nullus
1537 3105 1670 3144 eum

47 3178 301 3232 temerare
326 3178 674 3249 praesumat.

672 3263 994 3337 .§xxan

103 3350 217 3409 Alia
237 3370 446 3427 nempe
467 3352 854 3429 monasteria,
882 3369 1010 3425 quas
1032 3352 1217 3407 libera
1243 3357 1543 3421 vocantur,
1569 3370 1670 3409 an-

47 3442 239 3498 nuatim
251 3444 448 3499 Romae
462 3458 717 3499 aureum
729 3458 1042 3497 nummum
1058 3441 1321 3513 quinque
1346 3441 1669 3498 solidorum

44 3529 263 3597 pretium
308 3531 634 3588 habentem
693 3527 1022 3602 persolvere
1073 3530 1323 3598 debent;
1375 3531 1669 3586 Petrisbu-

45 3618 204 3674 sensis
232 3625 427 3680 autem
458 3619 630 3677 locus
681 3636 873 3691 neque
922 3619 1132 3685 Somae,
1167 3635 1356 3691 neque
1388 3618 1670 3675 Constan-

45 3702 138 3775 tia,
165 3723 345 3782 neque
376 3708 719 3783 Moguntias,
754 3723 940 3779 neque
971 3708 1115 3780 regi,
1148 3722 1334 3779 neque
1379 3709 1533 3774 duci,
1567 3710 1668 3764 sed

47 3808 132 3849 nec
156 3794 254 3854 ulli
283 3797 511 3871 aliquid
548 3796 741 3862 debet,
774 3796 885 3852 nisi
918 3800 1148 3852 tantum
1185 3794 1436 3869 regulari
1467 3812 1670 3853 vacare

49 3880 300 3956 religioni.

107 3972 130 4037 §
154 3972 380 4030 XXXIV.
412 3975 491 4031 De
511 3975 827 4030 ministerio
851 3975 910 4029 in
928 3975 1224 4046 festivitate
1245 3973 1299 4030 S.
1328 3974 1593 4045 Gregorii.

106 4059 240 4117 Sane
256 4063 411 4135 quod
430 4063 606 4118 nobis
624 4062 868 4134 quidam
890 4062 1173 4132 solentim
1178 4067 1413 4134 putare,
1431 4066 1585 4136 quod
1608 4065 1667 4120 in

50 4143 321 4208 festivitate
346 4153 406 4209 S.
448 4151 718 4223 Gregorii
762 4168 927 4224 papas
975 4152 1520 4209 Constantiensibus
1552 4154 1668 4210 fra-

49 4233 209 4293 tribus
227 4238 513 4297 debemus
530 4239 907 4312 przebendam
929 4240 1087 4309 dare,
1113 4239 1380 4296 noverint
1401 4241 1510 4297 hoc
1534 4246 1667 4299 ante

51 4323 399 4384 constitutum
411 4343 598 4400 quam
610 4326 720 4383 hoc
733 4328 1159 4385 monasterium
1175 4332 1331 4383 esset
1340 4329 1665 4400 incoeptum

50 4404 335 4484 Siquidem,
360 4416 513 4473 sicut
537 4415 813 4490 superius
843 4415 1151 4472 retulimus
1181 4417 1353 4490 (767),
1385 4418 1446 4473 Β.
1481 4418 1664 4474 Gebe-

1780 2025 1838 2077 et
1858 2022 2121 2094 quinque
2153 2022 2321 2079 solidi
2343 2040 2742 2079 nummorum.
2776 2023 2894 2078 Hoc
2918 2027 3006 2078 est
3027 2022 3424 2079 ministerium

1783 2126 1897 2181 quo
1930 2111 2247 2167 debebatur
2275 2111 2528 2185 singulis
2569 2111 2731 2168 ansis
2783 2112 2854 2167 de
2903 2110 3276 2184 supradictis.
3311 2110 3423 2187 Sed

1781 2199 2081 2255 Conradus
2110 2199 2291 2255 abbas
2323 2200 2545 2273 redegit
2573 2199 2729 2255 istud
2763 2200 2836 2255 ad
2875 2200 3005 2268 hoc,
3054 2204 3119 2255 ut
3148 2200 3427 2257 darentur

1782 2287 1867 2343 eis
1897 2287 2012 2353 duo
2040 2288 2260 2345 talenta
2283 2292 2340 2343 et
2367 2289 2627 2361 quinque
2657 2287 2851 2343 solidi.

2206 2381 2233 2446 §
2265 2375 2505 2434 XXXVI.
2542 2383 2626 2432 De
2653 2376 2998 2433 Eichstettin.
3237 2449 3242 2455 ἢ

1853 2466 1989 2521 Erat
2007 2465 2247 2537 quidam
2269 2482 2485 2532 comes,
2512 2467 2748 2522 nomine
2763 2464 3120 2522 Adilhardus
3146 2467 3319 2540 (768),
3340 2468 3432 2524 vir

1781 2554 1915 2626 pius
1937 2560 1993 2609 et
2015 2555 2319 2628 religiosus
2340 2572 2404 2610 ac
2428 2555 2641 2611 timens
2670 2555 2876 2622 Deum,
2907 2554 3062 2610 beati
3100 2546 3221 2611 viri
3240 2555 3431 2613 Gebe-

1780 2642 1947 2699 hardi
1978 2644 2147 2715 juxta
2189 2644 2384 2700 carnis
2433 2642 3006 2714 consanguinitatem
3037 2645 3426 2717 prepinquus,

1782 2748 2153 2803 nequaquam
2175 2735 2371 2787 tamen
2392 2732 2738 2804 Suevigena,
2763 2733 2864 2787 sed
2898 2730 3172 2788 habitans
3191 2732 3251 2788 in
3274 2738 3430 2791 terra

1778 2819 2119 2891 longinqua,
2140 2821 2232 2875 cui
2248 2824 2381 2891 jure
2403 2821 2461 2875 in
2485 2820 2883 2877 hmreditatem
2900 2824 3195 2877 cesserant
3212 2837 3428 2895 magna

1783 2914 1839 2964 et
1861 2908 2049 2964 multa
2073 2909 2290 2982 praedia
2311 2909 2366 2963 in
2392 2926 2540 2982 pago
2557 2909 2801 2983 Ilrigove
2819 2911 2911 2977 (76
2948 2912 2988 2979 ),
3005 2908 3113 2964 hoc
3136 2921 3243 2978 est,
3268 2912 3423 2983 apud

1782 2998 2064 3053 Eichstatt
2110 3002 2167 3053 et
2213 2998 2604 3065 Breitinbacb,
2658 2998 2862 3054 Riedin
2914 3004 2972 3055 et
3017 2998 3204 3054 Husin
3253 3004 3427 3073 atque

1780 3087 2111 3143 Steinbach.
2130 3089 2182 3143 Is
2208 3104 2343 3160 ergo
2357 3088 2847 3160 quandocunque,
2869 3088 2940 3142 de
2961 3092 3117 3144 terra
3134 3105 3242 3144 sua
3264 3089 3430 3145 adve-

1783 3178 1971 3245 niens,
2002 3177 2128 3247 jam
2169 3176 2324 3231 dicta
2360 3193 2468 3232 sua
2503 3176 2720 3248 praedia
2753 3175 3016 3244 adiisset,
3045 3177 3201 3249 quod
3231 3182 3426 3234 tamen

1700 3240 1744 3309 ο
1783 3240 2081 3321 rarissime
2113 3265 2379 3331 faciebat,
2416 3240 2774 3321 festinabant
2820 3240 3025 3321 omnes
3060 3240 3425 3322 habitatores

1779 3357 1845 3409 ut
1864 3370 1998 3409 eum
2012 3369 2147 3409 cum
2166 3351 2536 3409 munusculis
2558 3353 2684 3408 suis
2705 3352 3030 3420 visitarent,
3048 3352 3201 3408 sicut
3219 3370 3423 3410 omnes

1780 3441 1928 3496 servi
1950 3441 2207 3496 dominis
2248 3440 2373 3495 suis
2415 3439 2605 3495 facere
2644 3437 2853 3495 solent.
2876 3437 3088 3506 Atille,
3112 3455 3247 3496 cum
3268 3446 3426 3496 esset

1777 3530 2065 3602 benignus
2084 3532 2139 3584 et
2154 3526 2909 3600 misericors,interrogabat
2922 3527 3061 3600 quid
3079 3528 3192 3584 sibi
3210 3528 3426 3586 vellent

1776 3617 1890 3674 ista
1910 3618 2185 3673 facientes
2206 3616 2234 3672 ?
2255 3618 2518 3689 Cumque
2549 3615 2971 3689 responderent
3001 3616 3110 3674 hos
3133 3633 3263 3674 esse
3284 3634 3424 3676 suos

1778 3706 2067 3774 homines,
2092 3710 2149 3762 et
2177 3708 2313 3762 cum
2344 3706 2543 3762 debita
2571 3704 2974 3762 benedictione
3019 3705 3325 3764 advenisse
3360 3712 3427 3764 ut

1777 3810 1912 3851 eum
1928 3794 2250 3863 visitarent,
2272 3793 2369 3852 ille
2380 3795 2510 3867 subj
2522 3793 2685 3851 unxit
2705 3813 2721 3849 :
2751 3814 2779 3847 α
2800 3794 3013 3863 Facite,
3036 3795 3249 3869 inquit,
3267 3796 3423 3854 819

1777 3900 2082 3957 unumque
2124 3899 2328 3940 eorum
2376 3900 2486 3940 sua
2535 3882 2891 3940 munuscula
2933 3884 3173 3939 interim
3264 3886 3420 3957 apud

1776 3989 1840 4029 se
1861 3989 2221 4039 conservare,
2245 3988 2433 4045 usque
2462 3973 2604 4028 dum
2634 3976 2765 4044 post
2794 3971 3107 4044 prandium
3138 3971 3265 4044 ipse
3297 3972 3420 4029 hac

1778 4079 1879 4135 per
1902 4066 2118 4118 memet
2148 4062 2372 4118 valeam
2404 4061 2757 4133 conspicere.
2782 4081 2811 4111 η
2849 4060 3090 4129 Deinde,
3145 4060 3421 4119 omnibus

1776 4150 1943 4224 plene
1964 4156 2020 4206 et
2058 4149 2567 4206 abundantissime
2599 4148 2851 4218 satiatis,
2879 4148 3132 4204 addebat
3150 4147 3269 4206 illis
3291 4166 3420 4206 mu-

1775 4238 2023 4296 nuscula
2039 4240 2110 4295 de
2130 4239 2274 4308 suis,
2299 4238 2445 4294 nihil
2485 4238 2778 4311 accipiens
2805 4237 2878 4293 ab
2910 4237 3075 4312 ipsis,
3109 4242 3167 4296 et
3195 4239 3422 4296 dimisit

1775 4344 1873 4385 eos
1894 4328 2075 4393 abire,
2098 4328 2180 4383 ita
2205 4332 2272 4383 ut
2308 4328 2629 4400 gauderent
2669 4343 2732 4383 se
2758 4323 2900 4382 illuc
2929 4327 3286 4399 pervenisee.
3317 4328 3422 4384 Hic

1773 4434 1910 4490 ergo
1931 4416 2089 4472 dedit
2107 4416 2462 4489 Brigantinis
2495 4416 2763 4488 cognatis
2788 4416 2914 4473 suis
2951 4415 3236 4488 praedium
3263 4416 3418 4488 apud

49 4492 254 4569 bardus,
282 4506 600 4578 antequa'n
652 4505 817 4561 ﬁeret
855 4504 1185 4578 episcOpus,
1235 4507 1665 4563 Constantiensi
1772 4505 2107 4572 Steinbach,
2130 4505 2283 4576 quod
2308 4508 2510 4577 postea
2530 4521 2634 4577 per
2651 4492 3198 4577 sponsalia‘devenit
3227 4503 3285 4560 in
3315 4520 3419 4577 po-

48 4584 262 4645 ecclesiie
273 4608 446 4650 suum
460 4592 770 4666 proprium
787 4591 967 4661 dedit,
982 4594 1138 4665 quod
1152 4595 1308 4667 apud
1324 4594 1656 4667 Obirndorf,
1688 4601 1736 4666 Β
1766 4600 2037 4653 testatem
2065 4592 2689 4666 Chilichbergensium.
3103 4607 3107 4610 '

48 4668 787 4771 ?i1°1finsie,ﬂaeilimbach
822 4682 1660 4756 etLuitheresdorfqtbuit.et
1764 4700 2085 4771 §xxxvn.
2119 4699 2454 4757 Adilhardus
2500 4699 2639 4755 dono
2691 4699 2837 4755 dedit
2880 4698 3199 4771 ,Gebehardo
3241 4700 3420 4755 Eiste-

48 4755 147 4827 ipse
164 4763 273 4822 haec
298 4769 357 4824 in
376 4769 735 4827 beneficium
770 4772 1003 4842 recepit,
1038 4787 1108 4826 ea
1144 4770 1298 4828 818
1323 4755 1658 4828 conditione

50 4850 212 4932 titiam
225 4854 344 4929 ipse
358 4874 539 4931 quam
577 4857 916 4932 quicunque
949 4859 1060 4915 hoc
1073 4864 1206 4932 post
1227 4876 1289 4918 se
1305 4860 1655 4917 beneﬁcium

2206 4773 2307 4838 εἰη,
2351 4772 2724 4843 Breitinbacg,
2757 4770 2971 4827 Riedin.

1838 4864 1966 4935 Ipse
1995 4858 2352 4917 Adilhardus
2411 4860 2543 4932 pius
2602 4875 2796 4916 comes
2854 4858 3015 4915 dedit
3073 4859 3271 4931 nepoti
3313 4874 3419 4915 suo

52 4930 269 5014 haberet,
304 4930 424 5017 jam
446 4930 617 5005 dictas
651 4930 907 5004 ecclesiae
930 4930 1213 5006 fratribus
1242 4949 1317 5005 in
1334 4949 1652 5006 festivitate
1764 4951 1826 5006 B.
1861 4930 2202 5008 Gebehardo
2232 4930 2507 5022 episcopo
2538 4947 2826 5021 quidquid
2874 4947 3084 5004 habuit
3112 4930 3419 5022 proprium

259 5104 569 5178 §auldorﬁ‘,
610 5107 672 5162 in
703 5106 876 5178 capit.
910 5107 1261 5175 Mosskirch.

111 5168 232 5305 E7538)
257 5168 692 5245 ForteAndwil,
715 5168 1068 5235 in'distrietu
1106 5179 1163 5235 S.
1198 5168 1369 5236 Galli.

128 5240 235 5305 709)
262 5246 496 5305 Hocbst.
525 5248 770 5305 ibidem.
802 5251 887 5305 uti
917 5255 973 5305 et
1003 5252 1294 5305 Bruggen.

262 5246 496 5323 ilocbst,
525 5240 782 5323 ibidem,
802 5251 887 5323 uti
917 5255 973 5307 et
1003 5252 1294 5323 Bruggen.

112 5310 238 5456 tt)
262 5310 939 5449 itittitttiittti’ft

60 5379 236 5501 “$21)
262 5379 538 5448 Mulhéim
549 5379 696 5446 cum
710 5390 874 5448 ﬁliali
894 5393 1138 5459 Stetten,
1150 5393 1210 5449 in
1224 5393 1399 5465 capit.
1414 5394 1652 5450 Wurm-

159 5468 238 5510 en.
1086 5502 1093 5508 .

265 5529 425 5605 forte
462 5531 1054 5605 walpertschweiler,
1082 5533 1147 5605 (in
1176 5534 1523 5593 Mosskirch.

110 5592 235 5729 #763;
264 5600 420 5660 Forte
456 5592 710 5667 Schlatt,
744 5603 804 5659 in
841 5606 923 5659 En
968 5592 1115 5660 ensi.

131 5663 214 5722 764
261 5670 788 5729 Renartschweiler
823 5674 883 5729 in
913 5622 1115 5729 Sgulgav

131 5663 235 5740 764)
261 5663 788 5743 Renartschweiler
823 5674 883 5731 in
913 5663 1299 5749 gulgaviensi.
1334 5678 1465 5735 Vid.
1499 5678 1528 5752 §
1561 5678 1645 5734 14.

1856 5111 1983 5180 765)
2015 5108 2403 5177 Aichstetten,
2435 5108 2495 5164 in
2527 5109 2801 5165 stensi.
2833 5109 2964 5165 Vid.
2999 5113 3027 5179 §
3056 5111 3146 5165 36.
3321 5153 3327 5159 .

1856 5112 1983 5180 765)
2015 5112 2403 5177 Aichstetten,
2435 5112 2495 5164 in
2527 5112 2801 5165 stensi.
2833 5112 2964 5165 Vid.
2999 5113 3027 5179 §
3056 5112 3146 5165 36.
3321 5153 3327 5159 .

1833 5112 1983 5254 2766)
2015 5182 2317 5254 Tusnang,
2352 5181 2410 5235 in
2441 5181 2883 5249 Stekbornensi,
2916 5181 3003 5253 uti
3030 5186 3090 5237 et
3117 5181 3408 5254 Wengen.

1762 5254 1894 5309 Vid.
1927 5253 2030 5318 lib,
2064 5268 2103 5307 ιι
2135 5254 2165 5323 §
2193 5253 2248 5307 3.

1856 5325 1982 5396 767)
2012 5329 2199 5395 Supra
2228 5324 2327 5391 ξς).

1856 5327 1982 5396 767)
2012 5329 2199 5395 Supra
2228 5327 2327 5391 ἐς).

1835 5327 1985 5475 (768)
2004 5396 2287 5475 Hargove,
2312 5408 2497 5475 pagus
2512 5394 2769 5475 ducatus
2786 5390 3240 5475 A‘lemangiagab
3262 5385 3414 5475 [lita-

1762 5456 2022 5547 ra‘npv'io
2040 5456 2252 5547 dicvtgs,
2273 5456 2334 5521 ia
2357 5456 2630 5547 disteth
2652 5456 2885 5547 Buralis
2919 5461 3161 5547 capituli
3176 5459 3409 5547 Xerse-

1760 5538 1958 5620 sis,_in
1991 5526 2593 5620 quesitgsunt'villfe
2616 5537 2720 5620 hic
2732 5526 3064 5620 memoratae
3095 5526 3400 5588 Aichstett,

1760 5602 2166 5675 Braitenbach,
2202 5608 2364 5675 Ried,
2399 5608 2653 5676 Hausen,
2685 5602 3019 5662 Steinbach.
