3894 6356
102 441 199 503 321

96 666 358 737 possunt,
387 662 578 720 eidem
619 664 745 736 jam
804 666 958 722 dicto
1017 670 1369 726 monasterio
1402 672 1461 728 in
1512 672 1728 729 honore

92 752 147 809 S.
171 751 428 824 Gregorii
461 758 815 825 constructo,
850 772 954 810 nec
982 773 1096 811 non
1144 762 1201 812 et
1259 760 1559 816 monachis
1614 763 1726 819 sub

93 856 289 899 norma
312 841 375 899 S.
407 840 707 898 Benedicti
738 844 853 899 Deo
888 844 965 899 ibi
997 845 1411 916 militantibus,
1439 854 1614 921 atque
1661 867 1729 906 ex

92 930 306 1003 integro
328 928 399 984 de
414 932 831 1002 nostrojurein
864 949 1064 987 eorum
1098 935 1569 994 transfundimus
1601 939 1724 1009 jus.

92 1019 328 1091 Insuper
355 1017 529 1073 etiam
551 1020 749 1074 omnia
767 1026 968 1075 nostra
998 1024 1157 1093 regia
1212 1025 1556 1080 auctoritate
1586 1043 1726 1081 con-

90 1108 413 1175 ﬁrmamus,
444 1126 572 1180 qua:
595 1109 721 1178 jam
741 1126 775 1163 a
805 1115 1003 1166 nostro
1055 1111 1266 1167 dilecto
1292 1113 1560 1185 episcopo
1620 1116 1727 1171 Ge-

95 1195 361 1262 behardo,
383 1196 470 1251 vel
501 1196 573 1251 ab
608 1197 721 1252 alia
751 1198 1009 1269 qualibet
1045 1217 1313 1271 persona.
1346 1218 1560 1274 magna
1607 1204 1728 1259 sive

92 1300 279 1357 par-va,
312 1284 385 1339 ad
416 1285 676 1357 idipsum
712 1288 1133 1343 monasterium
1184 1290 1398 1345 tradita
1447 1297 1586 1346 sunt
1639 1293 1727 1348 vel

90 1372 363 1429 tradenda
391 1379 585 1441 erunt,
626 1374 706 1429 ita
738 1381 801 1429 ut
829 1376 996 1432 firma
1025 1382 1083 1432 et
1112 1377 1455 1434 inconvulsa
1485 1398 1550 1435 ac
1598 1399 1726 1453 per-

88 1460 393 1535 petualiter
421 1462 492 1519 ab
524 1464 683 1518 omni
714 1463 1085 1521 inicstatione
1118 1467 1452 1540 incorrupta
1498 1487 1728 1542 perma-

87 1556 274 1618 neant,
310 1567 419 1606 nec
447 1552 887 1625 importunitate
922 1555 1375 1627 malignantium
1399 1576 1561 1614 sacro
1603 1559 1728 1616 loco

83 1639 275 1713 aliqua
296 1639 581 1698 inferatur
610 1642 896 1698 molestia.
933 1645 1019 1712 Et,
1054 1649 1117 1698 ut
1177 1645 1284 1699 hac
1316 1652 1523 1703 nostra:
1576 1650 1729 1707 322

84 1728 251 1801 regis:
272 1728 606 1787 donationis
648 1732 882 1787 traditio
930 1733 1000 1786 ab
1058 1733 1165 1788 hac
1222 1734 1365 1789 hora
1438 1742 1505 1791 ut
1560 1744 1732 1793 antea

81 1818 246 1873 firma
273 1818 580 1884 consistat,
613 1819 720 1874 hoc
752 1826 960 1876 nostras
995 1822 1325 1877 donationis
1379 1830 1729 1897 prmceptum

82 1906 214 1963 inde
244 1907 642 1980 conscriptum
677 1908 853 1981 sigilli
874 1912 1055 1965 nostri
1086 1911 1470 1983 impressione
1501 1915 1731 1987 signare
1761 1951 1807 2014 Β

76 1995 691 2069 jussimus,manuque
722 2000 974 2071 propria,
1012 2004 1073 2054 ut
1103 2000 1249 2055 infra
1282 2001 1726 2074 videtur,corro-

84 2084 442 2141 boravimus.

148 2196 175 2223 ‹‹
207 2174 446 2246 Signum
474 2175 685 2231 domini
713 2177 924 2232 Ottonis
947 2178 1335 2247 gloriosissimi
1364 2184 1523 2251 regis.
1558 2182 1726 2237 Hilti-

84 2263 291 2320 boldus
323 2264 635 2336 episcopus
664 2272 721 2321 et
740 2267 1125 2322 cancellarius
1154 2270 1276 2323 vice
1317 2270 1593 2343 Willigisi
1632 2289 1726 2325 ar«

76 2352 437 2425 cbiepiscopi
470 2354 792 2425 recognovi.

145 2464 174 2491 ‹‹
206 2441 358 2498 Data
380 2459 421 2497 ιι
443 2443 908 2508 Non.Novemb.,
942 2463 1093 2500 anno
1116 2447 1423 2502 Dominicze
1460 2450 1728 2505 Incarna-

69 2529 245 2587 tionis
265 2532 1090 2604 Dccccxc1v(782),indictione
1109 2553 1371 2601 VII,anno
1397 2543 1591 2593 autem
1619 2544 1731 2593 ter-

70 2619 387 2676 tiiOttonis
411 2621 711 2693 regnantis
734 2624 1027 2677 XLActum
1051 2623 1398 2695 Ingilnheim
1426 2625 1681 2683 feliciter.
1706 2649 1731 2675 ››

432 2761 624 2834 §XLI.
658 2763 732 2818 De
763 2767 1101 2820 ornamentis
1122 2767 1383 2823 ecclesia).

139 2883 335 2943 Multa
348 2901 494 2941 sane
514 2885 577 2940 Β.
601 2885 979 2941 Gebehardus
999 2888 1142 2943 satis
1175 2888 1451 2960 przeclara
1471 2895 1529 2945 et
1559 2890 1736 2946 hono-

73 2976 239 3031 rifica
264 2974 519 3031 mobilia
545 2980 889 3030 ornamenta
918 2975 1129 3031 dilecto
1154 2977 1263 3031 sibi
1312 2977 1435 3033 loco
1484 2980 1737 3051 acquisi-

84 3063 163 3119 vit
176 3079 312 3137 quae
328 3079 626 3136 magnaex
638 3067 798 3137 parte
816 3066 1203 3135 quorumdam
1221 3065 1525 3122 hominum
1542 3070 1743 3140 nequi-

78 3153 161 3208 tia
190 3152 534 3225 dissipavit.
547 3194 585 3207 ..

797 3251 827 3323 ξ
857 3250 1022 3307 XLII.

963 448 1411 509 CHRONICON
1459 451 2177 517 PETERSHUSANUM.
2212 488 2289 501 —
2322 459 2472 518 LIB.
2518 458 2595 519 II.

101 590 202 647 que
231 572 338 629 alis
369 574 724 632 utensilibus
755 594 881 648 qua:
916 578 1105 634 adhuc
1130 579 1242 634 dici
1276 586 1377 637 aut
1434 583 1720 639 nominari
1750 584 1808 651 Α

3361 462 3476 522 322

1905 676 2070 730 Anno
2087 677 2398 734 Dominicaz
2414 679 2840 735 Incarnationis
2860 686 3331 751 necccxcm,post
3351 698 3486 737 con-

1835 765 2216 821 secrationem
2237 769 2575 823 monasterii
2597 786 2748 824 anno
2767 770 3334 842 II,Periggerus(983)
3361 770 3486 843 pri-

1836 869 1969 907 mus
2006 854 2192 910 abbas
2224 857 2578 912 constitutus
2599 862 2706 929 est.

1879 944 1906 1009 §
1937 942 2100 996 XLV.
2128 945 2241 1011 Quo
2288 952 2524 1015 tempore
2563 947 2626 1000 B.
2663 947 3006 1003 Ocho/tardus
3039 949 3209 1002 vitam
3236 947 3440 1017 ﬁnivit.

1907 1030 2125 1085 Dehinc
2153 1050 2304 1089 anno
2337 1040 2567 1105 quarto,
2601 1034 2708 1090 hoc
2734 1042 2840 1103 est,
2863 1035 3177 1091 Dominicae
3210 1037 3486 1093 Incarna-

1834 1117 2012 1173 tionis
2033 1137 2332 1179 DCCCCXCVI
2355 1125 2525 1194 (784),
2560 1123 3485 1196 ordinationisipsiusxv1,beatus

1836 1212 1892 1261 et
1920 1209 2267 1265 venerabilis
2302 1211 2611 1284 episcopus
2669 1213 3045 1269 Gebehardus
3096 1213 3481 1286 temporalem

1836 1297 1993 1352 823
2023 1297 2201 1352 vitam
2239 1299 2444 1365 ﬁnivit,
2476 1306 2532 1355 et
2560 1301 2632 1355 ad
2662 1306 2934 1357 aeternam
2982 1302 3270 1373 transivit,
3328 1319 3484 1359 anno

1838 1402 1917 1439 xu
1944 1385 2171 1456 imperii
2195 1387 2426 1441 Ottonis
2457 1389 2848 1456 tertii,indict,
2882 1407 2957 1456 Ix,
2984 1390 3362 1462 sepultusque
3393 1395 3485 1447 est

1836 1472 1896 1527 in
1922 1473 2166 1529 ecclesia
2190 1492 2368 1546 quam
2396 1477 2521 1548 ipse
2561 1482 2981 1543 construxerat,
3038 1478 3099 1532 in
3158 1480 3482 1536 meridiana

1839 1561 2063 1627 absida,
2098 1563 2339 1619 feliciter
2366 1571 2538 1635 atque
2567 1565 2837 1637 gloriose.
2861 1566 3120 1639 Denique
3149 1567 3485 1640 sepulcrum

1839 1651 1966 1721 ejus
1993 1651 2406 1707 venustissime
2432 1655 2768 1710 decoratum
2803 1654 3095 1725 praeclaris
3125 1657 3488 1712 ornamentis

1840 1740 2270 1811 conspeximus.
2304 1742 2448 1797 Nam
2472 1759 2506 1796 a
2536 1742 2723 1813 capite
2746 1743 2953 1798 habuit
2984 1742 3166 1798 altare
3195 1744 3490 1800 inhonora

1838 1832 1893 1882 s.
1930 1828 2221 1885 Benedicti
2255 1831 2609 1897 dedicatum,
2646 1831 2743 1886 ubi
2793 1831 3055 1903 quotidie
3098 1818 3261 1903 prior
3304 1833 3491 1890 missa

1838 1917 2174 1972 cauebatur.
2214 1919 2409 1973 Eidem
2444 1919 2648 1974 altario
2672 1921 2937 1991 apposita
2991 1925 3117 1975 erat
3164 1920 3369 1977 tabula
3427 1921 3486 1977 in

1835 2004 2091 2060 inferiori
2116 2013 2276 2077 parte
2300 2007 2521 2062 habens
2554 2008 2871 2080 imaginem
2917 2008 3173 2076 Domini,
3208 2010 3279 2064 ad
3316 2010 3488 2080 cujus

1834 2095 2095 2149 dextram
2118 2094 2310 2167 imago
2341 2096 2398 2150 S.
2424 2097 2702 2167 Gregorii,
2734 2097 2793 2150 in
2826 2097 3066 2151 sinistra
3094 2113 3226 2153 vero
3275 2099 3335 2153 S.
3370 2099 3480 2154 Ge-

1835 2182 2096 2250 behardi,
2124 2182 2181 2237 in
2215 2184 2500 2255 superiori
2523 2189 2714 2240 autem
2744 2190 2905 2256 parte
2960 2186 3223 2256 ejusdem
3274 2186 3486 2243 tabula

1836 2276 2004 2324 erant
2032 2269 2262 2325 laminae
2296 2273 2366 2326 de
2397 2289 2576 2343 cupro
2608 2273 2769 2327 facta;
2800 2274 3003 2339 atﬁxaa,
3039 2273 3096 2328 in
3132 2274 3350 2345 quibus
3376 2275 3486 2331 hoc

1837 2358 2197 2429 epitaphium
2250 2361 2441 2415 aureis
2472 2359 2678 2414 litteris
2701 2365 2789 2415 est
2818 2361 3211 2433 conscriptum
3238 2381 3251 2418 :

1994 2447 2180 2512 Debita
2208 2461 2333 2509 pars
2362 2452 2539 2503 terrea,
2570 2448 2812 2497 fallentia
2838 2452 3080 2511 tempora
3109 2464 3320 2512 sperne,

1993 2508 2056 2555 Et
2085 2508 2378 2557 memorare
2408 2515 2530 2559 ture.
2566 2524 2727 2572 quam
2758 2508 2984 2559 testatur
3013 2508 3154 2560 cinis—
3188 2515 3305 2563 iste.

1995 2572 2376 2640 gentishonor
2402 2577 2600 2640 nostra:
2617 2572 2759 2635 jacet
2785 2574 2885 2640 hic,
2912 2576 3085 2640 gentis
3105 2574 3271 2640 dolor,
3303 2579 3464 2640 atque

1996 2634 2215 2698 Praefuit
2242 2634 2328 2698 hic
2359 2635 2504 2698 urbi.
2528 2639 2718 2683 cuncto
2750 2636 2842 2698 sed
2876 2634 3076 2698 profuit
3104 2639 3237 2695 orbi,

2001 2696 2251 2759 IIancque
2284 2697 2389 2744 Deo
2417 2696 2598 2745 sedem
2631 2697 2809 2758 templi
2834 2696 3079 2746 fundavit
3109 2703 3160 2747 et
3188 2700 3377 2758 eadem,

1997 2758 2142 2806 Harti
2170 2758 2398 2807 terrente
2428 2761 2565 2807 Deus
2596 2760 2849 2820 ignocens
2878 2761 3149 2817 miserere,

2001 2820 2180 2869 Redde
2211 2821 2375 2868 vicem
2402 2820 2579 2881 justas,
2611 2822 2737 2883 quia
2765 2825 2818 2870 te
2847 2822 3102 2872 dilexerat
3131 2825 3226 2874 iste
3259 2825 3416 2887 (785).

2233 2903 2260 2965 ἐξ
2289 2899 2476 2954 XLVI.
2504 2901 2576 2955 De
2606 2908 2802 2955 ornatu
2831 2904 3085 2973 sepulcri.

1920 2989 1979 3044 In
2008 2988 2259 3043 circuitu
2291 2987 2542 3059 sepulcri
2580 2989 2637 3043 in
2664 3006 2829 3045 muro
2889 2990 3149 3063 quinque
3204 2991 3490 3048 columna:

1845 3082 2011 3134 erant
2039 3077 2110 3132 de
2127 3094 2308 3148 gypso
2327 3076 2765 3148 factae,quarum
2796 3079 3069 3150 capitella
3097 3086 3154 3136 et
3183 3098 3356 3137 arcus
3377 3081 3486 3137 ele-

1845 3166 2009 3239 ganti
2034 3166 2338 3238 sculptura
2365 3166 2572 3232 ornati,
2596 3167 2697 3221 sed
2729 3172 2785 3222 et
2807 3168 3059 3240 desuper
3086 3174 3255 3225 erant
3272 3170 3412 3226 vites
3436 3174 3494 3226 et

1849 3254 2109 3310 volatilia
2126 3260 2183 3310 et
2204 3255 2606 3326 quadrupedia
2635 3256 2905 3311 decenter
2930 3257 3197 3325 formata,
3222 3259 3297 3315 ad
3320 3262 3496 3330 caput

139 3357 376 3414 Verum
413 3357 658 3412 antistes
689 3357 1068 3413 Gebehardus
1099 3360 1247 3416 duas
1270 3376 1515 3415 coronas
1537 3378 1738 3433 argen-
1771 3315 1813 3382 C
1852 3361 1894 3398 3‘

1921 3348 2045 3398 .tem
2079 3344 2207 3412 ejus
2222 3315 2455 3413 ‘imago.
2473 3343 2763 3409 Crucitixi,
2790 3348 2847 3398 et
2868 3361 2900 3398 a
2933 3345 3130 3400 dextro
3178 3315 3360 3401 latere
3389 3315 3495 3417 lja-

67 3449 193 3504 tcas
226 3447 480 3512 fecerat,
514 3462 762 3517 quarum
796 3449 1045 3501 unamin
1079 3447 1274 3516 choro,
1309 3449 1550 3504 alteram
1604 3467 1736 3506 sus-

65 3536 244 3607 pendi
278 3536 511 3591 fecerat
529 3540 663 3590 ante
691 3552 923 3590 crucem
954 3536 1013 3589 in
1045 3537 1404 3593 vestibulo...

787 3664 813 3727 ξ
845 3660 1033 3714 XLIII.

130 3784 486 3858 Laquearia
514 3782 804 3854 siquidem
836 3783 1090 3838 basilicae
1124 3783 1381 3856 undique
1413 3801 1514 3856 per
1565 3785 1737 3840 inter-

54 3873 213 3932 valta
246 3873 450 3930 bullis
471 3872 764 3927 deauratis
788 3872 1033 3939 ornavit,
1068 3889 1243 3944 super
1263 3873 1504 3928 chorum
1525 3891 1656 3930 vero
1673 3874 1733 3929 in

56 3959 606 4033 tabulasingulari
638 3960 953 4031 imaginem
999 3961 1055 4015 S.
1108 3961 1208 4015 Dei
1249 3962 1490 4033 genitris
1546 3965 1733 4019 Marizn

1843 3432 2028 3487 centis
2059 3432 2252 3501 imago
2286 3430 2469 3501 ipsius
2502 3432 2556 3484 in
2594 3431 2782 3485 medio
2814 3436 3091 3503 tanquam
3120 3433 3193 3487 ad
3224 3433 3484 3488 ofﬁcium

1842 3520 2042 3576 altaris
2058 3518 2242 3589 parati
2275 3518 2708 3589 pontiﬁcalibus
2740 3520 3221 3588 indumentis,cui
3243 3522 3482 3577 assiste-

1842 3610 2029 3663 banta
2054 3608 2253 3663 dextra
2274 3609 2524 3678 lzevaque
2556 3607 2957 3663 ministrorum
2981 3610 3110 3680 ejus
3141 3610 3487 3681 ﬁgurae,una

1842 3697 2065 3753 habens
2096 3696 2333 3761 librum,
2367 3696 2545 3751 altera
2575 3713 2707 3752 vero
2732 3696 2999 3765 linteum,
3032 3702 3090 3754 et
3135 3698 3246 3754 hoc
3296 3703 3485 3755 totum

1843 3787 2061 3858 optime
2082 3786 2151 3840 de
2173 3803 2355 3857 gypso
2371 3785 2910 3858 formatumesum
2935 3792 3132 3843 autem
3151 3787 3486 3859 sepulcrum

1842 3880 1966 3931 erat
1990 3877 2154 3945 juxta
2176 3879 2386 3946 crypta:
2417 3873 2717 3929 introitum
2742 3892 2809 3930 ex
2838 3875 3056 3932 tabulis
3087 3875 3394 3947 quadrinis
3452 3894 3488 3932 a

1840 3968 1997 4020 terra
2028 3962 2414 4029 sublevatum,
2442 3968 2615 4034 atque
2649 3963 2823 4034 tapeti
2849 3963 3070 4035 jugiter
3126 3969 3485 4036 coopertum,

52 4067 200 4107 auro
216 4054 285 4108 et
306 4048 568 4123 optimis
587 4048 879 4104 coloribus
901 4048 1134 4120 depingi
1162 4049 1374 4114 fecit,et
1399 4066 1500 4121 per
1519 4051 1733 4106 circui-

53 4142 181 4201 tum
194 4141 342 4212 ejus
355 4136 656 4210 imagines
670 4154 752 4193 x11
768 4137 1168 4210 apostolorum
1184 4137 1244 4192 in
1263 4140 1503 4194 modum
1521 4140 1732 4208 crucis;

48 4245 178 4303 quis
212 4228 448 4286 omnia
479 4226 746 4297 istisjam
772 4228 1139 4298 temporibus
1182 4226 1506 4299 antiquitas
1548 4229 1735 4301 coegit

48 4317 354 4375 desistere
390 4331 530 4374 esse
560 4315 716 4388 quod
751 4316 1047 4371 fuerant...

1046 4450 1451 4537 INCIPIT
1512 4453 1845 4541 LIBER
1913 4451 2546 4540 SECUNDL’S.

211 4605 399 4662 824
436 4605 469 4671 §
503 4602 544 4657 I.
578 4601 848 4670 Quomodo
881 4602 1179 4656 Tuscimmc
1207 4605 1556 4674 acquisitum.
1760 4606 1807 4670 Ι)
1839 4604 1909 4659 ad
1944 4601 2201 4658 coelestia
2232 4602 2515 4671 transivit,
2549 4601 2600 4657 ei
2653 4602 2997 4674 Lampertus
3052 4599 3376 4657 monachus
3424 4599 3486 4655 in

108 4694 473 4767 Postquam
486 4691 547 4746 Β.
582 4690 839 4763 pontifex
869 4691 1244 4746 Gebehardus
1267 4707 1335 4746 ex
1363 4692 1473 4747 hoc
1514 4693 1734 4748 mundo
1843 4692 2180 4764 episcopatu
2216 4691 2519 4759 successit,
2542 4697 2599 4746 et
2619 4691 2961 4763 Periggerus
2991 4691 3172 4747 abbas
3195 4691 3253 4744 in
3284 4704 3487 4744 mona-

1843 4052 2042 4120 ubi,ad
2066 4051 2584 4107 demonstrandam
2610 4052 2948 4106 meritorum
2971 4054 3100 4123 ejus
3137 4052 3493 4124 magnitudi-

1843 4156 1998 4207 nem,
2034 4140 2340 4196 miserator
2368 4144 2423 4194 et
2452 4139 2779 4195 misericors
2810 4140 3094 4196 Dominus
3139 4141 3490 4214 plerumque

1842 4228 2091 4284 diversis
2119 4227 2473 4300 aegrimoniis
2497 4245 2600 4301 pro
2623 4246 2729 4285 sua
2752 4229 2967 4301 pietate
2997 4230 3270 4286 medetur
3301 4245 3491 4302 usque

1842 4317 1902 4372 in
1935 4323 2281 4389 praesentem
2312 4317 2466 4372 diem
2497 4318 2664 4389 (786).

1838 4813 2121 4887 vertentia
2149 4830 2338 4869 annus
2368 4814 2506 4868 1224
2536 4816 2789 4886 ponitur.
2841 4813 2920 4871 De
2978 4813 3170 4887 prima
3227 4810 3488 4886 corporis

1840 4888 1970 4955 ejus
2003 4885 2732 4957 elevationegagiturinfra,
2767 4888 2803 4940 l.
2834 4889 2936 4954 v,§
2967 4885 2996 4941 ἱ
3032 4903 3197 4957 seqq.
3232 4908 3261 4934 «
3317 4885 3485 4957 Anno

1839 4958 2013 5012 Verbi
2051 4956 2337 5012 incarnati
2372 4955 2529 5020 1—239,
2555 4957 2754 5011 indict.
2787 4975 2888 5024 xu,
2922 4974 2978 5012 v1
3009 4955 3135 5011 Kal.
3162 4955 3358 5028 Sept,
3390 4955 3486 5011 die

1840 5028 2498 5100 Sabbatimanil'estatze
2536 5034 2671 5083 sunt
2732 5029 2988 5100 reliquis:
3052 5027 3380 5100 fundatoris
3432 5031 3492 5083 et

1840 5100 2066 5171 patroni
2101 5100 2283 5171 nostri
2319 5099 2501 5171 sancti
2528 5117 2592 5154 ac
2629 5104 2738 5154 Deo
2771 5099 2964 5155 dilecti
3012 5099 3369 5171 confessoris
3400 5103 3489 5154 at-

1838 5169 1950 5242 que
1981 5170 2275 5242 pontilicis
2295 5170 2644 5234 Gebehardi,
2667 5176 2723 5225 et
2752 5171 3095 5243 repositzcin
3129 5169 3495 5242 sarcophago

1837 5259 2006 5305 novo,
2031 5247 2268 5312 argento
2299 5246 2356 5295 et
2386 5258 2529 5296 auro
2562 5242 2847 5310 contecto,
2882 5260 3015 5299 cum
3073 5242 3379 5297 devotione
3429 5245 3489 5295 et

1837 5311 2155 5391 reverentia
2186 5317 2241 5391 et
2270 5311 2511 5391 canticis
2543 5313 3001 5391 spiritualibus._
3030 5312 3247 5391 multis
3289 5326 3485 5391 coram

1836 5385 2044 5456 positis
2074 5383 2351 5456 praelatis.
2381 5382 2711 5456 monachis,
2740 5384 3035 5440 canonicis
3065 5390 3123 5439 et
3151 5382 3281 5456 aliis
3322 5382 3483 5456 litte-

1837 5449 1976 5536 ratis
2010 5449 2295 5526 personis,
2317 5454 2480 5536 laicis
2504 5449 2771 5536 pluribus
2793 5457 2932 5512 viris
2985 5471 3053 5536 ac
3111 5449 3479 5536 mulieribus.

1832 5518 2131 5581 Colloéataz
2150 5518 2290 5581 sunt
2316 5518 2573 5580 etiamin
2599 5528 2800 5581 eodem
2833 5524 3186 5596 sarcophago
3217 5518 3477 5586 reliquie

1829 5598 1929 5653 SS.
1963 5615 2020 5652 χι
2052 5597 2302 5651 millium
2324 5597 2700 5668 virginum,et
2713 5598 2961 5668 aliorum
2987 5592 3295 5668 multorum
3322 5601 3475 5668 san-

1828 5673 2080 5735 ctorum,
2114 5668 2187 5726 ad
2217 5655 2452 5725 laudem
2476 5655 2540 5725 et
2567 5655 2814 5735 gloriam
2836 5672 2895 5725 et
2911 5655 3474 5735 honorem‘Salvato-

1831 5685 2080 5754 ctorum,
2114 5685 2187 5726 an
2217 5685 2452 5725 Iaudem
2483 5685 2540 5725 et
2565 5685 2814 5797 gloriam
2836 5685 2895 5725 θῑ
2911 5685 3184 5722 nonarum
3204 5685 3463 5713 Dulvuw-

1831 5757 1915 5799 ris
1947 5738 2178 5799 Domini
2198 5738 2382 5799 nostri
2408 5739 2544 5800 Jesu
2611 5738 2798 5810 bruti,
2832 5736 2931 5813 qui
2961 5747 3089 5793 eum
3112 5727 3463 5792 Pati-emoto.

106 4819 267 4897 (782)
301 4818 465 4897 Non
484 4832 638 4897 ergo"
666 4814 922 4897 primum
971 4832 1066 4869 an.
1128 4815 1265 4897 1907
1323 4815 1442 4897 hzec
1498 4817 1732 4897 traditio

36 4886 190 4946 faeta
224 4886 352 4957 est,
397 4892 477 4944 ut
508 4886 711 4943 scribit
737 4886 1008 4958 Crusius.
1036 4886 1204 4958 p.II,l.
1232 4904 1284 4941 v.
1318 4904 1367 4942 c.
1401 4892 1455 4954 2,
1487 4894 1542 4943 et
1584 4889 1730 4944 Bru-

32 4962 677 5040 scbiustquo‘errore
705 4957 881 5040 etiam
911 4957 1541 5040 galliachristianatr.
1670 4977 1727 5032 p,

38 5034 194 5105 1033)
227 5029 518 5104 abrepta
546 5029 781 5097 est,haac
812 5030 883 5084 ad
911 5029 1261 5084 Erlemboldi
1305 5029 1535 5085 abbatis
1581 5029 1728 5087 tem-

33 5121 171 5175 pora
197 5107 525 5162 referens.

94 5179 258 5245 (783)
296 5183 389 5232 De
429 5175 551 5228 hoc
582 5171 791 5245 abbate
813 5170 937 5245 ‘vid.
974 5187 1153 5245 supra
1183 5170 1211 5241 §
1241 5171 1330 5245 26_.

291 5229 703 5303 germannus
736 5242 910 5297 habet
939 5229 1316 5309 an.‘995,“sed
1348 5240 1588 5297 indictio
1636 5261 1725 5301 re-

28 5326 504 5464 ρυὲἓέξᾌὶίυά
530 5385 767 5464 additur
794 5382 1523 5464 epitaphiurnexnantiqug
1576 5383 1724 5464 libro

22 5455 373 5521 Stéinensis
409 5457 787 5524 monasterii,
814 5455 869 5511 in
894 5455 1009 5527 quo
1040 5455 1722 5526 v1Kal.Sept.defunctus

25 5536 246 5609 dicitur
276 5550 398 5609 seu
430 5530 693 5609 27_Aug-
760 5598 769 5609 ,
878 5596 917 5609 υ
1137 5596 1148 5607 ,
1248 5596 1262 5609 ,
1595 5600 1604 5609 ,
1683 5596 1717 5608 ..

82 5607 245 5678 (786)
279 5607 352 5662 In
393 5596 666 5672 antiquo
694 5596 1066 5678 missalims’.
1100 5596 1719 5678 ejusdemmonarsterii

20 5672 136 5800 gigas
168 5666 503 5753 leguntur
530 5688 543 5739 ;
566 5666 703 5800 quae
726 5671 903 5727 etiam
934 5668 993 5724 in
1026 5666 1289 5752 Gsrberti
1342 5668 1491 5727 Hist.
1551 5666 1717 5752 .Silvaa

66 5758 287 5800 ιανιελ-
319 5746 437 5800 III.
482 5759 548 5800 ο.
616 5743 708 5800 20.
732 5742 1043 5800 habentur.
1067 5739 1166 5798 ubi
1206 5744 1405 5798 tamen
1462 5739 1715 5800 exmed-

17 5739 287 5827 Νἰειιωξί.
319 5746 437 5815 ΙΙΙ,
481 5759 548 5819 p.
582 5739 708 5818 420,
732 5742 1043 5813 habentur,
1067 5739 1166 5798 ubi
1206 5744 1405 5798 tamen
1462 5739 1715 5803 exinad-
