3894 6336
85 472 194 534 325

86 606 304 675 rogaret
333 606 399 658 ut
428 607 486 659 ct
507 602 651 675 ipse,
678 604 845 659 sicuti
870 607 1057 660 ccetcri
1083 608 1359 679 episcopi,
1388 612 1457 665 de
1484 629 1589 667 sua
1618 612 1713 665 Ee-
1749 616 1795 678 Α

83 692 251 749 clesia
282 692 394 747 sibi
425 692 659 765 aliquod
711 694 1041 749 subsidium
1093 698 1407 768 subrogare
1457 700 1708 754 deberet.

84 781 236 839 Unde
256 780 478 837 factum
499 786 589 837 est
605 784 671 836 ut
691 782 845 838 idem
869 784 1235 856 Lampertus,
1268 803 1337 841 ex
1363 789 1713 843 monasterio

83 869 229 943 quod
247 868 310 925 B.
326 869 704 925 Gebehardus
724 874 1339 942 construxerat,mu1ta
1354 876 1424 930 de
1442 875 1715 932 thesauro

84 974 249 1032 quem
282 957 407 1031 ipse
428 959 554 1030 jam
586 959 777 1014 dictus
800 959 1176 1017 Gebehardus
1200 963 1312 1018 Deo
1334 964 1472 1034 eth.
1499 964 1717 1037 Grego-

83 1048 161 1103 rio
190 1047 521 1114 donaverat,
557 1063 659 1119 per
687 1048 806 1104 vim
851 1050 1223 1107 subtraheret
1253 1056 1317 1106 ut
1349 1052 1715 1123 imperatoris

81 1135 361 1193 voluntati
391 1136 779 1192 satisfaceret.

834 1245 966 1313 ἓν.

150 1349 266 1404 Iste
293 1352 384 1405 est
412 1349 723 1406 thesaurus
746 1351 1068 1406 Gebehardi
1090 1356 1550 1411 Constantiensis
1577 1358 1718 1413 dive

84 1436 373 1495 memoriis
400 1438 674 1511 episcopi.
707 1456 881 1510 quem
912 1440 1009 1496 ille
1039 1441 1197 1495 dedit
1228 1444 1297 1497 ad
1332 1443 1521 1499 locum
1546 1462 1718 1516 quem

83 1531 480 1583 construxerat
508 1527 569 1582 in
613 1527 895 1584 honorem
940 1530 1002 1585 B.
1054 1531 1313 1602 Gregorii
1354 1550 1535 1604 papze,
1566 1535 1713 1591 821

80 1632 250 1688 quem
272 1615 522 1673 abstulit
546 1616 893 1688 Lampertus
916 1618 1227 1690 episcopus
1249 1638 1549 1678 successor
1569 1625 1717 1695 ejus.

80 1705 312 1777 Nappus
335 1721 492 1760 unus
514 1722 647 1760 cum
671 1723 813 1761 auro
837 1712 1091 1778 paratus.
1118 1708 1367 1764 Pechina
1386 1711 1500 1765 duo
1523 1728 1722 1783 argen-

80 1798 183 1849 tea.
213 1793 401 1865 Nappi
434 1793 612 1849 etiam
645 1796 901 1865 argentei
934 1797 1070 1850 duo.
1102 1798 1209 1850 Seu
1224 1798 1354 1852 tella
1378 1817 1492 1854 una
1516 1818 1719 1872 argen-

78 1886 185 1948 tea,
216 1882 542 1938 cochlearia
588 1884 704 1938 duo
753 1890 1045 1955 argentea.
1096 1886 1443 1942 candelabra
1484 1889 1597 1943 duo
1630 1907 1720 1944 ar-

79 1976 313 2043 gentea:
348 1988 629 2028 numerus
661 1973 905 2043 argenti,
940 1991 1115 2027 xxvm
1154 1973 1309 2029 libra:
1349 1977 1419 2029 ad
1470 1979 1718 2049 pondus.
1752 1979 1798 2043 B

79 2058 339 2116 Dorsalia
368 2062 503 2117 duo.
538 2061 789 2116 Pechina
818 2062 952 2117 duo.
988 2062 1195 2117 Pecten
1230 2081 1414 2119 unum
1445 2064 1718 2137 elephan-

82 2148 286 2219 tinum,
340 2166 486 2205 auro
534 2154 823 2222 paratum.
877 2151 1156 2206 Mensalia
1205 2159 1447 2223 septem,
1483 2155 1721 2210 mantile

80 2253 279 2305 unum,
300 2237 670 2310 tapetiolum,
694 2256 900 2294 unum.
926 2240 1190 2311 Scyphus
1214 2258 1365 2296 unus
1386 2248 1716 2313 argenteus.

80 2325 227 2382 Stola
261 2341 383 2381 una
414 2343 609 2394 aurea,
640 2332 695 2382 et
727 2328 1001 2398 mappula
1024 2329 1286 2397 ejusdem
1315 2332 1526 2401 operis,
1553 2334 1721 2400 cujus

79 2414 575 2487 praependiculum
607 2416 846 2487 quidam
893 2418 964 2470 dc
1013 2418 1313 2474 monachis
1347 2421 1638 2492 subripuit
1669 2426 1725 2476 et

78 2504 403 2574 abscondit,
435 2503 590 2577 quod
617 2509 672 2560 et
695 2505 886 2560 adhuc
908 2504 986 2560 ibi
1010 2505 1276 2573 habetur,
1301 2508 1464 2563 valde
1487 2510 1724 2581 pretiosi

76 2593 284 2665 operis.

813 2702 981 2767 §VI.

138 2803 531 2861 Ellimboldus
562 2806 708 2877 (793)
741 2807 943 2881 abbas,
970 2808 1068 2878 qui
1096 2808 1395 2879 Periggero
1420 2812 1721 2876 successit,

76 2892 138 2948 de
166 2908 229 2949 se
262 2894 441 2949 nobis
474 2896 900 2951 monimentum
932 2896 1184 2967 reliquit.
1214 2899 1343 2968 (llic
1374 2901 1429 2953 in
1457 2900 1634 2954 codice
1653 2909 1728 2956 est

80 2983 327 3054 lacuna.)
972 3034 985 3051 .

810 3075 836 3139 ἓ
874 3074 993 3129 VII.

135 3177 513 3234 Waltharius
570 3179 719 3248 (794)
770 3180 950 3235 abbas
999 3182 1251 3235 secundo
1299 3199 1450 3236 anno
1496 3183 1727 3255 imperii

74 3265 324 3322 Heinrici
358 3266 517 3338 regis
546 3267 855 3337 acquisivit
888 3268 1237 3323 monasterio
1270 3271 1548 3340 prmdium
1574 3274 1724 3344 apud

950 472 1393 538 CHRONICON
1443 475 2155 539 PETERSHUSANUM.
2194 511 2267 520 —-
2312 476 2462 539 LIB.
2508 477 2587 537 II.

3343 478 3456 544 326

1892 697 2223 768 Sigifridus,
2285 698 2540 769 primum
2603 697 3071 755 Constantiensis
3129 700 3462 766 canonicus,

1822 786 2028 841 deinde
2059 787 2379 842 monachus
2410 788 2564 858 apud
2599 787 2805 842 cellam
2841 788 2898 843 S.
2934 788 3277 861 Meginradi,
3311 794 3366 845 et
3395 791 3466 845 ad

1823 878 2144 929 extremum
2187 876 2368 930 abbas
2420 876 2775 932 constitutus
2825 881 2914 932 est
2959 877 3115 950 apud
3161 878 3219 933 S.
3252 877 3466 951 Grego-

1823 962 1998 1017 rium.

2568 1053 2597 1125 Ξ
2628 1052 2721 1108 Ix.

1896 1139 2316 1196 Erchinboldus
2372 1141 2517 1212 (795)
2574 1142 2754 1197 abbas
2819 1142 2963 1197 nihil
3020 1144 3470 1201 memorandum

1826 1228 2080 1300 reliquit.

1825 1317 2035 1383 328§
2093 1320 2160 1369 Χ.
2221 1317 2583 1387 Privilegz‘um
2631 1335 2791 1389 super
2840 1320 3113 1390 praedium
3166 1322 3461 1378 Riclilinis.

1898 1404 2203 1459 Folmarus
2236 1406 2416 1460 abbas
2448 1406 2757 1477 acquisivit
2796 1409 3145 1464 monasterio
3176 1410 3467 1467 Rietilinis

1826 1499 1883 1548 et
1915 1494 2231 1565 Wegefaza,
2266 1494 2417 1548 sicut
2465 1495 2831 1566 subsequens
2881 1496 3255 1568 privilegium
3287 1503 3467 1554 testa-

1828 1586 1922 1637 tur
1952 1583 2125 1653 (796).

1898 1694 1925 1721 ‹‹
1951 1672 2012 1725 In
2034 1671 2268 1727 nomine
2290 1677 2501 1726 sancta:
2521 1677 2577 1727 et
2593 1672 2906 1728 individuaa
2929 1673 3469 1732 Trinitatis.Notum

1827 1762 1902 1816 sit
1924 1760 2196 1815 omnibus
2219 1761 2430 1815 Christi
2455 1762 2747 1827 ﬁdelibus,
2774 1763 3156 1834 praesentibus
3177 1764 3397 1820 scilicet
3418 1769 3479 1822 et

1827 1849 2058 1916 futuris,
2085 1849 2235 1919 quod
2261 1866 2359 1917 ego
2384 1850 2732 1916 Erimbreth,
2760 1855 2959 1922 rogatu
2982 1852 3295 1907 Eberhardi
3324 1854 3471 1909 Con-

1830 1937 2167 1992 stantiensis
2200 1937 2463 1991 Ecclesiae
2495 1938 2772 2010 episcopi.
2819 1938 2931 1993 tale
2980 1940 3262 2010 praedium
3296 1940 3471 2013 quale

1828 2026 1989 2081 visus
2020 2041 2151 2081 sum
2183 2025 2394 2080 habere
2425 2026 2482 2080 in
2515 2044 2660 2098 pago
2690 2027 3023 2100 Nibelgewe
3045 2029 3212 2099 (797),
3239 2029 3299 2085 in
3326 2028 3468 2085 locis

1832 2114 2098 2169 ltitilines
2119 2118 2174 2168 et
2193 2114 2527 2185 Wegesaza,
2549 2116 2875 2181 curtilibus,
2900 2124 3075 2188 agris,
3106 2119 3308 2188 pratis,
3338 2136 3473 2191 pas-

1831 2204 1977 2269 cuis,
2010 2204 2177 2273 aquis
2208 2220 2611 2275 aquarumque
2632 2206 2996 2271 decursibus,
3022 2205 3190 2261 cultis
3213 2211 3269 2262 et
3295 2207 3476 2262 incul-

1831 2292 1926 2352 tis,
1963 2292 2141 2346 itibus
2171 2296 2228 2347 et
2258 2293 2565 2363 reditibus,
2589 2297 2643 2347 et
2665 2293 2721 2347 in
2757 2293 2903 2349 silva
2932 2294 3185 2349 Arinane
3216 2311 3285 2350 ex
3314 2300 3475 2367 parte

1834 2380 1944 2433 mei
1973 2379 2189 2450 prandii,
2212 2385 2499 2451 quantum
2527 2380 2616 2435 his
2640 2382 2791 2435 areis
2810 2382 2865 2436 in
2892 2382 3182 2453 praedictis
3203 2382 3345 2441 locis
3363 2384 3478 2439 suf-

1836 2468 1990 2522 ﬁciat
2016 2469 2086 2522 ad
2132 2467 2539 2523 aediﬁcandum
2586 2474 2642 2524 et
2688 2468 2848 2541 ligna
2897 2471 3314 2539 incidendum;
3347 2488 3480 2528 cum

1834 2556 2089 2628 pascuis,
2126 2556 2303 2611 itibus
2335 2561 2391 2611 et
2419 2557 2692 2625 exitibus,
2725 2574 2860 2613 cum
2891 2577 3070 2614 manu
3108 2559 3301 2616 uxoris
3340 2576 3479 2615 mea:

1836 2644 2231 2717 Irmingardaa,
2256 2644 2379 2701 sine
2402 2646 2559 2699 omni
2584 2647 3057 2715 contradictione,
3082 2654 3190 2705 Deo
3210 2653 3267 2703 et
3287 2650 3483 2705 S.Grer

1834 2735 1993 2803 gorio
2027 2735 2083 2787 in
2119 2732 2241 2788 loco
2288 2734 2387 2805 qui
2431 2735 2645 2789 dicitur
2692 2736 3058 2801 Petershusa,
3089 2741 3145 2792 et
3175 2737 3479 2793 monachis

1836 2824 1948 2878 Deo
1975 2822 2089 2876 illic
2112 2823 2494 2877 servientibus
2518 2825 2861 2894 potestativa
2885 2843 3061 2880 manu
3086 2825 3476 2880 tradidi.Praa-

1834 2916 1990 2966 terea
2034 2916 2237 2967 notum
2279 2929 2405 2966 esse
2450 2912 2738 2977 desidero,
2783 2914 2938 2985 quod
2985 2914 3322 2969 Eberhadus
3356 2914 3477 2986 epi-

1836 3016 2047 3071 scopus
2079 3017 2209 3055 cum
2244 3018 2419 3055 manu
2454 3001 2701 3055 Folmari
2734 3003 2996 3074 ejusdem
3022 3002 3129 3058 loci
3152 3003 3401 3068 abbatis,
3424 3008 3483 3059 et

1836 3089 2183 3144 Ilercmanni
2213 3090 2494 3155 advocati,
2530 3090 2787 3161 idipsum
2820 3092 3101 3162 prmdium
3134 3092 3193 3146 in
3225 3092 3482 3163 praelatis

1836 3178 1979 3233 locis
2012 3178 2323 3233 Rictelincs
2355 3183 2410 3232 et
2456 3179 2767 3249 Wegesaza
2807 3185 3195 3252 susceperunt
3225 3182 3392 3253 (798),
3427 3185 3484 3237 et

1838 3267 2276 3338 quatuordeeim
2312 3284 2554 3321 mansus
2586 3268 2641 3321 in
2666 3267 2788 3323 loco
2812 3269 3069 3324 Eichstat
3090 3270 3240 3339 (799)
3264 3270 3404 3325 mihi
3426 3274 3483 3324 et

72 3354 302 3428 Campis
335 3362 398 3410 et
420 3356 661 3421 Essanc,
691 3360 747 3411 et
780 3357 1109 3421 Quarabilis
1142 3375 1241 3429 per
1262 3341 1669 3416 concambiuin
1694 3378 1729 3417 ο,
1755 3341 1795 3407 C
1839 3355 1998 3409 uxori
2020 3372 2156 3410 mea:
2179 3357 2442 3425 usquead
2463 3354 2687 3410 obitum
2711 3356 2836 3411 vitae
2862 3361 3069 3412 nostra:
3102 3357 3159 3411 in
3193 3357 3474 3413 beneficio

72 3435 325 3515 quodam
360 3443 725 3511 Burchardo,
756 3444 848 3499 cui
880 3446 1081 3501 datum
1112 3451 1199 3501 est
1230 3448 1287 3502 in
1321 3452 1527 3503 mutua
1556 3451 1723 3506 vicis-

70 3530 325 3587 situdine
353 3547 393 3587 ει
427 3533 805 3599 monasterio,
839 3534 991 3605 quod
1017 3534 1225 3589 habuit
1248 3537 1545 3608 proprium
1570 3540 1722 3610 apud

70 3621 312 3689 llurron,
349 3624 414 3676 et
443 3620 599 3691 apud
634 3621 833 3693 Berge,
868 3627 923 3677 et
954 3624 1104 3694 apud
1141 3623 1297 3678 aliud
1332 3625 1527 3697 Berge,
1563 3633 1619 3681 et
1640 3646 1726 3682 ec-

71 3706 303 3764 clesiam
340 3708 507 3780 apud
540 3707 824 3773 Lindinis,
850 3711 1003 3780 quod
1031 3712 1266 3782 quidem
1293 3714 1572 3782 prredium
1596 3715 1724 3786 qui-

72 3795 194 3851 dam
214 3798 535 3870 presbyter
552 3797 786 3853 nomine
810 3799 1071 3854 Iliethere
1092 3817 1192 3872 per
1210 3806 1399 3872 partes
1423 3803 1727 3875 acquisivit

71 3886 441 3958 temporibus
472 3884 703 3941 Ottonis
734 3886 1122 3957 imperatoris.
1157 3892 1340 3961 Super
1370 3893 1523 3962 quod
1558 3892 1728 3963 plura

72 3973 303 4044 quidem
335 3972 651 4047 privilegia
682 3974 988 4035 habentur.
1015 3978 1113 4032 sed
1140 3978 1219 4033 ita
1245 3996 1356 4033 non
1389 3985 1528 4034 sunt
1559 3982 1727 4035 dicti-

70 4066 276 4130 tata,ut
306 4080 384 4119 ea
417 4062 515 4119 hic
536 4063 789 4120 inserere
812 4064 1080 4121 velimus.

130 4223 281 4297 (793)
316 4221 621 4297 IniGallia
646 4224 976 4297 Christiana
1025 4226 1429 4285 Erlemboldus
1465 4236 1726 4297 vocatur,

70 4291 342 4351 Bucelino
377 4294 765 4364 Elenboldus,
792 4298 961 4365 cujus
988 4301 1249 4370 tempora
1278 4304 1333 4354 et
1362 4306 1487 4356 acta
1510 4291 1731 4357 incerta

69 4370 217 4421 sunt.

130 4438 277 4506 (794)
302 4436 420 4492 Hic
446 4435 505 4491 in
529 4435 716 4492 Gallia
736 4436 945 4492 Christ.
971 4456 1038 4493 ex
1061 4439 1346 4494 monacho
1377 4440 1726 4498 Einsidlensi

69 4521 153 4583 an.
188 4509 328 4583 l9_21
371 4506 567 4583 abbas
600 4509 787 4583 tactus
826 4509 1062 4571 dicitur,
1094 4528 1396 4583 perperam
1428 4516 1646 4583 tamen,
1678 4514 1729 4569 si

60 4576 173 4644 jam
224 4578 483 4650 Henrici
529 4577 757 4650 imperii
811 4597 962 4635 anno
1013 4576 1265 4636 secundo
1314 4600 1417 4637 seu
1472 4585 1603 4639 1016
1632 4576 1728 4639 hic

69 4655 391 4726 memorata
440 4648 573 4726 lo_ca
602 4648 927 4726 acquisivit,
960 4652 1018 4706 in
1052 4653 1272 4726 thctia
1300 4654 1560 4711 Curiensi
1593 4658 1724 4726 sita,

65 4718 290 4791 Campis
323 4737 442 4779 seu
478 4720 657 4777 Gams
684 4718 704 4787 ξ
732 4722 945 4777 Essanc
973 4740 1074 4777 seu
1110 4724 1369 4791 Eschen;
1402 4718 1729 4790 Quarabilis

69 4807 159 4868 seu
190 4792 840 4868 Grabs_;pet_Lindinis,
900 4795 955 4848 id
1013 4799 1099 4849 est
1157 4796 1327 4851 Lienz
1384 4799 1648 4868 superior
1672 4804 1729 4854 et

69 4860 318 4919 inferior.
368 4863 497 4920 Vid.
532 4865 652 4918 Lew
679 4865 786 4919 lex.

130 4935 401 5009 (795)_De
451 4933 751 5009 ambobus
803 4934 896 4990 his
954 4935 1266 4992 abbatibus
1315 4939 1532 5009 pariter
1583 4939 1730 4995 nihil

72 5007 210 5075 apud
243 5004 406 5062 alios
444 5004 562 5060 nisi
596 5006 852 5061 nomina.

130 5078 277 5154 (796)
342 5076 763 5154 Legitur
812 5077 1014 5132 charta
1060 5079 1213 5149 apud
1266 5080 1473 5152 Lunig.
1528 5080 1726 5154 Spicil.

74 5148 264 5205 eccles.’
298 5167 364 5219 p.
408 5165 507 5219 nr,
534 5164 590 5219 p.
616 5149 739 5203 402.

146 5221 273 5290 797)
298 5218 595 5290 Necdum
636 5220 781 5274 satis
828 5219 1250 5273 determinatus
1297 5226 1387 5275 est
1416 5221 1565 5276 situs
1598 5224 1729 5290 pagi

158 5240 595 5290 IUI)1VCCOUID
636 5240 781 5274 SRIIS
828 5240 1250 5273 (ιριρῐῚιιιηίιῐυε
1297 5240 1387 5275 eSt
1416 5240 1565 5276 ειιιιε
1637 5241 1667 5277 8
1713 5243 1729 5278 ι

71 5240 781 5365 ῌὶὶὶιεθννοηΝἰὺαιεξονν
828 5307 929 5365 seu
980 5290 1357 5365 Nibalgauge.
1401 5292 1563 5365 Hunc
1598 5240 1729 5349 fio?-

73 5358 259 5419 dastu's
294 5362 488 5425 ΠΛΟ,
518 5365 573 5416 et
594 5358 722 5425 post
740 5378 873 5417 eum
899 5358 1190 5416 Besseliu‘s
1213 5358 1572 5418 in‘Chronico
1596 5365 1729 5420 Gol-

74 5432 350 5504 twicensi,
378 5432 807 5504 exiTscbudio,
837 5433 906 5486 de
930 5432 1151 5486 Rhaetia
1175 5449 1301 5504 cap.
1319 5436 1410 5499 24,
1432 5433 1487 5488 in
1513 5435 1731 5491 Rhaetia

73 5500 341 5578 guriensi
380 5502 646 5578 collocat
692 5506 763 5559 ad
808 5505 1100 5578 dexteram
1145 5500 1326 5578 Rheni
1354 5505 1522 5578 inter
1551 5524 1728 5578 pagos

74 5575 481 5649 Brechtagow,
506 5574 773 5649 Walgow
790 5580 845 5630 et
864 5575 1109 5649 Ringoyv
1131 5592 1229 5629 seu
1258 5575 1533 5631 hodierno
1554 5574 1730 5632 comi-

70 5646 176 5718 μευ
194 5645 721 5718 Montfortensi,in
737 5645 1042 5718 quo,juxta
1055 5645 1418 5718 M‘unsterum
1431 5649 1723 5718 Cosmogr.

70 5713 101 5788 1,
130 5735 208 5788 III,
242 5725 303 5777 et
334 5716 652 5777 Zeilerum
678 5713 790 5775 sita
818 5713 943 5788 erat
970 5715 1151 5788 curtis
1189 5717 1492 5773 Feldkirch
1524 5736 1624 5775 seu
1641 5713 1728 5776 “ad

72 5784 304 5872 Campos,
330 5789 429 5851 uti
464 5784 1217 5869 interpretaturBesselius.
1240 5788 1301 5850 P.
1325 5789 1577 5872 Neugart
1594 5806 1726 5855 vero

1834 3444 2092 3498 tradidit.

1909 3557 1929 3581 ι
1966 3536 2109 3586 Acta
2138 3536 2277 3587 sunt
2305 3536 2497 3587 autem
2534 3531 2651 3588 haec
2682 3549 2834 3588 anno
2870 3532 3176 3588 Dominica:
3209 3533 3479 3589 Incarna-

1835 3620 2004 3674 tionis
2036 3637 2237 3687 MXLIII,
2273 3620 2586 3674 indictione
2616 3638 2695 3685 x1,
2720 3622 2942 3691 epactis
2965 3628 3211 3695 septem,
3236 3639 3480 3677 concur-

1837 3710 2095 3763 rentibus
2127 3709 2405 3780 quinque,
2438 3726 2529 3763 xw
2564 3709 2667 3763 Kal
2717 3709 2882 3775 Julii,
2908 3709 3045 3765 luna
3073 3728 3109 3766 v
3137 3711 3312 3778 329,
3346 3727 3485 3783 prai-

1836 3799 2097 3853 sentibus
2129 3798 2218 3851 his
2250 3798 2526 3852 testibus:
2566 3797 2869 3853 Udalricus
2902 3798 3279 3870 Briganticus
3311 3800 3478 3870 (800),

1836 3888 2107 3949 Switker,
2139 3885 2354 3949 Wezel,
2406 3886 2690 3957 Swigger,
2741 3887 2964 3953 Ernest,
3016 3887 3231 3951 Gerolt,
3268 3888 3479 3958 Ruger,

1838 3975 2097 4039 Landolt,
2132 3974 2326 4043 Otgoz,
2356 3975 2653 4045 Lutpreht,
2678 3976 2990 4046 Sigipreth,
3016 3975 3264 4042 Hartnit,
3290 3975 3482 4047 Engil-

1837 4065 2052 4130 scalch,
2072 4064 2287 4130 Enceli,
2311 4063 2623 4134 Simpreht.
2649 4063 2906 4129 Humolt,
2936 4065 3116 4136 Eppo,
3138 4064 3284 4130 Ello,
3311 4064 3481 4119 Albe-

1838 4226 1896 4278 in
1925 4223 2060 4279 Cod.
2095 4221 2236 4293 dipl.
2267 4221 2449 4276 Alcm.
2484 4227 2618 4291 vet.,
2656 4222 2710 4276 in
2760 4223 2915 4278 notis
2957 4224 3027 4278 ad
3061 4224 3323 4279 chartam
3355 4241 3479 4292 xcv,

1839 4295 2005 4349 illum
2037 4294 2190 4349 circa
2229 4293 2515 4366 civitatem
2567 4294 2927 4365 impcrialem
2982 4296 3292 4350 Leutkirch
3324 4312 3482 4366 quaa-

1838 4366 2085 4421 rendum
2112 4382 2239 4437 esse
2264 4364 2574 4437 existimat,
2594 4364 2676 4419 uti
2703 4366 2826 4419 loca
2848 4366 3097 4421 subinde
3119 4364 3397 4437 adjuncta
3421 4368 3479 4422 in

1837 4437 2055 4492 chartis
2104 4436 2617 4508 San-Gallensibus
2667 4438 3088 4504 demonstrent,
3139 4436 3479 4508 quanquam

1840 4510 1980 4564 urbs
2007 4508 2120 4562 ista
2150 4508 2293 4561 alias
2342 4524 2488 4578 pago
2536 4507 2781 4578 Algoviaz
2833 4507 3271 4575 annumeretur,
3304 4507 3476 4579 cuius

1840 4582 1982 4634 torte
2016 4582 2299 4650 parserat
2332 4579 2521 4633 minor
2550 4596 2734 4650 pagus
2760 4579 3099 4650 Nibilgewe.
3129 4579 3290 4634 Certe
3320 4580 3479 4634 enim

1838 4652 1897 4704 in
1928 4651 2129 4705 charta
2158 4649 2327 4714 infra,
2366 4651 2404 4704 Ι.
2432 4667 2515 4721 ui,
2539 4649 2567 4721 ξ
2589 4652 2676 4718 41,
2701 4649 2894 4705 insula
2918 4649 3086 4705 Rotse
3112 4650 3480 4706 Petershusio

1840 4722 2056 4793 donata
2086 4721 2144 4774 in
2178 4738 2324 4791 pago
2355 4719 2724 4792 Nibilgouwe
2755 4721 2864 4776 sita
2893 4721 3127 4793 dicitur,
3157 4720 3256 4793 qui
3281 4725 3480 4777 tamen

1838 4792 2002 4847 locus
2036 4794 2238 4846 Rottsce
2268 4797 2501 4851 notatur
2531 4793 2588 4845 in
2624 4793 2815 4847 Rurali
2850 4792 3102 4863 capitulo
3136 4792 3381 4863 lsnensi,
3409 4793 3482 4848 ad

1839 4836 2002 4935 ἕῖιῖἅᾱ
2027 4836 2240 4934 ῥὶῖἑῖῐὲὲ
2268 4836 2490 4933 ἔδὲὲἰέἐ
2520 4836 3484 4935 655M138;ﬁéﬁiiiééh‘.”ﬁé§§éiiﬁ§

1838 4933 1934 4989 hic
1957 4952 1991 4989 a
2014 4933 2255 5004 Lunigio
2275 4934 2551 5004 deceptus
2575 4933 2676 5005 pro
2700 4934 2908 4990 Rotsee
2929 4935 3067 5006 legit
3091 4933 3290 5003 Rethe,
3307 4935 3485 5006 idque

1841 5024 2048 5061 nomen
2081 5022 2147 5059 ex
2177 5022 2282 5078 suo
2315 5012 2629 5076 systemate
2666 5006 2952 5078 iniRottis
2999 5022 3175 5078 prope
3210 5007 3488 5062 Monttort

1839 5078 2075 5149 quaerit;
2109 5077 2205 5149 sed
2260 5082 2545 5149 constans
2597 5085 2681 5132 est
2742 5077 2910 5149 lectio
2945 5077 3149 5133 Rotse’e
3197 5078 3255 5131 in
3287 5082 3486 5133 nostro

1841 5146 2052 5212 codice,
2078 5146 2170 5201 cui
2195 5148 2369 5220 etiam
2395 5147 2598 5220 insula:
2618 5147 2929 5219 appellatio
2954 5149 3164 5204 melius
3185 5149 3483 5220 competit.

1842 5220 1969 5275 Vid.
2004 5220 2172 5281 intra,
2208 5217 2244 5271 l.
2277 5236 2331 5283 v,
2366 5220 2473 5283 §6.
2512 5217 2954 5289 PropeRottsee
2985 5225 3042 5274 et
3070 5220 3297 5275 Arnach
3320 5217 3483 5275 'situs

1840 5297 1929 5346 est
1958 5292 2118 5362 vicus
2148 5289 2467 5362 Riedlings,
2502 5291 2599 5360 qui
2635 5290 2726 5345 hic
2759 5291 3031 5346 Rnilenes
3054 5292 3268 5346 dicitur
3290 5291 3480 5362 ;_forte

1839 5364 2014 5417 etiam
2051 5359 2586 5432 Wegesaza,'cujus
2617 5366 2813 5417 tamen
2846 5362 3099 5418 nominis
3132 5362 3291 5417 locus
3316 5359 3470 5414 haud

1841 5433 2096 5503 amplius
2126 5432 2395 5487 occurrit.

1932 5505 2058 5572 798)
2092 5504 2221 5574 Leg.
2254 5506 2509 5574 suscepit.

1929 5546 2601 5649 θῦὄὸῗῖδῖῆἓξὶἓῗῗὲβδη
2670 5645 2729 5649 ε-
2828 5645 2857 5649 -
3207 5636 3243 5649 ..

1930 5634 2209 5718 800)7Hic
2268 5634 2518 5718 Udalrici
2568 5645 2766 5718 fratris
2823 5645 2880 5718 S_.
2935 5636 3262 5718 Gebehardi.

1836 5706 2019 5789 fuisse
2038 5706 2287 5789 videtur,
2312 5717 2410 5788 qui
2432 5715 2839 5789 apudALazium
2856 5706 3289 5789 haudAoccurrit.
3321 5706 3451 5768 Vid.

1833 5786 1988 5848 infra
2014 5789 2043 5863 §
2069 5787 2158 5858 20,
2190 5791 2247 5846 et
2272 5778 2544 5865 supra'in
2573 5785 2978 5864 disquisitione
3005 5783 3033 5853 δ
3061 5778 3145 5837 24.
