3894 6356
118 450 230 515 333

118 587 197 645 eis
216 584 511 659 pugnavit,
552 600 769 658 eosque
817 585 1028 643 devicit
1057 587 1378 659 multisque
1436 587 1644 644 occisis
1691 591 1748 644 et
1774 598 1828 664 Α

115 674 377 750 plurimis
408 674 644 748 fugatis,
676 674 1029 747 quibusdam
1054 676 1229 732 etiam
1264 677 1389 733 sine
1418 676 1747 733 conditione

116 763 219 823 sibi
246 762 500 833 traditis,
529 763 833 820 victoriam
856 765 1103 837 adeptus
1129 768 1219 821 est
1240 782 1354 821 non
1388 783 1493 823 suo
1514 766 1744 835 merito,

114 854 229 923 sed,
256 855 319 909 ut
346 852 663 919 credimus,
692 855 803 909 Deo
827 853 1053 910 felicem
1081 854 1405 911 Romanam
1424 854 1745 928 rempubli-

112 959 232 1000 cam
252 942 592 999 honorante.
619 944 681 998 In
704 942 813 998 hoc
834 942 987 999 bello
1007 934 1142 1000 cum
1164 960 1298 1017 rege
1321 945 1554 1000 fuerunt
1569 945 1747 1000 duces

112 1032 447 1100 Suevorum,
498 1031 823 1088 Ruodolfus
854 1036 1055 1104 postea
1085 1049 1207 1100 rex,
1250 1038 1309 1088 et
1361 1032 1519 1089 Welf
1572 1036 1747 1104 atque

112 1118 469 1189 Bertholdus,
501 1120 771 1193 quamvis
800 1120 849 1177 ei
869 1121 1128 1194 suspecti
1158 1127 1372 1177 essent.
1398 1122 1484 1176 Ibi
1516 1121 1744 1177 occisus

111 1214 194 1266 est
217 1225 283 1265 ex
301 1212 465 1282 parte
486 1208 637 1281 regis
658 1208 850 1265 Ernist
864 1209 1125 1265 marchio
1148 1209 1482 1280 Orientis,et
1501 1211 1617 1265 duo
1640 1209 1744 1265 filii

107 1297 414 1355 Eberhardi
444 1297 675 1354 comitis
696 1298 768 1353 de
783 1296 1185 1366 Nellinburch,
1209 1299 1309 1370 qui
1343 1297 1744 1355 Shafhusense

108 1385 522 1444 monasterium
549 1387 833 1443 fundavit.

165 1582 346 1657 Igitur
362 1582 493 1655 jam
521 1580 661 1639 dicti
694 1582 873 1639 duces
892 1582 1351 1639 Alamannorum
1378 1582 1576 1639 statim
1610 1586 1743 1655 post

102 1673 242 1729 hanc
270 1687 532 1746 pugnam
565 1671 684 1744 regi
712 1671 990 1727 rebellare
1012 1676 1333 1744 ccnperunt,
1366 1689 1430 1727 ac
1461 1672 1561 1728 diu
1590 1672 1743 1727 inter

104 1776 161 1818 se
191 1764 431 1818 tractato
463 1759 706 1818 consilio
729 1761 798 1816 ad
830 1759 1103 1816 ultimum
1129 1777 1263 1817 cum
1294 1760 1592 1817 voluntate
1609 1761 1743 1818 Gre-

103 1849 236 1923 gorii
269 1865 460 1922 papae,
505 1848 607 1921 qui
638 1852 697 1905 et
753 1848 1177 1918 Hiltibrandus,
1229 1854 1626 1906 convenerunt
1681 1850 1741 1906 in

997 448 1440 516 CHRONICON
1485 450 2202 519 PETERSHUSANUM.
2239 486 2317 503 --
2346 456 2495 519 LIB.
2541 457 2619 520 ΙΙ.

3380 464 3497 525 334

2484 658 2501 669 _
2542 594 2572 665 ς
2606 591 2818 647 xxxn.

1927 682 2066 733 Post
2100 679 2224 735 hmc
2256 680 2564 737 Heinricus
2595 698 2695 737 rex
2752 679 2979 737 Italiam
3028 682 3281 754 perrexit
3332 684 3502 758 (852),

1856 766 2100 823 Romam
2120 784 2257 824 cum
2280 769 2532 826 exercitu
2551 770 2712 825 venit
2731 787 2981 843 eamque
2993 770 3105 826 sibi
3127 771 3504 829 rebellantem

1855 855 2035 911 armis
2066 857 2236 928 cepit,
2271 858 2616 930 Gregorium
2662 876 2877 932 papam
2907 859 3080 931 ejecit
3125 864 3257 932 post
3286 861 3502 919 multas

1854 942 2122 1015 injurias,
2154 962 2302 1017 quas
2333 947 2385 1002 ei
2419 948 2674 1004 fautores
2703 949 2831 1020 ejus
2862 949 3027 1021 prius
3083 949 3500 1023 irrogaverant.

1852 1032 1998 1088 Nam
2031 1050 2164 1089 cum
2196 1037 2454 1106 quodam
2473 1041 2733 1109 tempore
2755 1037 2815 1093 in
2847 1041 3049 1093 sancta
3080 1043 3247 1094 nocte
3277 1040 3501 1096 Nativi-

1853 1121 1992 1177 tatis
2021 1122 2247 1178 Domini
2277 1122 2337 1179 in
2388 1124 2649 1181 Romana
2696 1127 2839 1182 urbe
2898 1127 3087 1199 primo
3135 1127 3277 1201 galli
3324 1134 3501 1187 cantu

1854 1209 2119 1275 missam,
2151 1216 2221 1266 ut
2248 1212 2429 1268 moris
2460 1218 2567 1283 est,
2600 1213 2936 1287 celebraret,
2969 1233 3004 1272 a
3058 1218 3316 1289 quodam
3367 1218 3499 1275 Cre-

1852 1299 2075 1355 scentio
2107 1299 2254 1372 (853)
2284 1301 2404 1356 cive
2435 1302 2717 1372 Romano,
2742 1304 2894 1376 regis
2917 1305 3160 1372 fautore,
3183 1305 3377 1378 gladio
3406 1311 3500 1364 est

1852 1388 2173 1459 appetitus,
2200 1394 2256 1443 et
2285 1389 2417 1445 forti
2440 1390 2559 1445 ictu
2588 1391 2646 1446 in
2679 1392 2863 1463 capite
2893 1409 3208 1465 percussus
3237 1396 3390 1452 888
3423 1397 3495 1452 ad

1850 1478 2065 1531 terram
2089 1477 2362 1532 concidit.
2395 1478 2613 1534 Deinde
2642 1479 2715 1534 ad
2745 1480 2835 1535 sui
2865 1481 3159 1538 vesaniam
3191 1484 3498 1540 cumulan-

1850 1564 1984 1620 dam
2017 1565 2073 1621 in
2100 1565 2493 1638 captivitatem
2514 1584 2648 1623 eum
2672 1569 2912 1641 redegit,
2939 1570 3073 1625 etin
3095 1572 3307 1627 turrim
3330 1589 3499 1629 suam

1848 1652 2042 1710 trusit.
2075 1656 2186 1711 Sed
2219 1656 2421 1712 eodem
2440 1657 2535 1712 die
2551 1675 2584 1713 a
2600 1657 2874 1714 ﬁdelibus
2892 1658 3023 1730 ipsa
3038 1660 3187 1715 turri
3205 1661 3502 1719 destructa

1851 1759 2001 1815 papa
2020 1748 2153 1799 ante
2173 1761 2475 1817 vesperam
2508 1745 2739 1814 altario,
2775 1748 2929 1803 unde
2961 1748 3139 1821 impie
3174 1749 3501 1808 abstractus

1850 1832 2055 1900 fuerat,
2088 1834 2181 1906 pie
2212 1835 2523 1891 restitutus
2552 1839 2661 1901 est,
2692 1838 2750 1892 et
2779 1836 3046 1906 missam,
3080 1855 3258 1910 quam
3279 1839 3338 1895 in
3361 1838 3500 1912 galli

100 1937 249 2006 villa,
283 1954 410 2011 quis
457 1937 758 1995 Forcheim
817 1938 1051 2006 dicitur,
1111 1956 1245 1995 cum
1304 1940 1631 1995 Saxonibus
1689 1954 1715 1995 e

1918 1926 2018 1976 ntu
2052 1926 2322 1994 cmperat,
2358 1924 2551 1979 adhuc
2599 1924 2844 1997 jejunus
2872 1929 2929 1981 et
2958 1925 3031 1981 ab
3090 1926 3220 1982 aliis
3264 1932 3499 1983 susten-

101 2026 448 2084 Ruodolfum
480 2027 688 2083 ducem
718 2028 1039 2084 Suevorum
1073 2028 1505 2084 constituerunt
1522 2044 1738 2100 regem,

97 2117 310 2174 vivente
340 2116 538 2173 adhuc
561 2116 827 2172 Heinrico
851 2118 950 2173 sed
977 2117 1498 2173 excommunicato.
1531 2119 1741 2172 Actum

98 2223 237 2263 anno
253 2203 569 2262 Dominicis
582 2205 1002 2261 incarnationis
1018 2223 1277 2278 MLXXVII,
1294 2222 1495 2262 mense
1511 2205 1737 2261 Martio.

98 2294 193 2362 Qui
223 2292 555 2351 Ruodolfus
584 2292 912 2366 proximum
944 2294 1165 2350 Pascha
1194 2294 1315 2366 egit
1343 2295 1498 2367 apud
1540 2297 1739 2366 Augu-

95 2388 233 2441 stam
260 2381 635 2439 Vindelicam
662 2400 675 2451 ;
709 2383 811 2439 sed
854 2382 1100 2439 Imbrico
1132 2383 1394 2454 ejusdem
1427 2382 1592 2439 urbis
1622 2382 1739 2454 epi-

97 2490 297 2547 scopus
322 2471 519 2530 noluit
537 2488 673 2528 eum
696 2488 801 2527 nec
824 2471 1039 2540 videre,
1060 2487 1166 2527 nec
1190 2471 1467 2541 salutare,
1494 2473 1592 2528 sed
1611 2488 1738 2543 quas

95 2561 417 2619 necessaria
445 2564 613 2617 erant
629 2560 809 2633 jussit
830 2560 1197 2617 abundanter
1222 2560 1573 2617 ministrare.
1598 2561 1739 2617 Inde

96 2651 421 2725 digrediens
455 2648 786 2706 Ruodolfus
817 2666 915 2705 rex
956 2649 1188 2705 obsedit
1234 2649 1537 2706 castellum
1583 2651 1736 2722 quod

95 2738 302 2797 dicitur
321 2737 749 2813 Sigimaringin
783 2739 969 2811 (828);
1003 2739 1103 2794 sed
1137 2744 1434 2812 comperto
1484 2740 1735 2796 adventu

95 2828 335 2886 Heinrici
368 2827 552 2902 regis,
584 2828 735 2884 887
764 2827 863 2900 qui
888 2828 1149 2901 perjuga
1172 2828 1405 2900 Alpium
1429 2846 1563 2885 cum
1583 2845 1738 2885 exer-

93 2917 201 2975 citu
218 2917 500 2975 veniebat
520 2917 591 2974 ad
611 2917 975 2973 liberandam
998 2917 1383 2974 munitionem
1407 2918 1655 2991 aufugit,
1680 2922 1739 2975 et

89 3005 140 3063 in
169 3007 488 3064 Saxoniam
519 3005 790 3079 perrexit.
822 3007 896 3062 At
926 3021 1025 3062 rex
1057 3006 1360 3063 Heinricus
1408 3007 1570 3064 dedit
1616 3008 1736 3063 Fri-

86 3096 267 3153 derico
297 3096 371 3153 de
406 3094 704 3169 Stouphin
754 3095 1032 3151 ducatum
1079 3099 1419 3164 Suevorum,
1468 3100 1523 3152 et
1554 3095 1735 3153 filiam

88 3201 243 3241 suam
257 3185 465 3257 junxit
488 3184 541 3241 ei
565 3183 623 3239 in
658 3183 1124 3255 matrimonium,
1147 3201 1274 3256 quae
1305 3184 1506 3256 genuit
1528 3184 1579 3241 ei
1612 3184 1733 3240 Fri-

88 3273 338 3333 dericum
365 3278 427 3332 et
457 3273 834 3331 Cuonradum
866 3277 1067 3345 postea
1095 3290 1312 3345 regem.

784 3379 814 3453 ξ
851 3379 1040 3436 xxxx.

149 3470 291 3529 Item
322 3469 645 3528 Heinricus
673 3474 1021 3542 congregato
1037 3469 1291 3525 exercitu
1323 3473 1525 3525 contra
1555 3471 1736 3527 Saxo-

90 3559 231 3617 niam
255 3560 540 3634 perrexit,
563 3559 634 3615 ad
658 3559 1112 3631 expugnandum
1136 3558 1624 3616 Ruodolfum.Sed
1650 3559 1735 3615 illi

85 3664 111 3705 e
128 3654 324 3707 contra
339 3648 691 3722 congregati
707 3652 1087 3704 occurrerunt
1099 3648 1147 3703 ei
1169 3648 1224 3702 in
1240 3648 1398 3720 provi
1408 3648 1737 3707 nciaBaioa-

86 3736 324 3806 rim,loco
349 3736 626 3795 ﬂuminis
653 3736 808 3809 quod
831 3735 1045 3792 dicitur
1066 3737 1734 3809 Strowe(859),dicentes

84 3825 223 3884 nolle
241 3845 308 3885 se
332 3844 547 3900 regem
574 3824 812 3899 longius
843 3825 1106 3898 fatigare.
1141 3826 1225 3882 lbi
1244 3826 1397 3882 facta
1416 3843 1616 3900 pugna
1634 3844 1734 3884 ve-

83 3913 534 3973 hementissima
563 3931 662 3971 rex
692 3913 996 3970 Heinricus
1029 3932 1161 3971 cum
1195 3915 1322 3971 suis
1353 3920 1518 3987 terga
1542 3917 1731 3985 vertit,

81 4006 130 4059 et
148 4003 225 4061 ibi
246 4004 611 4079 Diepeldum
639 4003 1038 4060 marchionem
1064 4005 1133 4059 de
1156 4004 1400 4077 Giengin
1425 4006 1575 4076 (850)
1598 4022 1733 4061 cum

84 4090 201 4150 aliis
228 4093 447 4152 multis
480 4092 763 4167 perdidit.
787 4093 1046 4150 Saxones
1066 4092 1245 4165 igitur
1264 4094 1475 4165 adepta
1496 4094 1736 4150 victoria

81 4197 205 4239 suos
230 4182 481 4242 saucios
512 4185 575 4239 et
604 4180 829 4238 occisos
876 4181 1133 4238 levantes
1189 4182 1398 4238 conciti
1441 4182 1732 4239 abierunt.

81 4267 185 4326 Rex
210 4277 415 4330 autem
450 4270 771 4328 Heinricus
799 4270 927 4344 ipsa
959 4272 1073 4342 die,
1116 4271 1559 4343 superveniente
1589 4272 1735 4328 duce

79 4355 443 4418 Boemiorum
477 4376 620 4416 cum
641 4358 834 4416 valida
851 4375 1027 4415 manu
1062 4363 1195 4431 post
1215 4359 1412 4432 fugam
1437 4359 1508 4415 ad
1538 4359 1733 4416 locum

79 4461 272 4520 pugna
303 4450 514 4518 rediit,
551 4449 810 4505 Saxones
835 4448 1120 4521 quaesivit,
1141 4448 1474 4521 iterumque
1495 4464 1625 4504 cum
1648 4448 1734 4505 eis

77 4537 374 4612 conﬂigam
404 4536 625 4596 voluit.
657 4540 734 4592 At
762 4553 898 4593 cum
951 4554 1050 4593 eos
1106 4536 1351 4592 minime
1400 4536 1730 4609 reperisset,

77 4639 201 4682 suos
227 4628 462 4701 quique
495 4631 627 4683 tam
659 4625 883 4683 occisos
913 4642 1091 4698 quam
1122 4624 1461 4682 vulneratos
1509 4625 1733 4683 levave-

1855 2013 2012 2066 tatus
2030 2027 2267 2083 vespere
2288 2011 2617 2085 complevit,
2641 2030 2776 2069 nam
2799 2029 2925 2069 eam
2948 2014 3112 2086 prius
3134 2016 3207 2071 ad
3229 2030 3495 2072 commu-

1852 2099 2084 2156 nionem
2116 2105 2437 2173 peregerat.

2523 2208 2815 2280 gxxqu

1922 2294 2197 2366 Gregorio
2243 2313 2395 2368 papa
2425 2295 2712 2352 catholico
2744 2297 2983 2370 expulso
3034 2302 3090 2353 et
3134 2299 3193 2353 in
3223 2299 3495 2357 exsilium

1851 2383 1996 2438 satis
2026 2383 2205 2455 impie
2236 2384 2498 2451 detruso,
2532 2384 2839 2441 Heinricus
2869 2402 2967 2441 rex
2997 2387 3311 2458 quemdam
3342 2388 3499 2445 schi-

1850 2472 2160 2527 smaticum
2181 2472 2416 2528 nomine
2438 2472 2788 2545 Wipertum,
2811 2475 2974 2546 prius
2997 2479 3387 2532 Ravennatem
3410 2494 3498 2533 ar-

1849 2559 2310 2633 chiepiscopum,
2356 2561 2455 2616 sed
2489 2562 2616 2632 jam
2641 2563 2944 2634 septennio
2975 2564 3046 2619 ob
3079 2565 3296 2621 scelera
3326 2582 3435 2622 sua
3462 2583 3497 2623 a

1849 2664 1999 2720 papa
2014 2649 2735 2715 excommunicatum,sedi
2754 2651 3085 2723 apostolicae
3101 2652 3337 2727 indigne
3357 2671 3498 2727 prm-

1849 2737 2002 2804 fecit,
2034 2745 2090 2793 et
2119 2738 2244 2810 ipse
2270 2737 2342 2793 ab
2374 2754 2438 2794 eo
2460 2738 2955 2795 consecrationem
2974 2740 3337 2812 imperialem
3368 2742 3494 2799 suis

1848 2826 2130 2899 nequitiis
2160 2827 2306 2882 satis
2336 2827 2621 2900 condigne
2654 2828 2946 2900 percepit;
3000 2827 3112 2885 hoc
3167 2829 3323 2886 enim
3371 2848 3491 2888 non

1845 2916 2220 2982 consecratio,
2240 2917 2341 2972 sed
2368 2916 2555 2989 magis
2584 2918 2901 2973 exsecratio
2923 2918 3349 2975 nominandum
3370 2923 3480 2977 est.

1846 3005 1925 3061 De
1966 3004 2077 3061 hoc
2107 3004 2285 3059 etiam
2316 3004 2589 3076 superius
2621 3006 2768 3076 (854)
2800 3003 3134 3062 retulimus.

1918 3200 2156 3258 Interim
2191 3217 2288 3257 rex
2331 3110 3046 3275 Ruodgéi‘tggrsgato
3066 3203 3317 3259 exercitu
3349 3203 3490 3262 Boe-

1846 3290 2026 3346 miam
2057 3288 2238 3345 voluit
2267 3290 2484 3346 intrare
2541 3297 2786 3362 eamQue
2841 3291 3140 3347 devastare
3170 3293 3335 3365 (855),
3386 3295 3487 3350 sed

1848 3339 2026 3346 -----
2070 3339 2237 3345 -τ--η
2268 3339 2482 3346 -ω---ν
2545 3339 2784 3362 -κ-ειπ
2845 3339 3138 3347 -ν-ν--ςη
3171 3339 3335 3365 ww”
3386 3339 3487 3350 -ν-

1765 3339 1807 3406 C
1847 3381 1965 3435 dux
1995 3379 2365 3434 Boemiorum
2398 3395 2531 3433 cum
2561 3378 2802 3444 Sclavis,
2835 3380 3129 3450 adjunctis
3167 3380 3280 3435 sibi
3310 3381 3489 3436 etiam

1844 3467 1977 3524 aliis
2007 3467 2388 3540 complicibus
2420 3466 2574 3539 regis
2604 3466 2876 3535 Heinrici,
2924 3467 3172 3524 occurrit
3202 3468 3253 3523 ei
3284 3467 3344 3524 in
3375 3468 3487 3525 ﬂu-

1844 3558 2000 3613 mine
2031 3556 2185 3629 quod
2217 3560 2455 3612 vocatur
2481 3556 2722 3624 Elstere,
2753 3555 2950 3627 ibique
2982 3556 3133 3612 facta
3162 3573 3361 3629 pugna
3389 3574 3489 3613 va-

1841 3646 1961 3701 lida
1993 3644 2162 3701 multi
2195 3662 2262 3701 ex
2292 3650 2538 3716 utraque
2568 3649 2730 3716 parte
2750 3643 3102 3701 ceciderunt.
3140 3648 3266 3718 lpse
3293 3652 3491 3703 autem

1843 3734 2163 3792 Ruodolt’us
2192 3751 2291 3790 rex
2320 3734 2378 3789 in
2410 3734 2539 3806 ipso
2572 3733 2813 3790 ﬂumine
2853 3734 3054 3791 lancea
3082 3735 3334 3808 graviter
3360 3735 3489 3792 vul-

1842 3828 2103 3892 neratus,
2132 3824 2203 3878 de
2232 3839 2381 3895 equo
2401 3822 2457 3878 in
2476 3839 2689 3895 aquam
2715 3823 2951 3891 cecidit;
2973 3823 3074 3880 sed
3095 3841 3129 3880 a
3150 3823 3275 3880 suis
3301 3823 3495 3880 suble-

1842 3919 2011 3969 vatus
2042 3917 2097 3969 et
2129 3912 2186 3968 in
2205 3929 2478 3984 campum
2511 3911 2761 3980 delatus,
2787 3912 3337 3984 supervenientibus
3368 3912 3490 3984 epi-

1842 4002 2037 4075 scopis
2059 4001 2456 4074 paenitentiam
2478 4004 2535 4056 et
2556 4000 2832 4056 viaticum
2854 4001 3095 4073 accepit.
3119 4000 3264 4056 Cum
3291 4004 3488 4057 autem

1836 4093 1961 4163 jam
1990 4095 2143 4148 esset
2170 4090 2231 4146 in
2259 4095 2464 4158 morte,
2500 4094 2692 4162 caput,
2727 4089 2879 4145 sicut
2905 4089 3109 4161 fertur,
3142 4088 3385 4146 elevavit
3432 4093 3491 4146 et

1843 4181 1959 4237 ait:
1988 4203 2017 4232 ‹‹
2049 4179 2213 4247 Quis,
2245 4179 2539 4250 inquiens,
2570 4178 2749 4235 habet
2768 4177 3072 4234 victoriam
3094 4178 3122 4234 ‘I
3156 4200 3184 4229 »
3231 4180 3305 4234 At
3353 4194 3489 4234 cum

1842 4271 2287 4327 circumstantes
2312 4268 2602 4323 dicerent:
2642 4290 2662 4316 ι
2688 4266 2823 4334 Vos,
2856 4266 3180 4323 domine!»
3215 4271 3390 4339 caput
3406 4282 3492 4322 re-

1843 4359 2078 4416 clinavit
2123 4361 2181 4413 et
2209 4356 2328 4412 ait:
2383 4378 2404 4405 ι
2439 4357 2594 4424 Jam,
2641 4355 2853 4428 inquit,
2914 4373 3031 4412 non
3062 4372 3202 4412 curo
3259 4356 3331 4412 de
3361 4371 3492 4412 mea

1842 4452 2049 4518 morte,
2078 4446 2125 4504 si
2151 4461 2277 4502 eam
2310 4444 2529 4516 excipio
2562 4461 2695 4500 cum
2724 4444 3010 4517 triumphi
3058 4445 3297 4500 honore.
3335 4466 3363 4493 »
3405 4445 3491 4500 Ita

1843 4555 1943 4594 rex
1973 4534 2292 4592 Ruodolfus
2323 4533 2521 4589 eadem
2555 4533 2648 4589 die
2672 4533 2851 4590 vitam
2876 4530 3063 4589 ﬁnivit
3083 4534 3238 4606 apud
3271 4532 3487 4588 Elstere

1842 4631 2021 4700 atque
2052 4642 2085 4681 a
2113 4623 2239 4680 suis
2268 4622 2629 4680 Mersiburch
2662 4621 2909 4688 delatus,
2941 4621 3140 4694 ibique
3167 4621 3488 4677 honorifice

77 4718 218 4784 runt,
247 4720 308 4774 et
336 4717 654 4783 abierunt,
686 4731 753 4771 ac
782 4716 1245 4788 circumquaque
1287 4714 1484 4771 omnia
1515 4716 1729 4787 prada,
1765 4708 1809 4773 D
1840 4714 2108 4788 sepultus
2140 4713 2308 4770 estin
2337 4713 2465 4784 ipso
2495 4711 2671 4767 choro
2692 4710 2968 4780 basilicae,
3001 4715 3057 4766 et
3081 4711 3271 4782 imago
3294 4710 3487 4783 ipsius

75 4800 210 4861 ferro
239 4810 297 4863 et
329 4805 466 4880 igni
502 4804 890 4861 devastarunt
919 4804 1094 4876 (851).

135 4983 277 5058 (848)
306 4983 711 5058 Βυτσὴᾼᾳιιᾶυε
739 4981 818 5058 De
838 4999 959 5041 cas.
1000 4983 1058 5038 S.
1082 4981 1231 5058 Galli
1262 4982 1732 5058 c._7,_castellum

78 5049 172 5140 hoc
209 5049 446 5140 pariter:
500 5054 917 5140 S‘igmar‘inge'n
966 5053 1238 5140 appellat,
1298 5053 1732 5112 Zolleranorum

77 5126 241 5194 princi
288 5146 393 5185 um
428 5126 620 5185 hodie
650 5126 847 5182 sedem
880 5127 939 5181 in
971 5126 1199 5182 Suevia.

308 5196 688 5281 ﬁertholdus
706 5198 939 5281 auctior
951 5198 1057 5281 ‘adn
1072 5196 1357 5280 an..l(‘78.
1385 5268 1395 5279 _
1419 5268 1435 5281 ἱ
1570 5268 1631 5281 m

155 5268 278 5342 850)
309 5270 548 5328 Notum
585 5272 674 5325 est
702 5268 1003 5342 imperiale
1024 5268 1240 5342 Sueviai
1262 5268 1734 5342 oppidumAGien-

78 5351 194 5463 gen,
225 5338 287 5399 at
303 5343 463 5424 nulli
481 5343 625 5425 ejus
642 5338 908 5424 comites,
925 5341 1110 5424 multo
1126 5338 1323 5396 minus
1341 5338 1728 5423 marchiones.

116 5417 233 5463 orta
287 5415 648 5463 dominium
688 5411 830 5463 olim
861 5414 941 5463 lbl
994 5412 1335 5463 obtinebant
1389 5416 1629 5463 comites
1659 5413 1728 5463 de

116 5417 233 5469 orte
287 5411 648 5471 dominium
688 5411 830 5468 olim
861 5412 941 5468 ibi
994 5412 1335 5468 obtinebant
1389 5412 1629 5467 comites
1659 5413 1733 5467 de

78 5478 544 5559 iechsgmunde,
582 5499 835 5559 quorum
866 5483 1094 5559 aliquos
1123 5482 1303 5559 fuisse
1325 5482 1634 5559 _principes
1653 5497 1731 5559 ac

78 5551 480 5626 duces'scribit
502 5551 836 5612 Bruschius
856 5555 928 5611 de
949 5551 1730 5626 monasterioAKaysersheim

78 5624 138 5700 ab
164 5626 310 5700 ipsis
329 5629 621 5687 fundato.
649 5627 813 5684 Certe
842 5626 1050 5700 axillis
1070 5623 1466 5680 Theobalduin
1501 5630 1556 5679 et
1586 5626 1731 5700 Plen-

80 5696 245 5782 ricu'm
278 5702 489 5782 inhhac
546 5714 761 5782 pugna.
781 5698 1120 5782 occubuisse
1168 5700 1415 5782 testatur
1444 5696 1732 5782 annalists.

78 5766 231 5845 Saxo,
253 5778 312 5829 et
327 5766 683 5845 Cbronicph
709 5770 1207 5845 Magdeburgense
1227 5767 1507 5845 (Marsum:
1525 5770 1727 5845 ᾷονίρι.

78 5842 113 5905 ι.
141 5837 295 5926 Πίρ.
327 5845 491 5927 313>;
511 5840 627 5925 qui
647 5840 698 5903 is
726 5837 854 5919 ips'e
876 5837 1192 5923 Diepdldus
1214 5837 1472 5902 marchio
1493 5837 1588 5902 hic
1608 5837 1732 5905 uie-

1842 4822 1912 4862 ex
1957 4820 2070 4861 aere
2103 4803 2236 4858 fusa
2279 4806 2454 4873 atque
2480 4802 2757 4857 deaurata
2802 4816 2977 4873 super
3025 4798 3325 4856 tumulum
3357 4799 3488 4871 ejus

1844 4986 2106 5039 moratus
2135 4996 2263 5038 esse
2291 4979 2539 5036 videtur.

1851 5102 1856 5108 .
1912 5054 2056 5125 (851)
2092 5051 2448 5125 ln‘margine
2473 5052 2846 5125 (apponitur:
2878 5075 2937 5125 Au
2972 5050 3492 5125 Tertium_bellum

1843 5122 1952 5182 fuit
1979 5122 2131 5197 apud
2157 5122 2625 5197 Madilrichistat,
2644 5124 2703 5179 in
2728 5140 2842 5197 quo
2874 5123 3085 5197 iterum
3118 5140 3217 5197 rex
3234 5123 3493 5179 Ruodol-

1842 5198 1935 5253 fus
1963 5194 2150 5253 victor
2170 5211 2304 5250 cum
2336 5194 2665 5250 Saxonibus
2696 5194 2940 5261 exstitit,
2963 5194 3271 5250 Heinricus
3296 5200 3493 5253 autem

1842 5268 2011 5324 fugit.
2048 5289 2078 5317 η

2254 5352 2433 5416 supra
2462 5334 2504 5416 §_
2524 5337 2612 5403 27,
2647 5340 2872 5416 spectat
2895 5337 2970 5416 ad
2994 5355 3095 5416 _a_n.
3130 5335 3305 5416 4084.

1914 5403 2063 5483 (853)
2094 5410 2239 5483 Rem
2296 5403 2423 5463 fuse
2466 5403 2751 5483 describit
2780 5408 3126 5464 Bertholdus
3155 5404 3376 5483 auﬂctior
3403 5403 3479 5459 ad

1842 5477 1937 5538 an'.
1971 5477 2110 5535 1076
2130 5480 2225 5535 ubi
2253 5483 2446 5534 tamen
2470 5478 2744 5535 facinoris
2762 5483 3054 5535 auctorem
3078 5493 3188 5532 non
3206 5477 3483 5530 Crescen-

1840 5555 2012 5619 tium,
2047 5552 2146 5608 sed
2180 5550 2481 5615 Quintium
2515 5566 2615 5605 seu
2651 5550 2911 5606 Cincium
2946 5547 3221 5604 nominat.

1913 5610 2059 5695 (854)
2092 5610 2263 5695 Non].
2296 5623 2385 5695 27.
2572 5622 2884 5695 (Berthgolrii
2920 5620 3247 5695 ChronLnn:
3302 5610 3462 5695 48842

1913 5684 2059 5767 (855)
2092 5696 2169 5750 De
2199 5694 2307 5767 h_oc
2338 5692 2625 5767 Rudolplii
2656 5693 2805 5767 regis
2826 5690 3059 5767 consilio
3082 5684 3247 5767 sile‘nt
3271 5684 3465 5741 caeteri

1841 5755 2153 5843 scriptores
2174 5765 2245 5825 ad
2278 5782 2373 5823 an.
2407 5755 2563 5833 4080,
2597 5755 2862 5840 quo'haac
2895 5762 3038 5817 facta
3067 5755 3214 5817 sunt.
