3894 6350
149 418 271 489 38‘!

153 556 540 630 abstulerunt,
565 563 620 617 et
649 559 996 619 illanoctein
1013 563 1217 620 eodem
1231 582 1434 638 campo
1451 566 1602 622 inter
1622 567 1787 623 cada-
1817 569 1874 634 Α

151 663 287 704 vera
315 648 641 706 occisorum
671 655 863 708 castra
891 653 1088 708 metati
1119 657 1275 720 sunt,
1309 654 1518 710 deinde
1539 656 1611 711 ad
1635 656 1789 712 obsi-

152 735 388 794 dionem
410 743 784 809 revertentes,
817 739 1110 797 civitatem
1145 743 1270 798 sine
1302 742 1585 816 sanguine
1625 761 1790 818 cepe-

153 829 315 882 runt.

823 934 1115 1004 §xxx1x.

220 1046 404 1120 Igitur
433 1048 823 1106 Herimannus
854 1068 952 1107 rex
981 1053 1127 1123 (863)
1160 1069 1294 1109 cum
1325 1053 1384 1109 in
1444 1053 1790 1110 Alemannia

151 1143 628 1205 commoraretur,
661 1144 718 1194 et
748 1141 938 1212 regios
971 1149 1244 1214 sumptus
1280 1161 1391 1198 non
1417 1144 1676 1208 haberet,
1727 1148 1790 1198 ut

151 1227 475 1284 secundum
507 1227 724 1300 regiam
756 1229 1096 1301 dignitatem
1129 1235 1457 1288 conversari
1482 1235 1786 1305 potuisset,

149 1330 214 1370 eo
244 1315 399 1387 quod
431 1315 632 1372 nullus
661 1318 1062 1390 episcoporum
1095 1321 1144 1374 ei
1177 1323 1386 1391 subjici
1409 1323 1596 1389 vellet,
1621 1323 1785 1376 deve-

147 1401 233 1460 nit
251 1403 653 1462 Constantiam
683 1407 975 1462 civitatem
989 1414 1043 1463 et
1063 1409 1283 1480 aliquot
1300 1412 1504 1466 diebus
1524 1411 1599 1465 ibi
1630 1428 1788 1464 man-

147 1491 224 1550 sit
245 1492 410 1560 ;inde
433 1494 702 1552 Rhenum
719 1497 1006 1562 transivit,
1034 1503 1090 1552 et
1119 1499 1173 1552 in
1199 1501 1553 1555 monasterio
1581 1500 1788 1554 Petriso

147 1577 391 1640 husensi
423 1583 542 1640 fere
571 1585 964 1656 septimanam
995 1589 1302 1659 transegit.
1368 1589 1572 1643 Postea
1617 1594 1788 1643 Saxo-

146 1669 304 1728 niem
329 1673 824 1743 perrexit,et,cum
851 1675 1106 1747 quodam
1129 1681 1388 1748 tempore
1403 1679 1572 1747 juxta
1588 1679 1788 1734 castel-

144 1757 267 1818 lum
297 1761 593 1832 quoddam
615 1763 912 1830 transiret,
948 1781 1100 1819 unus
1131 1765 1202 1820 ab
1234 1781 1364 1820 arce
1389 1765 1624 1821 fortuito
1645 1784 1783 1822 casu

145 1848 517 1920 unmjecit,
551 1866 862 1923 regemque
892 1851 1189 1924 inopinato
1231 1853 1346 1908 ictu
1377 1853 1436 1908 in
1455 1855 1641 1926 capite
1655 1872 1783 1926 per-

141 1935 348 2005 cussit,
381 1953 451 1995 ex
479 1955 596 2010 quo
619 1956 735 1996 non
765 1946 897 2012 post
930 1940 1181 1996 multum
1212 1941 1390 1998 vitam
1423 1942 1628 1999 finivit.

873 2076 900 2140 §
933 2073 1043 2129 XL.

210 2177 432 2252 Deinde
458 2181 590 2250 post
619 2195 719 2234 sex
758 2179 939 2235 ferme
997 2198 1180 2235 annos
1240 2183 1390 2252 (864)
1439 2182 1783 2240 Cuonradus

145 2264 296 2323 ﬁlius
319 2249 578 2322 Ileinrici
612 2268 764 2340 regis
786 2268 989 2340 patris,
1018 2269 1216 2341 utipse
1234 2249 1540 2338 fatebatur,
1565 2273 1783 2329 scelera

144 2354 371 2430 fugiens
403 2356 476 2411 ad
509 2355 735 2412 Italiam
767 2357 1054 2426 transivit,
1089 2359 1286 2430 ibique
1315 2377 1500 2431 pauco
1523 2366 1782 2433 tempore

144 2444 420 2518 regnavit,
451 2447 507 2501 et
535 2461 752 2501 veneno
783 2447 960 2504 vitam
995 2448 1180 2502 finivit
1223 2455 1396 2522 atque
1451 2451 1603 2522 apud
1656 2451 1780 2506 Flo-

142 2533 384 2592 rentiam
414 2533 707 2590 civitatem
729 2534 997 2608 sepultus
1036 2537 1305 2608 quiescit.

855 2673 881 2736 §
911 2670 1048 2726 XLI.

209 2792 343 2849 Post
373 2793 481 2848 has
512 2793 701 2849 varias
723 2793 931 2858 luctas,
965 2801 1021 2850 et
1053 2796 1269 2851 multas
1319 2797 1696 2864 calamitates,
1724 2803 1780 2852 et

145 2881 459 2940 immensas
490 2883 796 2955 sangumis
829 2885 1138 2940 effusiones
1161 2890 1216 2938 et
1247 2884 1530 2957 plurimas
1563 2887 1777 2942 anima-

144 2987 266 3026 rum
297 2969 674 3044 perditiones,
708 2971 1012 3028 Heinricus
1043 2974 1279 3028 demum
1317 2974 1479 3030 solus
1527 2975 1780 3030 obtinuit

143 3059 561 3127 monarchiam,
593 3076 797 3116 omnes
831 3077 976 3134 pene
999 3062 1289 3134 principes
1321 3061 1370 3118 ei
1397 3064 1774 3118 reconcilian-

142 3150 248 3217 tur,
278 3147 611 3223 legitimum
642 3148 1052 3222 imperatorem
1079 3153 1353 3206 fatentur.
1385 3153 1641 3208 Habebat
1675 3170 1775 3206 au-

143 3237 252 3294 tam
281 3254 515 3314 semper
543 3255 747 3295 omnes
769 3241 1025 3295 civitates
1044 3242 1241 3295 Rheno
1259 3241 1480 3294 flumini
1507 3243 1774 3310 adjacen-

1030 426 1481 496 GHRONIGON
1525 432 2240 500 PETERSHUSANUM.
2276 468 2354 485 —
2385 437 2535 502 LIB.
2581 437 2663 502 II.

3420 421 3540 499 338

2573 573 2621 628 33
2647 573 2838 628 XLIII.

2037 660 2106 714 De
2134 661 2446 734 Hirsaugia,
2477 665 2528 718 et
2557 570 2872 746 dabit:ng
2903 660 2978 717 III
3006 655 3410 716 Constantiensi

2592 749 2854 805 epzscopo.

1971 838 2049 893 Ea
2072 843 2414 910 tempestate
2444 840 2726 912 spiritalis
2771 839 3092 912 disciplinae
3145 839 3320 894 ardor
3362 851 3536 909 quam

1900 927 2152 983 maxime
2183 929 2434 985 fervebat
2464 930 2618 1002 apud
2653 929 3077 984 monasterium
3107 927 3263 999 quod
3301 925 3538 1004 _dicitur

1898 1014 2230 1086 Hirsaugia,
2255 1021 2311 1072 et
2332 1016 2501 1072 multi
2524 1022 2644 1072 tam
2668 1017 2950 1073 nobilium
2978 1033 3156 1088 quam
3185 1014 3533 1088 ignobilium
3606 1043 3626 1068 .

1898 1101 2237 1160 clericorum
2259 1105 2628 1172 etlaicorum,
2657 1107 2755 1162 sed
2785 1110 2841 1161 et
2865 1105 3285 1160 monachorum
3311 1106 3382 1160 de
3403 1102 3535 1160 aliis

1895 1192 2042 1248 locis
2072 1193 2206 1249 illuc
2237 1196 2626 1260 confluebant,
2657 1200 2711 1250 et
2740 1197 2810 1250 de
2838 1195 3090 1267 procella
3118 1193 3532 1260 anathematis,

1898 1298 2024 1353 qure
2057 1286 2194 1337 tunc
2229 1285 2419 1338 navim
2444 1284 2703 1339 Ecclesire
2743 1285 3118 1340 vehementer
3147 1282 3527 1355 impingebat,

1899 1371 2066 1441 quasi
2095 1371 2164 1425 de
2179 1374 2432 1427 maximo
2449 1373 2746 1444 naufragio
2763 1371 3254 1444 emergentesillic
3269 1371 3436 1444 quasi
3457 1371 3528 1427 ad

1896 1464 2129 1530 portum
2149 1461 2912 1532 confugiebant,etquietem
2930 1465 3136 1533 optata:
3152 1461 3354 1516 salutis
3375 1460 3532 1516 sein-

1893 1547 2122 1604 venisse
2153 1550 2507 1621 gaudebant.
2533 1553 2684 1605 Inter
2700 1567 2845 1622 quos
2867 1550 3242 1606 Gebehardus
3259 1549 3345 1604 vir
3369 1549 3530 1604 nobi-

1895 1635 2180 1705 lissimus,
2215 1640 2422 1694 lratrer
2452 1639 2746 1694 Bertholdi
2778 1639 2825 1694 Il
2848 1639 3014 1695 ducis
3036 1638 3408 1710 deZaringin,
3432 1637 3533 1710 qui

1894 1726 2238 1798 praepositus
2259 1731 2378 1782 erat
2396 1729 2550 1796 apud
2574 1727 2846 1795 Xantum,
2875 1729 3174 1783 mundana
3198 1726 3534 1798 relinquens

1893 1815 1964 1868 ad
1990 1815 2115 1884 jam
2148 1815 2368 1870 dictum
2400 1833 2461 1871 se
2493 1815 2740 1872 contulit
2799 1816 3222 1872 monasterium
3267 1815 3435 1886 (865),
3478 1818 3536 1870 et

1893 1900 2043 1956 sicut
2061 1903 2321 1958 habitum
2347 1909 2670 1960 mutaverat
2692 1905 2762 1960 ad
2787 1905 3125 1977 religiosum
3140 1904 3530 1976 propositum,

1893 1990 1971 2044 ita
2001 1992 2246 2064 arripuit
2277 1997 2334 2048 et
2359 1993 2703 2065 dignitatem
2730 2011 2977 2050 morum.

2589 2087 2616 2150 §
2647 2083 2830 2139 XLIV.

1966 2168 2146 2238 Igitur
2175 2187 2306 2224 cum
2338 2186 2406 2225 ex
2439 2171 2720 2242 legatione
2741 2171 3058 2244 apostolica
3078 2171 3208 2226 Otto
3237 2169 3527 2226 Ostiensis

1893 2257 2039 2327 (86(3)
2071 2259 2379 2330 episcopus
2411 2260 2758 2316 Constantia:
2775 2261 3122 2326 advenisset,
3139 2259 3399 2331 etipsam
3423 2260 3526 2314 Ec-

1892 2345 2130 2401 clesiam
2155 2354 2383 2419 pastore
2399 2349 2694 2404 viduatam
2721 2355 2954 2420 propter
2975 2349 3414 2409 damnationem
3435 2348 3530 2403 Ot-

1891 2435 2045 2490 tonis
2077 2437 2175 2507 qui
2210 2437 2285 2490 ibi
2317 2437 2626 2508 episcopus
2687 2437 2892 2504 fuerat,
2938 2437 3273 2504 invenisset,
3325 2435 3533 2491 habuit

1891 2523 2204 2578 consilium
2226 2524 2644 2582 venerabilium
2671 2526 2906 2581 Patrum
2929 2529 2986 2581 et
3008 2525 3411 2598 religiosorum
3437 2541 3531 2580 ca-

1890 2611 2263 2679 tholicorum,
2289 2613 2541 2685 qualiter
2555 2615 2817 2685 ejusdem
2837 2613 3104 2670 Ecclesiae
3125 2612 3531 2687 gubernationi

1889 2701 2040 2756 843
2075 2701 2415 2772 provideret.
2449 2703 2660 2759 Aderat
2681 2707 2818 2757 tunc
2844 2704 2987 2758 forte
3011 2702 3409 2758 Willihelmus
3431 2702 3530 2756 ab-

1888 2789 1993 2844 bas
2025 2790 2480 2861 Hirsaugiensis,
2507 2791 2613 2858 vir,
2650 2791 2914 2863 inquam,
2950 2795 3149 2846 Deo'et
3187 2790 3528 2846 hominibus

1889 2883 2178 2950 acceptus,
2215 2879 2353 2950 quia
2382 2884 2505 2935 erat
2536 2879 2744 2934 litteris
2776 2881 3038 2952 apprime
3068 2879 3332 2934 eruditus
3361 2883 3418 2934 et
3464 2878 3526 2932 in

1888 2967 2138 3038 regulari
2167 2966 2474 3038 disciplina
2492 2968 2934 3035 studiossimus,
2958 2967 3220 3033 humilis,
3254 2982 3529 3022 mansue-

1887 3058 2003 3122 tus,
2035 3056 2237 3110 mundi
2261 3062 2646 3128 contemptor,
2681 3057 3104 3112 monachorum
3119 3061 3175 3112 et
3193 3057 3372 3112 totius
3393 3072 3528 3110 san-

1887 3144 2174 3200 ctimonia:
2207 3149 2432 3200 amator
2460 3145 2972 3216 diligentissimus.

2591 3238 2618 3302 ξ
2648 3235 2814 3290 XLV.

142 3329 224 3383 tes
251 3305 516 3402 aliasque
536 3332 803 3400 potentes
829 3334 882 3385 et
907 3305 1654 3400 metrOpoliunascivilates
1680 3331 1773 3384 Γω-
1807 3305 1849 3370 C
1960 3323 2061 3376 Hic
2109 3339 2243 3377 cum
2298 3325 2605 3378 conventui
2665 3324 2973 3380 interesset
3021 3328 3076 3378 et
3120 3323 3520 3394 supradictum

143 3414 402 3487 deratas;
438 3421 539 3477 sed
575 3419 726 3478 ³42
759 3423 814 3474 et
846 3418 1104 3490 plerique
1133 3420 1538 3490 episcoporum
1587 3419 1636 3474 ci
1699 3419 1776 3473 ita

143 3511 297 3562 erant
327 3509 570 3566 connexi
605 3512 667 3564 ut
699 3507 859 3564 nulla
891 3507 1111 3563 ratione
1143 3508 1214 3562 ab
1243 3525 1306 3562 co
1342 3508 1772 3578 potuissentdi-

143 3592 286 3651 velli.
317 3597 382 3652 In
415 3598 632 3671 quibus
663 3596 792 3653 Otto
825 3596 1289 3652 Conslantiensis
1311 3597 1618 3668 episcopus
1641 3613 1773 3650 cum

136 3679 484 3760 iuramenta,
513 3703 640 3760 quas
663 3686 711 3742 ei
727 3685 1048 3757 juravorat,
1071 3684 1408 3740 nullatenus
1429 3686 1528 3755 exj
1544 3685 1776 3740 ussione

126 3759 873 3846 Ietauctoritateapostolica
893 3771 1210 3845 infringere
1235 3773 1461 3839 vellet,a
1489 3772 1777 3845 religiosis

143 3852 436 3924 catholicis
467 3861 810 3936 repudiatus
841 3866 948 3918 est.

850 3998 877 4061 §
903 3995 1066 4051 XLII.

207 4121 371 4178 Anno
403 4120 478 4176 ab
507 4119 794 4176 incarnat.
822 4136 1048 4173 MLxxxv
1071 4119 1382 4190 Gregorius
1410 4137 1577 4191 papa,
1601 4121 1699 4191 qui
1723 4127 1780 4176 et

143 4207 570 4276 Hiltibrandus,
601 4225 735 4264 cum
766 4213 920 4263 esset
951 4206 1174 4263 Salerni
1203 4207 1385 4274 exsul,
1423 4207 1659 4263 collecta
1682 4227 1779 4281 sy-

147 4298 288 4362 nodo
314 4299 529 4354 iterum
563 4297 912 4352 sententiam
939 4295 1332 4350 anathematis
1365 4296 1421 4349 in
1451 4297 1779 4367 Wipertum

147 4385 604 4454 schismaticum,
641 4389 698 4441 et
727 4385 1061 4441 Heinricum
1079 4399 1269 4455 regem
1294 4384 1512 4438 dictum
1537 4385 1661 4440 etin
1685 4403 1777 4440 eo-

147 4487 269 4530 rum
298 4473 560 4530 fantores
582 4471 992 4546 promulgavit.
1028 4471 1186 4526 Hanc
1217 4472 1565 4527 sententiam
1606 4473 1776 4546 legati

145 4562 298 4620 sedis
323 4561 959 4635 apostolicae,videlicet
972 4565 1176 4615 Petrus
1193 4560 1540 4616 Albanensis
1563 4562 1780 4633 episco-

1887 3411 2288 3466 Gebehardum
2321 3428 2519 3466 secum
2553 3411 2810 3478 haberet,
2845 3416 3090 3466 tractare
3123 3415 3425 3482 cmperunt
3454 3412 3526 3468 de

1885 3500 2151 3571 eligendo
2175 3500 2442 3571 episcopo
2464 3499 2766 3566 catholico,
2792 3501 3067 3571 quoniam
3107 3517 3240 3572 spes
3265 3517 3376 3554 non
3401 3505 3528 3556 erat

1887 3590 1956 3644 de
1979 3589 2183 3643 Ottone
2207 3589 2668 3643 damnato.Inter
2693 3587 3526 3660 hujusmodicolloquiaGebe-

1886 3677 2107 3732 bardus
2138 3677 2460 3731 monachus
2493 3682 2644 3732 retro
2678 3677 2857 3732 altare
2885 3678 2944 3732 B.
2980 3677 3531 3747 Marizesecesserat,

1887 3765 2083 3836 ibique
2115 3765 2475 3821 orationibus
2507 3767 2789 3821 secretius
2820 3767 3081 3820 vacabat.
3117 3767 3264 3830 Quid
3305 3765 3527 3821 multa!

1888 3855 2170 3910 Eumdem
2185 3855 2592 3910 Gebehardum
2614 3855 2951 3927 episcopum
2975 3855 3400 3910 Constantiensi
3423 3855 3532 3910 Ec-

1889 3944 2076 3998 clesiae
2109 3944 2350 4015 eligunt,
2385 3949 2440 3999 et
2471 3949 2599 4016 post
2621 3945 2884 3999 omnium
2915 3944 3380 4011 unanimitatem,
3402 3943 3530 4014 ipso

1891 4050 2011 4088 rem
2046 4032 2624 4104 prorsusignorante,
2657 4033 2939 4088 accedunt
2967 4033 3038 4087 ad
3071 4048 3205 4086 eum
3237 4035 3292 4086 et
3322 4031 3530 4086 dicunt

1891 4122 2030 4192 quia
2052 4122 2142 4175 Dei
2167 4121 2495 4192 gratia,hzec
2516 4121 2770 4176 Ecclesia
2795 4126 2846 4176 te
2869 4121 2976 4176 sibi
3005 4121 3344 4192 episcopum
3359 4119 3534 4190 elegit

1891 4209 2082 4266 hodie.
2103 4211 2222 4274 Quo
2247 4211 2442 4266 audito
2466 4210 2705 4282 spiritus
2727 4211 2854 4279 ejus
2877 4210 3114 4281 elapsus
3134 4213 3243 4276 est,
3268 4209 3352 4264 ita
3380 4209 3530 4264 utin

1891 4303 2105 4354 terram
2137 4317 2432 4368 corruens,
2465 4299 2631 4370 quasi
2654 4300 3182 4368 mortuusjaceret.
3209 4299 3530 4369 Resumpto

1891 4392 2085 4442 tamen
2120 4387 2329 4458 spiritu
2353 4386 2600 4442 invitum
2624 4404 2753 4442 eum
2782 4387 2914 4441 fecit
2944 4387 3074 4457 ipsa
3095 4388 3208 4451 die,
3229 4385 3338 4440 hoc
3360 4391 3448 4440 est
3471 4386 3530 4440 in

1893 4476 2201 4531 festivitate
2219 4477 2273 4530 S.
2310 4477 2567 4542 Thomas,
2602 4477 3002 4547 presbyterum
3033 4481 3087 4530 et
3142 4473 3399 4530 crastina
3439 4475 3532 4529 die

1891 4565 2182 4619 ordinavit
2211 4564 2547 4636 episcopum
2571 4564 2736 4634 (867).
2761 4567 2892 4618 Otto
2923 4581 3055 4618 vero
3087 4561 3367 4632 depulsus
3401 4577 3528 4632 pos-

149 4666 254 4723 pus
295 4651 353 4708 in
387 4650 653 4707 Francia.
687 4651 822 4706 Otto
853 4650 1140 4706 Ostiensis
1197 4651 1528 4722 episcopus,
1581 4657 1781 4723 postea
1813 4672 1859 4736 D
1891 4653 2210 4708 sessionem
2249 4653 2510 4722 ejusdem
2542 4652 2830 4716 Ecclesiae,
2865 4669 2991 4724 qua:
3019 4651 3234 4706 dicitur
3261 4649 3533 4706 Colmhra

147 4755 271 4797 vero
301 4757 476 4815 papa,
497 4739 558 4797 in
580 4737 1236 4797 terraTheutonicorum
1261 4756 1680 4812 usquequaque
1703 4740 1782 4796 di-

149 4825 542 4903 vulgaverant.

234 5007 359 5089 86_3)
388 5006 656 5089 Speciala
685 5006 780 5089 hic
804 5007 874 5062 de
899 5005 1125 5089 ultimis
1146 5007 1462 5089 Hermanni
1487 5009 1645 5089 regis
1657 5008 1790 5089 fatis

150 5075 316 5151 habet
343 5075 600 5151 scriptor
630 5083 849 5151 noster,
881 5095 1012 5150 quae
1033 5081 1260 5151 desunt
1285 5078 1347 5151 in
1378 5075 1686 5133 Bertholdo
1719 5081 1790 5134 ad

153 5163 200 5222 |_.
225 5149 365 5206 4088
395 5149 670 5222 addenda
700 5149 836 5217 illis,
871 5149 998 5222 quas
1031 5149 1208 5204 habet
1231 5149 1422 5204 Callcs
1452 5151 1660 5205 Annal.
1690 5151 1788 5206 Ec-

149 5217 363 5310 θιεὶεςηέι
386 5221 464 5310 ὶίι
491 5238 546 5310 ρ·
568 5222 675 5310 836
704 5237 868 5310 sese;

215 5293 365 5363 {364)
396 5291 618 5364 Nempe
647 5310 700 5348 a.
740 5291 873 5346 1093
899 5309 995 5359 ;ex
1027 5291 1441 5346 Berlholdoan.
1472 5291 1600 5344 1101
1631 5309 1790 5346 mor—

151 5361 298 5430 tuus,
332 5361 484 5419 teste
513 5361 720 5418 Ahnal.
750 5365 882 5418 Sex.

215 5433 360 5516 (8-65)
395 5434 757 5516 Trithemius
813 5433 1022 5516 Annal.
1060 5434 1330 5516 Hirsaug.
1367 5431 1438 5484 ad
1471 5449 1564 5516 an.
1591 5435 1787 5516 “198:3,

151 5501 240 5559 ubi
263 5501 464 5562 tamen
485 5506 887 5562 fundationem
907 5504 1320 5562 Petershusani
1343 5504 1567 5558 ownobi
1587 5503 1786 5571 iidem,

1894 4741 2062 4812 [868),
2097 4741 2260 4803 adiit,
2297 4741 2511 4813 ubique
2555 4758 2668 4796 uno
2726 4757 2868 4813 pene
2925 4758 3076 4796 anno
3136 4742 3534 4795 commoratus

1897 4831 2074 4885 vitam
2095 4829 2297 4907 ﬁnivit.

1897 5007 2162 5064 tribuens
2194 5007 2359 5062 illum
2392 5006 2541 5062 male
2563 5025 2698 5062 cum
2729 5009 3068 5064 Gebehardo
3115 5009 3160 5063 ll
3211 5005 3538 5062 confundit.

1901 5079 2174 5160 Xantum,
2200 5078 2298 5133 ubi
2329 5079 2675 5160 przepositus
2707 5085 2879 5160 antea
2919 5084 3102 5160 erat,“
3123 5079 3335 5160 Cliviae'
3369 5077 3536 5160 oppi-

1899 5151 2039 5205 dum
2068 5156 2154 5204 est
2173 5167 2306 5204 cum
2329 5149 2697 5222 insigniolim
2724 5151 2968 5206 ecclesia
2997 5150 3302 5222 collegiata
3325 5149 3381 5202 in
3405 5149 3538 5203 dite-

1900 5222 2016 5276 cesi
2039 5222 2386 5276 Coloniensi.
2515 5258 2523 5266 ς

1972 5295 2119 5357 (866)
2147 5293 2272 5346 Vid.
2310 5290 2599 5346 Bcrtholdi
2627 5293 2833 5348 Chron.
2873 5293 2943 5347 ad
2967 5310 3059 5346 an.
3096 5292 3247 5345 10811.

1974 5367 2117 5422 (ΜΠ)
2149 5366 2229 5438 lla
2259 5368 2322 5438 et
2349 5364 2817 5438 Bertholdusan.
2854 5365 2986 5438 {(7)785
3014 5381 3026 5425 ;
3063 5365 3212 5438 unde
3237 5359 3534 5438 corrigen-

1899 5435 2011 5488 dus
2033 5443 2118 5488 est
2153 5436 2423 5497 Manlius,
2451 5435 2548 5504 qui
2582 5435 2638 5488 iil
2675 5436 2767 5488 die
2807 5437 2866 5489 l3
2897 5437 3026 5490 Dec.
3057 5435 3268 5507 factum
3292 5428 3526 5507 scribit.

1968 5508 2116 5575 (865)
2145 5512 2276 5561 Utto
2307 5503 2608 5578 depoSItus
2640 5509 2924 5576 sequente
2952 5520 3100 5560 anno
3133 5503 3258 5554 10δῦ
3288 5503 3346 5550 in
3384 5511 3524 5549 con-

2636 5631 2692 5686 Ι-
