3894 6358
134 419 245 494 8M

1002 419 1446 495 CHRONICON
1494 420 2212 490 PETERSHUSANUM.
2237 454 2315 467 -—
2343 422 2490 486 LIB.
2536 421 2641 493 III.

3399 426 3519 505 342

132 560 200 619 ad
230 556 648 619 monasterium
680 563 1002 629 revocatus,
1036 578 1101 619 ac
1130 560 1287 634 prior
1316 561 1493 616 totius
1522 574 1758 630 congre-
1790 555 1845 623 Α
1875 555 2147 611 omnibus
2178 558 2692 614 accommodando.
2724 560 2808 615 Ad
2859 556 2967 617 hoc
3005 562 3309 623 accedebat
3357 567 3515 640 quod

132 649 378 726 gationis
399 650 724 726 appellatus
747 654 981 709 strenue
1003 668 1104 725 per
1117 650 1352 725 aliquod
1372 654 1604 723 tempus
1623 664 1763 724 prae-
1780 686 1799 697 ς

132 739 257 797 fuit.
301 831 329 899 §
359 830 453 885 Vl.
488 830 758 900 Quomodo
799 831 1145 888 Theodoricus
1175 829 1460 886 ordinatus
1489 832 1583 884 est.

197 937 360 995 Anno
389 938 461 994 ab
492 936 893 995 incarnatione
923 937 1149 993 Domini
1184 955 1433 993 MLXXXVI
1477 934 1763 992 Gebehar-

133 1026 239 1083 dus
262 1026 470 1083 tertius
501 1028 766 1098 ejusdem
800 1028 1053 1082 nominis
1097 1025 1555 1082 Constantiensis
1606 1040 1765 1080 reve—

130 1116 343 1172 rendus
373 1116 703 1189 episcopus,
764 1116 991 1171 eximiis
1042 1116 1309 1188 precibus
1361 1114 1691 1185 impetravit
1734 1130 1767 1167 a

130 1203 482 1263 Willihelmo
513 1206 655 1261 divae
688 1206 979 1260 memoriae
1015 1204 1408 1276 Ilirsaugiensi
1441 1204 1668 1270 abbate,
1703 1206 1767 1255 ut

126 1293 511 1350 venerabilem
558 1294 747 1350 virum
808 1294 1233 1349 Theodericum
1303 1292 1657 1348 monasterio
1704 1292 1761 1345 S.

129 1382 404 1455 Gregorii,
438 1384 591 1455 quod
620 1384 833 1439 dicitur
863 1385 1080 1438 Domus
1116 1384 1283 1449 Petri,
1318 1382 1763 1453 dirigeret,qua-

126 1474 293 1537 tenus
315 1470 502 1527 eidem
529 1475 803 1544 praeesset
830 1477 886 1527 et
916 1472 1236 1543 regularem
1270 1474 1444 1525 vitam
1477 1471 1762 1540 inibijux-

126 1563 184 1616 ta
210 1576 473 1617 normam
506 1562 596 1616 sui
647 1562 986 1617 monasterii
1036 1561 1385 1616 institueret.
1438 1561 1597 1625 Quod
1632 1575 1763 1613 cum

126 1648 492 1721 impetrasset
524 1654 580 1706 et
607 1650 761 1707 idem
793 1651 1188 1706 Theodoricus
1240 1650 1624 1704 transmissus
1664 1636 1767 1701 ad?

124 1738 397 1807 venisset,
424 1756 494 1796 ex
523 1739 790 1795 concordi
814 1740 1089 1813 petitione
1121 1740 1383 1795 omnium
1408 1739 1648 1793 fratrum
1673 1754 1762 1790 ore

124 1826 345 1885 dinavit
372 1844 506 1884 eum
529 1829 652 1901 jam
686 1830 876 1884 dictus
908 1829 1216 1901 episcopus
1264 1828 1533 1882 abbatem
1576 1826 1762 1880 eidem

1878 645 2151 702 omnibus
2182 646 2359 701 nimis
2389 652 2511 703 erat
2533 647 2732 722 largus
2760 654 2815 707 et
2845 651 3080 709 sibimet
3124 653 3238 727 ipsi
3271 672 3515 728 parcus;

1878 752 2014 791 nam
2045 753 2255 809 corpus
2286 738 2719 809 suumjejuniis
2742 740 2942 797 nimiis
2965 745 3515 813 attenuabat,omni-

1875 826 1986 880 bus
2019 830 2212 881 autem
2247 844 2441 882 secum
2476 830 2869 902 manentibus,
2904 833 3003 887 sed
3057 838 3114 889 et
3164 836 3519 891 adventanti-

1874 914 2005 983 bus,
2035 932 2265 971 omnem
2309 918 2725 973 abundantiam
2785 920 3101 978 tribuebat.
3136 924 3296 980 Unde
3345 925 3517 981 etiam

1876 1020 2105 1076 semper
2135 1005 2191 1060 in
2220 1006 2469 1060 maximo
2502 1024 2713 1079 angore
2765 1014 2890 1065 erat
2942 1012 3190 1082 positus,
3234 1014 3512 1085 quoniam

1876 1094 2146 1148 maximis
2176 1095 2385 1149 debitis
2409 1097 2630 1167 jugiter
2688 1102 2812 1153 erat
2859 1100 3174 1157 astrictus:
3228 1107 3514 1174 attamen,

1875 1182 2151 1253 quoniam
2188 1184 2244 1237 in
2277 1184 2519 1238 Domino
2552 1187 2839 1257 sperabat,
2874 1188 2995 1262 ipse
3046 1189 3197 1245 facili
3247 1190 3514 1266 largitate

1875 1277 2085 1325 cuncta
2117 1272 2413 1325 reddebat.

2632 1364 2750 1436 §x.

1945 1452 2109 1503 Anno
2142 1450 2211 1503 ab
2245 1448 2525 1505 incarnat.
2559 1452 2701 1507 Dom
2726 1470 2905 1519 mxcn,
2929 1458 3275 1515 venerabilis
3306 1460 3507 1516 abbas.

1875 1538 2264 1593 Theodoricus
2296 1540 2577 1611 capellam
2616 1542 2672 1595 in
2715 1544 3036 1600 meridiana
3061 1546 3231 1619 plaga
3262 1548 3511 1604 basilicas

1875 1645 2042 1683 secus
2074 1629 2473 1684 sanctuarium
2510 1630 2564 1684 in
2600 1632 2754 1687 edito
2813 1636 3136 1690 construxit
3185 1637 3241 1691 in
3297 1637 3516 1693 honore

1875 1717 1932 1772 S.
1967 1717 2251 1773 Uodalrici
2284 1719 2560 1792 episcopi,
2596 1726 2651 1775 et
2673 1722 2731 1776 S.
2767 1722 3006 1791 Nicolai,
3043 1729 3099 1780 et
3138 1725 3195 1781 S.
3228 1726 3395 1794 Afrm,
3429 1730 3513 1781 at-

1874 1823 1985 1877 que
2014 1808 2109 1861 SS.
2141 1808 2384 1863 Joannis
2414 1814 2471 1864 et
2503 1810 2680 1879 Pauli,
2716 1829 2769 1865 VI
2800 1812 2925 1867 Kal.
2959 1814 3096 1869 Julii
3140 1815 3393 1871 dedicari
3429 1816 3507 1871 fe-

124 1918 479 1973 monasterio
508 1895 569 1973 in
596 1895 983 1974 festivitateS.
1018 1895 1289 1973 Barnabas:
1322 1915 1568 1988 apostoli
1590 1917 1725 1986 (H72

1929 1900 1969 1950 t.
2004 1895 2310 1951 Collocavit
2339 1902 2531 1953 autem
2565 1898 2645 1953 ibi
2676 1900 2955 1972 reliquias
2986 1908 3343 1959 sanctorum.
3388 1946 3399 1960 .
3444 1946 3457 1960 .
3496 1944 3508 1959 .

122 2024 375 2079 eumque
406 2005 625 2074 dilexit,
660 2007 798 2063 fovit
827 2013 902 2076 et,
959 2009 1015 2062 in
1076 2008 1528 2080 quibuscunque
1574 2004 1762 2077 potuit

122 2097 170 2154 ei
198 2113 433 2170 semper
460 2096 666 2153 solatio
695 2097 822 2153 fuit.

849 2207 876 2271 δ
914 2204 1033 2258 νιι.

185 2293 506 2349 Ordinatus
528 2296 724 2348 autem
747 2294 903 2347 omni
931 2292 1293 2363 religiositati
1318 2307 1554 2363 operam
1580 2290 1758 2356 dedit,

121 2385 174 2438 et
200 2382 431 2439 animas
459 2387 515 2437 et
531 2398 773 2453 corpora
793 2382 1162 2437 subditorum
1188 2382 1345 2437 omni
1370 2379 1762 2435 sollicitudine

120 2472 468 2545 procuravit,
496 2488 728 2526 summa
758 2470 1068 2543 disciplina
1098 2472 1334 2526 eosdem
1354 2469 1762 2535 educavit,nu-

118 2576 343 2617 merum
366 2560 788 2632 discipulorum
821 2559 1229 2631 multiplicavit
1285 2560 1364 2613 ita
1416 2563 1479 2612 ut
1511 2559 1568 2611 in
1603 2557 1759 2610 brevi

117 2648 432 2724 plusquam
463 2649 849 2721 quadraginta
880 2648 1195 2703 monachos
1221 2652 1277 2702 et
1308 2647 1559 2718 amplius
1582 2662 1757 2716 quam

117 2737 546 2812 quinquaginta
573 2738 847 2792 barbatos
879 2738 1085 2792 fratres
1117 2737 1373 2801 haberet,
1398 2734 1611 2807 quibus
1643 2751 1759 2789 om-

119 2844 245 2886 nem
300 2826 725 2885 abundantiam
775 2827 962 2881 victus
1021 2831 1076 2881 et
1136 2825 1379 2880 vestitus
1430 2824 1635 2878 tribuit
1664 2838 1757 2878 eo-

116 2933 364 2990 rumque
392 2916 569 2972 vitam
592 2916 651 2972 in
684 2932 897 2987 magna
919 2914 1276 2971 districtione
1316 2913 1585 2969 coercuit.

886 3022 1025 3078 VIII.

886 3026 1025 3078 VIII.

178 3113 250 3170 Et
280 3112 424 3187 quia
453 3112 668 3168 chorus
698 3026 1063 3178 erat§brevis,
1096 3110 1373 3182 quoniam
1414 3110 1760 3181 gradus,per

115 3217 257 3274 quos
289 3203 353 3259 in
385 3202 789 3259 sanctuarium
824 3201 1268 3266 aseendebatur,
1290 3200 1480 3254 locum
1514 3216 1755 3269 occupa-

113 3293 269 3361 bant,
300 3291 524 3366 gradus
546 3290 823 3345 diminuit
853 3288 1134 3359 lapidum,
1178 3294 1233 3343 et
1283 3306 1591 3343 numerum
1627 3306 1751 3341 ani-
1787 3298 1829 3364 ρ

113 3381 314 3454 pliavit
333 3380 761 3445 eanentium,et
792 3378 1015 3450 lapides
1029 3378 1272 3433 abstulit
1289 3383 1461 3448 atque
1484 3377 1748 3431 homines

111 3487 209 3543 pro
234 3471 322 3526 eis
353 3470 416 3525 in
440 3469 630 3523 locum
653 3468 913 3540 ipsorum
945 3467 1284 3532 constituit;
1309 3467 1549 3521 chorum
1576 3466 1750 3537 quip-

112 3575 177 3632 pe
207 3558 547 3617 sanetuario
570 3574 714 3629 pene
735 3557 1070 3628 coaequavit,
1134 3572 1243 3610 uno
1294 3560 1522 3609 tantum
1568 3555 1749 3625 gradu

114 3648 451 3705 sanctuario
480 3647 971 3719 supereminente,
1004 3650 1179 3716 atque
1206 3646 1283 3698 ita
1314 3645 1368 3698 in
1405 3644 1579 3699 choro
1602 3648 1755 3697 stan-

111 3738 264 3797 tibus
294 3738 497 3795 locum
530 3736 836 3791 dilatavit..

891 3843 981 3897 1X.

180 3953 333 4010 84⁵1
354 3952 444 4009 De
469 3950 615 4023 ipsis
641 3953 839 4005 autem
863 3948 1138 4021 gradibus
1165 3964 1311 4019 quos
1342 3948 1411 4003 de
1424 3948 1596 4002 choro
1625 3964 1761 4002 sus-

108 4040 470 4111 tulerat,alia
490 4039 764 4112 deinceps
794 4038 1037 4094 aedificia
1068 4036 1759 4093 decoravit.Lavatorium

109 4131 325 4205 quippe
344 4128 612 4199 fecit,ubi
644 4132 868 4202 partem
887 4127 1226 4183 eorumdem
1254 4127 1545 4198 graduum
1569 4125 1763 4197 posuit

108 4223 162 4277 et
187 4219 528 4293 capitulum
550 4222 607 4273 et
635 4222 824 4273 totum
864 4217 923 4272 in
956 4216 1205 4271 circuitu
1253 4215 1547 4269 renovavit
1573 4214 1761 4269 claus-

110 4312 286 4367 trum.
319 4307 629 4365 Ambitum
661 4322 894 4379 quoque
928 4304 1083 4361 cellae
1146 4321 1313 4359 muro
1358 4303 1765 4359 circumdedit-

111 4398 208 4454 sed
231 4402 290 4456 et
312 4396 614 4471 porticum
636 4412 812 4469 super
831 4394 1162 4467 sepulturas
1181 4398 1613 4448 antecessorum
1633 4409 1765 4446 suo-

108 4502 237 4542 rum
261 4487 557 4543 abbatum
582 4484 874 4540 fecit.Hzec
893 4487 1085 4539 autem
1110 4482 1307 4537 omnia
1338 4486 1393 4536 et
1424 4481 1535 4535 alia
1555 4480 1767 4535 dehinc

108 4576 410 4633 narranda
443 4591 558 4630 non
580 4590 649 4629 ex
677 4573 1140 4639 redditibus,nex
1163 4588 1229 4627 ex
1251 4571 1468 4625 divitiis
1499 4570 1761 4640 ejusdem

107 4662 348 4736 loci,sed
361 4662 866 4722 exdonationibus
892 4659 1149 4717 fidelium
1168 4658 1761 4729 consummavit,quo-
1793 4668 1841 4732 ι)

108 4751 262 4810 niam
294 4757 543 4827 propter
570 4752 885 4808 novitatem
930 4752 1162 4807 mundae
1214 4750 1359 4817 vitae,
1409 4766 1533 4820 qua:
1579 4765 1761 4819 nuper

106 4840 165 4897 in
193 4843 379 4899 istam
403 4846 770 4914 processerat
796 4859 897 4913 per
953 4858 1086 4897 eum
1132 4839 1509 4912 provinciam,
1559 4854 1761 4892 omnes

106 4947 236 4989 eum
278 4930 635 4988 excolebant
660 4934 717 4986 et
747 4930 1027 4986 amabant
1073 4930 1273 5001 plures
1326 4928 1377 4983 ei
1436 4944 1497 4982 se
1542 4943 1764 4997 suaque

108 5020 415 5077 dedentes.
455 5019 566 5075 Sed
612 5023 670 5076 et
717 5018 1025 5091 episcopus
1069 5018 1536 5073 Constantiensis
1584 5017 1763 5072 Gebe-

107 5106 329 5166 hardus
383 5124 570 5181 quam
621 5107 874 5163 maxime
946 5124 1078 5163 eum
1129 5107 1374 5178 juvabat
1440 5106 1654 5176 dando,
1712 5109 1768 5159 et

110 5213 505 5271 quoscunque
535 5196 647 5252 sibi
672 5197 744 5252 ob
768 5195 969 5267 culpas
1001 5213 1140 5251 suas
1166 5194 1446 5250 obnoxios
1466 5198 1584 5249 tam
1610 5194 1770 5250 cleri-

111 5303 204 5345 cos
228 5304 419 5362 quam
453 5285 635 5341 laicos
666 5286 716 5341 ei
743 5285 1160 5341 committendo
1193 5288 1267 5351 et,
1300 5284 1573 5355 quoniam
1614 5282 1767 5337 idem

112 5379 278 5435 Pater
310 5374 616 5434 facundus
645 5378 770 5431 erat
798 5374 1018 5447 lingua,
1053 5390 1253 5429 aurem
1286 5371 1594 5443 benignam
1627 5371 1678 5426 ei
1708 5371 1769 5426 in

111 5537 341 5593 busano
376 5535 744 5591 monasterio
775 5535 1147 5605 donato,quze
1180 5532 1381 5587 eadem
1416 5532 1560 5605 forte
1592 5535 1677 5586 est
1706 5547 1771 5586 ac

113 5609 439 5674 Hasenaw,
478 5605 685 5680 cellam
716 5612 911 5680 tamen
942 5602 1209 5680 ibi'haud
1244 5602 1485 5680 reperio.
1526 5672 1534 5680 _
1565 5672 1575 5680 ‘
1648 5671 1677 5680 Α.

176 5672 592 5753 (872)_Incipit
620 5693 754 5753 ergo
772 5677 1063 5753 _regimen_
1093 5672 1437 5753 Theoderici
1457 5672 1711 5753 abbatis
1740 5691 1771 5727 a

114 5744 285 5811 die“
311 5744 612 5811 'Junfan.
659 5744 965 5820 1086;4"1uo
998 5748 1138 5805 adeo
1171 5745 1549 5805 Gebehardus
1583 5744 1770 5801 adhuc

1941 2094 2080 2149 Dein
2106 2099 2378 2165 sequente
2411 2112 2583 2161 anno,
2618 2096 2723 2152 hoc
2769 2102 2855 2153 est
2886 2098 3194 2155 Dominicze
3238 2100 3505 2158 incarna-

1870 2182 2047 2237 tionis
2080 2201 2275 2248 chm,
2302 2184 2502 2239 indict.
2538 2201 2575 2250 ι,
2612 2185 2742 2240 fecit
2774 2186 3052 2258 capellam
3084 2206 3153 2243 ex
3181 2190 3504 2261 aquilonari

1873 2278 2032 2343 parte
2064 2274 2320 2339 sacrarii,
2354 2290 2599 2345 eamque
2630 2293 2662 2329 v
2690 2276 2826 2330 Idus
2855 2278 3015 2348 Sept.
3070 2278 3321 2335 dedicari
3374 2280 3508 2335 fecit

1872 2359 1929 2414 in
1963 2360 2178 2415 honore
2212 2362 2270 2416 S.
2306 2361 2403 2416 Dei
2436 2362 2734 2433 genitricis
2762 2364 2974 2430 Mariae,
3010 2370 3066 2421 et
3096 2366 3340 2422 aliorum
3371 2384 3506 2422 san-

1872 2452 2097 2503 ctorum
2129 2466 2379 2521 quorum
2414 2450 2667 2522 reliquiae
2700 2452 2778 2506 ibi
2806 2452 3115 2511 habentur.
3151 2495 3164 2509 .
3202 2496 3215 2509 .
3246 2457 3329 2511 Ad
3360 2456 3510 2512 hanc

1871 2537 2151 2609 capellam
2187 2543 2502 2595 conventus
2532 2541 2691 2595 omni
2726 2540 2816 2595 die
2848 2547 2978 2614 post
3008 2560 3277 2616 vesperos
3307 2548 3363 2600 et
3392 2562 3510 2600 ma-

1869 2627 2090 2681 tutinos
2123 2628 2181 2681 in
2215 2628 2432 2683 honore
2482 2630 2538 2684 S.
2594 2630 2779 2685 Maria:
2838 2631 3173 2688 solemniter
3225 2634 3505 2704 procedit,

1870 2715 2066 2786 ibique
2098 2721 2229 2787 post
2258 2717 2546 2773 canticum
2582 2722 2636 2772 et
2677 2719 3052 2790 antiphonam
3101 2726 3273 2794 atque
3304 2722 3511 2778 oratio-

1869 2821 1998 2859 nem
2041 2807 2190 2875 ejus,
2240 2824 2511 2878 vesperos
2570 2808 2687 2862 sive
2748 2810 3067 2865 matutinos
3117 2811 3185 2868 de
3229 2811 3504 2869 omnibus

1868 2895 2085 2949 sanctis
2116 2903 2168 2950 et
2199 2914 2299 2967 pro
2333 2898 2623 2954 defunctis
2653 2898 2829 2956 canit.

2604 3007 2771 3073 §XII.

1939 3093 2092 3149 348
2123 3093 2264 3149 Item
2297 3112 2449 3150 anno
2481 3095 2951 3152 Dom.incarnat.
2985 3099 3419 3167 Μχειιιι,ἰοᾶίοὶ.
3451 3116 3510 3168 II,

1869 3182 2263 3237 Theodoricus
2294 3185 2477 3239 abbas
2510 3186 2790 3256 capellam
2821 3188 2877 3242 S.
2927 3187 3227 3244 Michaelis
3270 3205 3513 3244 renova-

1866 3270 1947 3326 vit
1975 3277 2031 3325 et
2060 3273 2253 3338 auxit;
2287 3278 2409 3328 erat
2440 3274 2594 3329 enim
2626 3276 2976 3346 parvissima
3033 3278 3108 3331 iti
3148 3282 3213 3333 ut
3243 3277 3334 3332 vix
3365 3278 3511 3334 duo-

1868 3361 2053 3414 decim
2088 3361 2352 3415 homines
2383 3379 2585 3433 capere
2616 3365 2917 3434 potuisset.
2948 3366 3043 3419 Est
3093 3366 3308 3437 quippe
3330 3367 3504 3437 juxta

1868 3447 2270 3515 infirmariam,
2304 3451 2451 3505 inter
2475 3468 2650 3521 quam
2683 3457 2739 3506 et
2786 3453 2909 3522 jam
2969 3454 3182 3507 dictam
3216 3452 3499 3524 capellam

1866 3542 1988 3591 erat
2008 3538 2265 3603 aedicula,
2300 3539 2355 3591 in
2388 3556 2503 3610 qua
2531 3540 2707 3593 etiam
2760 3539 3100 3612 plerumque
3152 3542 3369 3596 infirmi
3402 3559 3501 3597 cu-

1866 3628 2084 3682 babant
2107 3644 2119 3691 ;
2145 3643 2321 3697 quam
2355 3628 2663 3699 praedictus
2695 3630 2874 3684 abbas
2919 3630 3229 3686 destruens
3272 3630 3503 3701 capella

1867 3715 2113 3782 addidit,
2141 3732 2206 3769 ac
2234 3733 2447 3770 novum
2474 3716 2653 3771 altare
2688 3717 3261 3791 fabricavit,eamque
3286 3737 3319 3775 a
3338 3736 3509 3774 vene-

1870 3804 2037 3860 rabili
2069 3804 2406 3860 Gebehardo
2443 3807 2734 3877 episcopo,
2766 3807 2935 3862 tertio
2965 3809 3093 3878 ejus
3131 3808 3406 3872 nominis,
3432 3808 3509 3863 si-

1870 3898 1967 3948 cut
1992 3899 2049 3949 et
2078 3894 2429 3965 superiores,
2459 3895 2718 3950 dedicari
2745 3896 2877 3951 fecit
2894 3897 3042 3965 (873)
3075 3897 3167 3952 die
3194 3896 3387 3951 Nonas
3404 3896 3508 3951 Ju-

1872 3982 1934 4037 lii
1964 3983 2023 4038 in
2059 3983 2275 4038 honore
2308 3983 2536 4038 Domini
2568 3989 2623 4038 et
2652 3984 2709 4039 S.
2743 3984 2968 4050 Crucis,
3017 3984 3345 4056 specialiter
3372 4001 3507 4039 vero

1873 4071 1931 4125 in
1963 4071 2182 4126 honore
2213 4072 2271 4126 S.
2306 4072 2497 4125 Maria:
2524 4073 2726 4127 matris
2744 4072 2994 4140 Domini,
3027 4077 3084 4129 et
3107 4074 3164 4129 S.
3205 4072 3510 4129 Michaelis

1874 4160 2205 4231 archangeli
2231 4164 2286 4215 et
2316 4160 2579 4215 omnium
2614 4166 2972 4216 sanctorum.

2592 4270 2619 4335 §
2652 4266 2799 4322 XIII.

1945 4356 2052 4412 Sed
2086 4360 2139 4410 et
2170 4354 2451 4427 capellam
2484 4357 2541 4410 S.
2608 4357 2846 4411 Andreae
2906 4356 3307 4429 augmentavit
3348 4361 3403 4412 et
3440 4357 3518 4412 ei-

1877 4448 2007 4501 dem
2038 4446 2233 4499 addita
2264 4444 2504 4499 :editicia
2547 4445 2806 4500 barbatis
2864 4446 3142 4501 fratribus
3194 4445 3510 4517 deputavit,

1877 4553 2003 4607 quae
2038 4535 2197 4606 prius
2229 4539 2393 4588 erant
2423 4534 2752 4588 habitacula
2771 4535 3049 4590 abbatum
3083 4535 3346 4604 ejusdem
3377 4533 3510 4589 loci.

1880 4626 2011 4696 Ipsa
2042 4628 2235 4678 autem
2267 4622 2487 4693 capella
2515 4629 2637 4678 erat
2666 4622 2831 4678 valde
2862 4624 3121 4695 parvula.
3147 4627 3255 4679 etc.
3287 4665 3298 4676 .
3339 4663 3350 4676 .
3390 4663 3402 4676 .

2186 4732 2211 4797 ᾗ
2243 4729 2384 4787 XIV.
2417 4729 2620 4798 Quales
2670 4730 2962 4802 discipulos
2993 4728 3202 4783 habuit.

1944 4838 2201 4893 Habebat
2232 4842 2426 4892 autem
2458 4838 2611 4892 idem
2651 4855 2778 4893 ven.
2831 4838 2999 4893 Pater
3048 4842 3186 4893 tunc
3238 4836 3519 4909 temporis

1873 4928 2135 4999 egregios
2167 4926 2339 4993 viros,
2371 4925 2536 4981 valde
2571 4925 2894 4997 religiosos,
2950 4926 3181 4997 optimae
3226 4927 3423 4981 forma
3464 4932 3523 4981 et

1874 5016 2145 5072 doctrinis
2177 5015 2286 5069 sub
2319 5033 2457 5070 cura
2488 5032 2615 5085 sua,
2649 5016 2706 5069 in
2740 5015 2957 5087 quibus
2989 5021 3153 5071 erant
3178 5016 3519 5071 Meinradus

1878 5107 2102 5178 pridem
2136 5104 2412 5171 abbas,de
2443 5121 2560 5176 quo
2593 5105 2864 5176 superius
2888 5106 3197 5161 retulimus
3220 5106 3525 5177 (87—I),Ber-

1878 5194 2137 5250 nbardus
2169 5192 2535 5258 scolasticus,
2570 5199 2627 5248 et
2650 5192 2869 5262 Cuono,
2915 5195 3294 5251 Wernharius
3327 5195 3399 5251 de
3429 5192 3529 5248 Al-

1879 5284 2086 5340 shusin
2120 5281 2380 5353 caligans
2411 5281 2595 5337 oculis
2649 5282 3003 5338 Gozhalmus
3051 5288 3107 5338 et
3155 5282 3549 5351 Eberhardus

1883 5376 2059 5444 atque
2090 5371 2395 5427 Heinricus
2452 5370 2720 5442 scriptor.
2775 5371 2840 5426 lli
2890 5387 3093 5427 omnes
3142 5387 3209 5426 ex
3264 5368 3526 5439 antiquis

1881 5532 2235 5588 Constantire
2268 5530 2397 5585 fuit.

1955 5606 2103 5673 (873)
2135 5603 2380 5657 Planum
2412 5600 2547 5655 hinc
2578 5601 2641 5655 fit
2672 5599 3087 5673 Gebehardum,
3116 5589 3218 5670 etsi
3246 5589 3383 5669 sede
3412 5609 3526 5648 sua

1880 5659 2147 5747 pulsum,
2177 5674 2426 5747 subinde
2458 5678 2657 5747 tamen
2678 5659 3380 5747 constantiamrevisisse.

1955 5748 2041 5818 (87
2058 5748 2103 5817 ’1)
2134 5738 2175 5801 l.
2214 5763 2279 5815 II,
2306 5748 2336 5818 ᾗ
2367 5746 2451 5812 15,
2486 5747 2541 5800 et
2568 5744 2769 5814 infra.§
2798 5742 2881 5809 48,
2913 5738 2997 5791 20.
