3894 6380
353 471 490 543 343’

1049 477 1444 544 ΑΡΡΕΝΠῙΧ
1489 479 1590 540 AD
1635 473 1995 540 CHRONICt

2182 473 2536 538 ERMANNI
2583 463 3044 538 CONTBKC'N.

3647 435 3778 526 sti

355 601 802 684 fratribus;sed
855 616 912 670 et
966 613 1267 688 Sigiherus
1312 614 1671 678 scolasticus,
1723 617 1774 666 et
1809 612 1985 681 Eppo,
2019 611 2072 676 Α
2107 613 2340 666 vocatur
2399 609 2857 666 Andoltisbuoch
2915 605 3086 680 (877).
3136 605 3193 661 et
3243 599 3466 660 fecerat
3526 595 3780 656 novalia

356 710 529 778 atque
561 704 932 759 Gcbehardus
965 721 1104 758 avus
1139 720 1320 758 meus.
1347 744 1360 758 .
1397 745 1409 756 .
1447 744 1460 756 .
1497 745 1508 758 .

427 793 820 858 Bernhardus,
853 807 1020 863 quem
1055 792 1228 846 etiam
1261 791 1531 864 superius
1561 788 1992 844 nominavimus

357 883 561 938 doctor
589 887 710 936 erat
740 880 1006 946 eximius,
1035 880 1364 934 monasticae
1393 897 1628 950 quoque
1661 879 1990 948 discipline

360 975 559 1028 custos
594 970 829 1025 entituit
860 969 1358 1037 diligentissimus.
1387 968 1484 1022 Hic
1543 969 1796 1038 quadam
1829 971 1994 1020 nocte

355 1059 638 1115 visionem
695 1057 856 1124 vidit,
917 1074 1093 1129 quam
1171 1058 1293 1128 ipse
1354 1057 1563 1112 litteris
1622 1054 1996 1126 comprehen-

360 1147 464 1204 dit.
499 1189 513 1205 .
550 1189 562 1202 .

1099 1237 1269 1302 §xv.

427 1345 562 1399 Erat
591 1340 740 1397 alius
772 1341 1008 1412 quidam
1034 1341 1352 1410 presbyter,
1407 1339 1603 1393 Cuono
1651 1336 1904 1403 nomine,
1937 1337 1996 1390 in

356 1431 483 1503 ipso
513 1429 883 1496 monasterio,
913 1445 1084 1499 quem
1117 1427 1292 1482 etiam
1325 1431 1494 1480 antea
1545 1425 1996 1490 nominavimus,

358 1521 461 1586 vir,
495 1519 756 1589 inquam,
789 1517 1081 1570 formosus
1111 1515 1293 1582 valde,
1339 1533 1419 1568 .ex
1467 1513 1760 1586 prioribus
1791 1529 1994 1566 mona-

361 1607 616 1677 chis,qui
646 1605 818 1660 etiam
851 1604 1422 1674 Rinaugiensis(875)
1455 1602 1788 1658 monasterii
1849 1600 1996 1673 regi-

363 1712 496 1750 men
529 1693 866 1766 promeruit,
901 1691 1036 1746 illuc
1069 1693 1220 1747 349
1253 1691 1463 1763 quippe
1497 1692 1555 1745 in
1597 1691 1864 1745 abbatem
1901 1706 1996 1744 as-

363 1787 638 1854 sumptus
671 1781 1017 1848 fuerat;sed
1071 1782 1320 1851 quadam
1378 1779 1469 1834 die
1521 1783 1723 1834 contra
1768 1793 1998 1832 servum

359 1871 448 1928 ira
476 1875 822 1938 commotus,
847 1885 978 1924 eum
1006 1885 1137 1922 cum
1170 1867 1405 1940 pessulo
1435 1868 1665 1922 incaute
1687 1866 1998 1938 percussit,

363 1977 431 2016 ex
461 1977 574 2031 quo
605 1960 721 2013 ictu
754 1958 907 2013 idem
967 1957 1138 2011 homo
1197 1957 1476 2010 inﬁrmari
1539 1955 1708 2027 cmpit
1739 1959 1794 2009 et
1821 1955 2078 2042 vitam'B

363 2049 567 2103 ﬁnivit.
602 2052 678 2102 Ea
709 2065 811 2118 pro
842 2045 1010 2116 culpa
1031 2063 1142 2100 non
1164 2045 1354 2100 solum
1387 2044 1731 2116 presbyterii
1761 2043 1998 2110 honore,

363 2138 461 2193 sed
493 2141 548 2192 et
577 2135 876 2207 regiminis
907 2139 994 2188 est
1025 2134 1280 2204 privatus
1299 2133 1604 2204 dignitate.
1627 2133 1775 2204 Ergo
1805 2131 2000 2202 ipsum

361 2227 554 2282 locum
614 2223 866 2296 reliquit,
917 2229 972 2278 et
1028 2223 1086 2276 in
1149 2221 1529 2293 provinciam,
1585 2237 1712 2291 quae
1769 2224 2006 2274 vocatur

365 2315 520 2381 Riez,
551 2313 692 2368 abiit
719 2317 892 2382 atque
924 2311 981 2366 in
1040 2311 1258 2365 eisdem
1311 2311 1577 2381 partibus
1629 2307 2006 2380 pontiﬁcatus

365 2403 622 2459 ofﬁcium
654 2401 763 2456 sibi
795 2399 1196 2456 fraudulenter
1227 2397 1549 2469 usurpavit,
1599 2396 1868 2452 ecclesias
1908 2395 2006 2449 de-

365 2491 595 2558 dicavit,
628 2491 896 2545 homines
923 2489 1050 2543 eleo
1081 2485 1542 2541 conﬁrmationis
1591 2483 1872 2539 fallaciter
1909 2499 2006 2555 pe-

366 2580 563 2638 runxit
593 2583 650 2634 et
678 2577 794 2634 alia
823 2575 1182 2650 pontiﬁcalia
1211 2573 1400 2629 ofﬁcia
1430 2573 1669 2645 peregit,
1721 2577 1776 2628 et
1805 2571 2010 2626 exinde

366 2687 482 2724 non
514 2667 802 2722 modicam
831 2665 940 2720 sibi
989 2663 1296 2735 pecuniam
1346 2661 1699 2734 aggregavit.
1750 2664 2008 2730 Cumque

367 2757 425 2811 in
455 2757 565 2812 hoc
603 2753 888 2810 voluntati
931 2769 1048 2808 suae
1091 2750 1260 2822 plene
1300 2750 1701 2814 satisfecisset,
1734 2747 2011 2820 depositis

365 2844 639 2900 vanitatis
671 2859 788 2896 sua:
819 2840 1020 2895 infulis
1052 2840 1123 2894 ad
1157 2841 1570 2894 monasterium
1604 2855 1779 2894 suum
1811 2837 2012 2909 pristi-

369 2949 535 3000 num,
565 2931 675 2984 hoc
706 2933 794 2983 est
823 2929 1070 2982 Domum
1105 2927 1252 2982 Petri
1286 2928 1474 2994 rediit,
1499 2932 1556 2981 et
1586 2942 1647 2980 se
1679 2925 2012 2997 magisterio

371 3035 500 3074 ven.
532 3017 874 3072 Theoderici
904 3016 1132 3070 abbatis
1187 3015 1467 3069 subdidit.
1523 3015 1784 3084 Cumque
1815 3014 2013 3068 altaris

374 3105 566 3164 efﬁcio
589 3107 723 3175 jure
745 3109 982 3168 careret,
1016 3108 1073 3158 et
1105 3109 1297 3157 tamen
1349 3103 1434 3156 vir
1461 3102 1625 3157 valde
1651 3102 1893 3156 idoneus
1925 3118 2012 3156 es-

377 3199 490 3263 set,
521 3195 704 3249 abbas
736 3193 1132 3248 Theodericus
1155 3191 1384 3246 obnixis
1416 3190 1685 3262 precibus
1723 3191 1875 3261 apud
1909 3189 2014 3245 Ge-

377 3283 698 3340 behardum
729 3282 1068 3353 episcopum
1099 3279 1434 3351 impetravit
1461 3280 1614 3350 quod
1674 3279 1722 3334 ei
1781 3279 2012 3334 tandem

376 3372 589 3428 missas
619 3387 788 3444 agere
813 3369 1115 3425 concessit.
1146 3407 1162 3424 .
1194 3411 1205 3422 .

680 3497 707 3563 ς
735 3493 869 3549 XVI.
901 3495 977 3548 De
1010 3494 1261 3550 Udalrico
1305 3493 1696 3562 Brigantiensi.

441 3605 606 3660 Circa
637 3603 756 3656 haec
779 3607 1044 3671 tempera
1069 3600 1239 3654 multi
1275 3599 1685 3654 familiaritatis
1737 3617 2006 3671 magnam

371 3691 617 3762 gratiam
648 3689 938 3744 habebant
963 3688 1114 3757 apud
1145 3704 1270 3742 ven.
1305 3687 1832 3754 Theodoricum,eo
1853 3689 2006 3758 quod

367 3779 494 3850 ipse
523 3781 678 3832 esset
705 3777 790 3830 vir
821 3775 1133 3847 religiosus
1165 3779 1220 3830 et
1265 3775 1548 3846 prudens,
1583 3780 1640 3830 et
1687 3777 1848 3832 utilis
1876 3781 2006 3832 actu

368 3871 426 3922 et
451 3865 730 3921 consilio:
765 3869 821 3920 et
868 3865 997 3918 ideo
1057 3863 1278 3918 nobiles
1335 3867 1390 3918 et
1448 3863 1654 3920 divites
1689 3865 1907 3936 quique
1935 3867 2007 3921 ad

366 3971 500 4012 eum
525 3953 943 4009 conveniebant
974 3952 1232 4023 undique
1259 3956 1314 4007 et
1362 3953 1490 4022 ejus
1534 3953 1795 4024 exemplo
1835 3958 2008 4025 atque

367 4041 608 4100 consilio
643 4043 917 4114 proﬁcere
933 4041 1264 4113 cupiebant.
1299 4041 1454 4095 Inter
1509 4057 1657 4112 quos
1702 4042 2008 4098 Udalricus

367 4129 741 4201 Brigantinus
773 4131 920 4200 (876)
951 4146 1145 4185 comes
1174 4129 1259 4184 vir
1285 4129 1691 4184 nobilissimus
1715 4135 1772 4184 et
1792 4131 2008 4202 specie-

368 4234 471 4274 sus
501 4217 816 4272 maximam
849 4217 1096 4273 habebat
1125 4217 1446 4273 amicitiam
1479 4233 1614 4272 cum
1654 4233 1718 4273 eo
1750 4223 1808 4273 et
1837 4219 2006 4273 fami-

370 4303 677 4360 liaritatem
689 4347 702 4360 .

1060 4396 1088 4462 §
1131 4393 1302 4450 xvn.

437 4505 502 4555 Et
535 4505 656 4557 erat
680 4501 918 4574 quidam
949 4500 1510 4566 solitarius,nomine
1529 4499 1728 4568 Diedo,
1775 4503 1874 4573 qui
1925 4504 2002 4558 fe-

365 4593 523 4644 cerat
551 4589 661 4644 sibi
693 4591 1012 4647 oratorium
1071 4593 1126 4643 et
1183 4587 1582 4643 habitaculum
1617 4589 1678 4644 in
1717 4589 1870 4646 saltu
1905 4593 2002 4664 qui

437 4766 580 4837 (875)
602 4769 757 4838 Guno
789 4766 1064 4838 Gerungii
1097 4765 1154 4838 in
1187 4765 1421 4838 abbatis
1447 4763 1876 4838 Rhenaugiensi
1897 4769 2004 4824 cir-

437 4783 580 4837 (me)
602 4783 757 4822 uuno
789 4783 1064 4838 uerungii
1097 4783 1154 4819 in
1187 4783 1421 4820 annaua
1447 4783 1684 4822 nnenau
1735 4784 1876 4822 iens:
1897 4785 2002 4824 cir-

361 4853 428 4891 ca
458 4853 550 4918 an.
578 4837 715 4890 1090
745 4853 1048 4892 successor
1067 4837 1292 4918 primus
1314 4783 1858 4918 ibiconsuetugjnes
1877 4840 2002 4894 Hir-

359 4907 698 4980 saugienses
727 4925 792 4963 ex
824 4925 932 4982 suo
966 4907 1313 4982 monasterio
1338 4907 1682 4982 introduxit.
1713 4909 2002 4982 Perpetra-

359 4984 416 5033 to
443 4978 636 5034 autem
659 4979 877 5051 casuali
907 4978 1218 5051 homicidio
1270 4979 1470 5034 relicta
1511 4980 1790 5051 dignitate
1817 4978 1999 5038 alior-

361 5066 492 5104 sum
508 5051 656 5104 clam
680 5048 1202 5120 abiit,episc0palia
1217 5066 1448 5119 quoque
1473 5048 1671 5106 munia
1694 5051 1804 5107 sibi
1827 5072 1996 5109 usur-

359 5137 524 5192 pans.
545 5121 805 5193 Scriptor
829 5119 1178 5193 provinciam
1215 5120 1345 5174 ltiez
1375 5123 1715 5193 vgcat,quod
1752 5125 1996 5180 dubium

359 5183 562 5267 sanan
597 5183 692 5267 de-
727 5183 897 5267 ltiesa
946 5207 1080 5267 seu
1115 5191 1316 5267 Itiezza
1371 5183 1680 5267 Itbagtiensi
1731 5212 1878 5267 pago
1937 5197 1996 5250 in

359 5261 706 5336 Nordgevia,
739 5279 812 5336 an
843 5262 912 5315 de
945 5261 1120 5336 Regio
1151 5262 1208 5316 in
1243 5263 1542 5336 provincia
1582 5261 1972 5336 (Riez‘efintel

359 5331 612 5408 gendum
637 5331 1458 5408 uveniat.i_CensultusAinterea
1493 5331 1835 5408 Cebehardo
1883 5338 1998 5408 epi-

360 5402 534 5506 scppo
553 5403 822 5506 Urbanus
855 5402 900 5457 II
933 5409 996 5456 ut
1025 5420 1162 5506 cum;
1187 5405 1619 5506 dispensatione
1651 5402 1992 5506 dignitate?

360 5493 415 5506 Ian
446 5490 603 5506 ιηηηο
635 5489 788 5506 nnnal
869 5491 1134 5506 “nanus-nas
1299 5493 1330 5506 ιι
1481 5489 1626 5506 nun“
1678 5479 1714 5506 I'
1743 5480 1880 5506 ΛαιέΑΛ
1963 5481 1992 5506 ’Ἴ

357 5476 604 5530 retinere
635 5474 839 5543 possit,
869 5474 1183 5544 rescripsit.
1245 5474 1373 5528 Vid.
1435 5475 1626 5528 Canen
1677 5474 1880 5531 clerico
1927 5479 1996 5532 37

359 5546 620 5600 distinct.
653 5547 742 5606 5U,
777 5545 872 5599 ubi
908 5563 1006 5612 pro
1036 5545 1373 5600 Gwnrnerio
1397 5545 1749 5600 Narbonensi
1778 5549 1993 5602 substi-

355 5616 610 5674 tuendus
637 5616 858 5669 videtur
885 5617 1227 5671 Gebhardus
1258 5619 1838 5676 t.)onstant,,maxime
1861 5636 1994 5674 cum

357 5685 851 5760 temporeUrbani
881 5689 926 5741 ll
957 5686 1154 5742 nullus
1184 5685 1539 5760 Quarncrius
1571 5687 1738 5760 fuerit
1767 5691 1992 5760 episco-

357 5753 926 5836 pus-Narbonensis:
990 5757 1257 5830 quamvis
1315 5753 1396 5808 ibi
1453 5755 1521 5808 de
1573 5755 1734 5824 jactu
1783 5753 1993 5834 lapidis

2033 4691 2082 4757 D

2102 701 2262 756 850
2295 701 2446 756 circa
2475 704 2618 767 se,et
2639 695 3112 754 videbaturidem
3143 693 3310 750 locus
3343 691 3416 748 ad
3447 687 3778 746 servitium

2101 788 2330 846 Domini
2357 793 2737 862 opportunus.
2762 788 3078 858 Postquam
3101 800 3237 840 vero
3251 783 3382 856 jam
3405 780 3608 836 dictus
3633 777 3782 834 seli-

2101 880 2286 934 tarius
2317 879 2376 932 in
2413 877 2651 932 Domino
2683 871 3286 950 pausavit,Udalricus
3307 885 3509 926 comes
3531 868 3778 940 rogavit

2101 985 2226 1023 ven.
2259 965 2676 1022 Theodericum
2711 969 2776 1020 ut
2803 963 3020 1018 ibidem
3078 960 3287 1016 cellam
3331 957 3684 1024 aediﬁcaret,
3719 959 3782 1011 et

2103 1055 2424 1128 regularem
2456 1055 2632 1110 vitam
2677 1053 2819 1108 inibi
2861 1051 3234 1106 institueret:
3269 1048 3426 1120 quod
3461 1045 3568 1101 ille
3599 1059 3782 1117 pror-

2104 1162 2205 1200 sus
2228 1160 2290 1199 se
2323 1143 2506 1198 facere
2540 1142 2865 1214 abnegavit,
2890 1139 3004 1196 nisi
3054 1135 3330 1194 eumdem
3391 1135 3598 1191 locum
3643 1149 3780 1189 mo-

2105 1231 2357 1288 nasterio
2391 1248 2496 1286 suo
2526 1231 2584 1286 in
2619 1229 3028 1302 proprietatem
3064 1225 3451 1292 contraderet,
3475 1225 3544 1279 ut
3593 1223 3650 1279 si
3689 1221 3782 1277 la-

2105 1322 2357 1385 boraret,
2392 1319 2645 1392 aliquem
2677 1317 2812 1373 inde
2863 1317 3038 1372 etiam
3101 1317 3357 1371 fructum
3411 1311 3782 1385 perciperet.

2109 1407 2246 1464 Inde
2277 1408 2376 1463 diu
2407 1407 2606 1463 habita
2635 1405 3052 1462 deliberatione
3094 1401 3335 1460 tandem
3378 1411 3586 1458 comes
3632 1417 3785 1457 con-

2107 1496 2308 1562 sensit,
2339 1501 2395 1551 et
2422 1495 2698 1566 reliquias
2729 1497 3086 1560 sanctorum,
3119 1507 3248 1563 quae
3281 1491 3341 1545 in
3391 1488 3522 1544 loco
3555 1485 3786 1544 solitu-

2109 1585 2260 1640 dinis
2283 1585 2406 1656 jam
2439 1584 2629 1639 dictus
2659 1599 2860 1638 servus
2891 1581 2991 1637 Dei
3015 1579 3080 1634 in
3110 1578 3364 1635 oratorie
3397 1593 3510 1634 suo
3543 1575 3784 1632 habue-

2109 1677 2217 1740 rat,
2249 1673 2320 1730 ad
2353 1671 2770 1727 monasterium
2831 1671 2890 1726 S.
2951 1667 3212 1741 Gregorii
3274 1665 3647 1733 transmisit,
3713 1679 3786 1720 ac

2109 1769 2310 1836 postea
2337 1763 2605 1817 eumdem
2635 1761 2852 1828 locum,
2885 1757 2986 1831 qui
3011 1761 3251 1814 vocatur
3271 1755 3780 1824 Andoltisbuoch,

2109 1857 2166 1908 et
2193 1851 2366 1906 aliam
2401 1849 2852 1922 possessionem,
2882 1863 3008 1919 quae
3061 1845 3279 1901 dicitur
3336 1845 3784 1920 Hasuunouwa

2110 1942 2256 2014 (878)
2287 1937 2711 1994 Petrishusensi
2745 1935 3098 1992 monasterio
3145 1935 3206 1989 in
3253 1937 3612 2014 perpetuam
3643 1949 3784 2005 pro-

2115 2029 2416 2101 prietatem
2446 2029 2504 2082 et
2531 2023 2924 2081 ministerium
2955 2025 3206 2080 fratrum
3235 2013 3352 2079 Deo
3383 2027 3442 2080 et
3461 2013 3522 2078 Β.
3561 2022 3786 2094 Grego-

2114 2117 2197 2173 rio
2227 2134 2328 2188 per
2349 2115 2744 2171 successiones
2775 2118 3105 2185 temporum
3137 2111 3356 2168 ibidem
3381 2111 3627 2184 jugiter
3655 2115 3784 2166 ser-

2113 2205 2392 2260 vientium
2424 2219 2618 2258 coram
2643 2202 2868 2257 idoneis
2915 2201 3171 2258 testibu
3207 2200 3432 2271 absque
3481 2197 3616 2254 ulla
3653 2214 3784 2253 con-

2113 2293 2458 2348 tradictione
2485 2289 2838 2346 contradidit
2889 2305 2960 2344 ea
3015 2287 3370 2354 conditione,
3427 2291 3500 2342 ut
3549 2287 3782 2344 ibidem

2116 2381 2258 2438 cella
2287 2379 2686 2444 adiﬁcaretur,
2711 2383 2768 2433 et
2785 2377 3208 2434 monachorum
3233 2375 3535 2432 habitatio
3559 2386 3676 2448 pro
3699 2375 3784 2431 fa-

2117 2469 2331 2527 cultate
2358 2469 2468 2525 loci
2482 2467 2702 2540 jugiter
2725 2467 3056 2523 haberetur.

2819 2583 2846 2650 §
2885 2577 3086 2638 xvui.

2189 2691 2305 2746 Hac
2329 2689 2636 2746 donatione
2667 2693 2899 2760 peracta
2928 2685 3100 2758 cmpit
3147 2683 3330 2742 abbas
3371 2685 3786 2742 Theodericus

2120 2781 2390 2836 eumdem
2419 2779 2610 2834 locum
2645 2777 2914 2844 incolere,
2973 2780 3032 2830 et
3088 2773 3272 2830 multo
3331 2774 3536 2831 labore
3601 2781 3786 2848 atque

2121 2872 2357 2939 sumptu
2393 2863 2710 2922 oratorium
2740 2865 2819 2918 ibi
2848 2867 2905 2920 et
2934 2862 3256 2918 claustrum
3309 2879 3374 2919 ex
3433 2861 3658 2936 ligneis
3693 2867 3786 2918 ta-

2120 2957 2335 3011 bulatis
2367 2955 2706 3020 construxit,
2743 2952 2896 3023 quod
2929 2951 2986 3006 in
3019 2949 3304 3006 honorem
3335 2951 3394 3007 S.
3419 2951 3582 3007 Petri
3607 2941 3788 3024 apos-

2121 3045 2222 3100 toli
2245 3043 2497 3099 dedicari
2529 3043 2678 3108 fecit,
2703 3047 2777 3106 et,
2812 3040 3108 3112 deputatis
3137 3039 3278 3095 illuc
3331 3040 3566 3096 idoneis
3589 3040 3790 3096 fratri-

2123 3134 2253 3198 bus,
2287 3132 2651 3187 Meinradum
2692 3131 2862 3200 (879),
2894 3129 2964 3184 de
2993 3143 3110 3199 quo
3141 3129 3318 3184 etiam
3373 3128 3658 3200 superius
3691 3113 3788 3185 tte-

2125 3221 2388 3287 tulimus,
2413 3219 2495 3275 eis
2529 3218 2798 3291 praefecit.
2846 3215 3110 3290 Cumque
3151 3215 3496 3288 aliquandiu
3529 3215 3656 3272 illic
3687 3218 3790 3273 de-

2044 3331 2088 3400 C
2126 3313 2517 3376 morarentur,
2547 3311 2602 3362 et
2633 3323 2914 3362 numerus
2944 3305 3191 3360 fratrum
3222 3305 3422 3378 augeri
3471 3306 3790 3377 sapisset,

2125 3403 2180 3454 et
2209 3402 2442 3470 propter
2489 3393 2914 3467 longitudinem
2971 3397 3030 3449 et
3081 3393 3496 3449 difﬁcultatem
3545 3393 3794 3450 itineris

2117 3485 2392 3542 victualia
2421 3489 2477 3540 et
2505 3499 2749 3555 quaeque
2781 3481 3111 3537 necessaria
3133 3479 3252 3537 illic
3273 3481 3502 3537 deferre
3527 3482 3794 3539 minima

2119 3575 2467 3647 potuissent,
2499 3589 2564 3627 eo
2596 3572 2750 3643 quod
2781 3571 2936 3626 idem
2967 3569 3130 3624 locus
3151 3569 3324 3642 longe
3345 3571 3403 3624 in
3438 3570 3598 3626 saltu
3625 3571 3796 3629 sitas

2119 3667 2270 3718 esset
2325 3661 2580 3716 inierunt
2599 3657 2909 3714 consilium
2956 3661 3020 3713 ut
3051 3657 3258 3714 cellam
3295 3659 3364 3713 ad
3399 3658 3790 3731 Brigantiam

2116 3753 2579 3822 transponerent,
2613 3747 2714 3803 ubi
2763 3748 2969 3802 fratres
3025 3746 3258 3803 facilius
3289 3749 3347 3802 et
3375 3739 3792 3819 opportunius

2118 3839 2444 3895 necessaria
2473 3837 2686 3892 habere
2718 3835 3070 3908 potuissent.

2841 3948 3038 4022 §Xix.

2188 4061 2369 4133 Igitur
2397 4059 2575 4114 abbas
2605 4055 2999 4112 Theodericus
3029 4053 3186 4111 venit
3215 4055 3288 4110 ad
3311 4053 3511 4111 locum
3543 4053 3652 4128 q'ui
3677 4057 3776 4114 di-

2115 4149 2265 4205 citur
2293 4147 2676 4220 Brigantiam,
2727 4149 2782 4201 et
2835 4160 3035 4200 secum
3082 4141 3326 4200 adduxit
3355 4143 3786 4203 Gebehardum

2114 4238 2472 4312 episcopum,
2497 4241 2552 4291 et
2584 4231 2963 4299 Meinradum,
2995 4237 3170 4304 atque
3191 4221 3576 4290 Uodalricum
3597 4235 3792 4291 cemi-

2113 4331 2234 4382 tem
2264 4341 2398 4381 cum
2429 4323 2558 4380 aliis
2590 4321 2727 4378 huic
2753 4319 2986 4394 negotio
3019 4321 3476 4389 necessariis,ut
3503 4323 3790 4382 viderent

2114 4415 2350 4471 ubinam
2374 4413 2518 4468 cella
2549 4411 2819 4467 aediﬁcari
2851 4411 3172 4476 debuisset,
3207 4411 3493 4482 quoniam
3527 4413 3785 4482 quidem

2113 4521 2242 4560 eam
2275 4504 2345 4558 de
2371 4501 2522 4558 saltu
2545 4497 2864 4572 permutari
2893 4497 3233 4571 placuisset.
3267 4499 3376 4554 Diu
3410 4515 3551 4572 ergo
3585 4500 3664 4557 de
3681 4501 3788 4558 bis

2113 4592 2312 4648 habita
2336 4587 2752 4645 deliberatione
2781 4587 3000 4660 placuit
3021 4586 3251 4656 illis,ut,
3267 4587 3440 4658 juxta
3459 4588 3782 4646 ecclesiam

2111 4785 2298 4825 sermo
2332 4765 2426 4834 sit,
2459 4764 2736 4836 nihilque
2759 4765 2828 4820 de
2857 4763 3143 4836 dignitate
3173 4765 3558 4836 memoratur.

2181 4840 2326 4912 (876)
2357 4839 2487 4892 Vid.
2521 4835 2699 4908 supra
2727 4835 2765 4912 l_.
2789 4853 2862 4912 Διι.
2896 4835 3038 4912 ξίῖο,
3073 4835 3175 4912 H_i_c
3223 4835 3298 4912 de
3325 4835 3651 4912 _U_dalricor
3671 4839 3780 4910 ξιι-

2109 4905 2270 4968 niore
2299 4905 2489 4966 sermo
2519 4905 2628 4971 est,
2655 4908 2754 4980 qui
2783 4907 2844 4961 in
2875 4907 3086 4980 charta
3107 4905 3349 4980 Hanrici
3385 4907 3459 4962 IV
3491 4925 3594 4964 an.
3633 4905 3780 4978 1095

2108 4983 2410 5054 Odalricus
2448 4995 2654 5054 comes
2675 4975 2690 4980 ’
2712 4975 3563 5054 dehBraganicaneminatur,
3593 4975 3776 5054 cujus

2107 5051 2418 5125 comitatus
2445 5051 2504 5125 in
2536 5047 2869 5125 Churvvalia
2898 5045 3047 5104 situs
3083 5047 3210 5104 fuit.
3245 5045 3483 5122 Ilergett
3513 5045 3558 5106 t.
3599 5045 3693 5110 II:
3713 5069 3772 5125 p.

2107 5127 2235 5180 430.
2277 5124 2406 5177 Vid.
2439 5121 2685 5192 disquis.
2711 5121 2740 5192 ἐξ
2767 5121 2856 5174 24.

2105 5269 2138 5322 d
2177 5197 2325 5278 (877)
2351 5189 2598 5276 Videtur
2618 5189 2746 5247 esse
2769 5189 3174 5262 Andelspuech
3207 5190 3270 5245 in
3322 5191 3589 5264 capitulo
3633 5194 3774 5252 Lin-

2149 5283 2386 5322 awensi.

2149 5283 2386 5328 aVlenSl.

2175 5339 2322 5408 (878)
2354 5325 2502 5410 Nam
2525 5327 2676 5410 forte
2707 5331 2826 5410 hac
2857 5336 2947 5410 est
2989 5331 3174 5410 Apgia
3222 5325 3490 5410 Leporis,
3540 5335 3616 5402 de
3649 5354 3772 5410 qua

2105 5403 2283 5480 supra
2311 5411 2337 5474 ᾗ
2365 5407 2401 5461 5
2429 5404 2975 5480 hodiesimpliciter
3005 5403 3217 5458 dicitur
3262 5409 3407 5460 Au-w
3438 5403 3502 5460 in
3553 5403 3766 5466 eodem

2103 5475 2462 5535 Lindaviensi
2497 5475 2771 5546 capitulo.

2175 5551 2324 5622 (879)
2361 5549 2411 5602 Is
2441 5545 2930 5622 estMeginradus
2959 5549 3146 5622 antea
3179 5545 3362 5622 abbas
3393 5546 3766 5622 Petershusii

2103 5615 2230 5676 Vid.
2265 5615 2444 5689 supra
2474 5619 2500 5684 ᾗ
2531 5617 2614 5670 ili.
2647 5617 2748 5672 Hic
2773 5617 2844 5672 ad
2877 5632 2972 5670 an.
3008 5616 3146 5689 1087
3169 5615 3400 5689 primus
3421 5619 3630 5687 Aug-ia,»
3657 5622 3764 5676 Αι-

2106 5693 2189 5750 bac
2219 5687 2566 5760 Brigantinaz
2591 5693 2720 5760 post
2741 5687 3224 5760 restaurationem
3255 5687 3442 5749 abbas
3465 5690 3762 5750 diciturin

2105 5763 2290 5822 Gallia
2319 5757 2649 5820 Christiana
2677 5763 2720 5814 t.
2759 5758 2830 5829 V,
2863 5775 2918 5830 p.
2941 5757 3068 5812 972.
