3894 6348
107 451 226 537 sis

962 466 1404 544 CHRONICON
1451 473 2172 544 PETERSHUSANUM.
2207 508 2282 523 --
2311 476 2461 540 LIB.
2507 473 2617 539 III.

3386 469 3504 542 846

108 597 369 692 ejusdem
392 605 540 667 851
579 607 687 666 loci
722 610 908 678 fieret,
947 612 995 667 si
1022 614 1343 670 Ludovicus
1372 616 1518 686 (880)
1551 631 1746 671 comes
1775 609 1829 679 Α
1861 627 1989 664 rum
2014 611 2142 680 ejus
2165 609 2634 682 potentiaipsam
2674 607 2734 665 in
2776 605 3217 666 matrimonium
3249 610 3508 685 accipere

109 711 279 752 suam
299 704 520 770 partem
535 699 798 771 ejusdem
818 700 1072 757 ecclesia:
1089 703 1158 758 ad
1182 702 1287 758 hoc
1310 704 1640 776 permittere
1655 720 1758 758 vo-

108 783 431 850 Iuisset;est
444 787 598 843 enim
613 788 690 844 ibi
707 789 950 844 ecclesia
962 790 1350 864 baptismalis,
1367 794 1533 864 cujus
1546 793 1761 848 medie-

103 868 192 929 tas
237 875 390 932 sicut
409 880 461 930 et
481 876 636 931 silvai
659 882 714 932 et
732 879 996 933 omnium
1020 880 1356 935 reddituum
1410 883 1754 937 earumdem

113 963 367 1035 partium
387 965 638 1036 pertinet
655 966 724 1021 ad
746 967 1254 1023 Pfulendorfenses
1275 985 1562 1040 proceres,
1586 971 1758 1025 sicuti

113 1055 167 1108 et
183 1051 366 1107 altera
388 1053 671 1109 medietas
692 1055 761 1110 ad
786 1055 1114 1128 Brigantien
1126 1075 1236 1111 ses.
1262 1059 1462 1129 Itaque
1488 1058 1760 1114 Ludewi-

115 1156 218 1196 cus
245 1157 442 1196 comes
474 1159 844 1215 nequaquam
879 1145 1174 1216 acquievit
1214 1151 1280 1200 ut
1328 1152 1549 1219 partem
1592 1164 1758 1203 suam

115 1229 389 1285 traderet.
415 1229 538 1294 Qua
555 1231 625 1286 de
648 1249 705 1286 re
730 1238 957 1288 cassato
983 1233 1158 1305 priori
1193 1235 1434 1290 consilio
1462 1242 1760 1292 verterunt

117 1333 176 1373 se
206 1317 342 1375 alio.
373 1322 442 1374 Et
472 1320 747 1391 quoniam
782 1321 941 1393 prior
972 1321 1117 1377 oella
1139 1325 1455 1394 quamdam
1488 1325 1758 1381 casellam

109 1408 274 1479 juxta
305 1410 664 1481 possederat,
697 1409 847 1465 hanc
890 1412 1158 1467 adierunt
1204 1419 1260 1468 et
1307 1415 1761 1488 circumquaque

117 1494 268 1552 inter
285 1497 499 1552 fruteta
521 1497 714 1566 locum
733 1503 1128 1572 opportunum
1155 1504 1534 1574 quassierunt,
1561 1522 1625 1559 ac
1649 1505 1758 1560 Do-

118 1583 274 1640 mino
306 1592 792 1658 praemonstrante
824 1593 1186 1644 invenerunt.
1221 1591 1365 1646 Nam
1416 1610 1542 1647 ven.
1579 1593 1758 1648 Gebe-

117 1671 338 1728 hardus
370 1673 512 1729 dum
544 1676 762 1731 orando
795 1675 1146 1745 circumiret,
1195 1684 1252 1734 et
1281 1679 1405 1736 loca
1426 1680 1762 1752 circumspi-

117 1765 262 1817 ceret
295 1765 354 1818 et
377 1763 721 1835 exploraret,
771 1782 884 1822 uno
931 1766 991 1822 in
1045 1765 1169 1823 loco
1217 1774 1451 1842 repente
1501 1770 1762 1826 substitit

119 1854 172 1905 et
199 1849 279 1906 ibi
313 1850 527 1908 celtam
559 1853 681 1908 ﬁeri
708 1855 1013 1925 judicavit.

185 2027 463 2086 Omnium
497 2046 632 2102 ergo
659 2030 804 2086 votis
837 2031 894 2086 in
945 2032 1201 2105 idipsum
1245 2037 1758 2102 concordantibus,

118 2115 285 2190 erepit
305 2117 708 2174 Theodoricus
730 2119 808 2174 ibi
832 2119 1036 2176 cellam
1064 2128 1422 2190 construere,
1448 2130 1504 2179 et
1522 2132 1761 2196 sumptu

121 2212 288 2282 atque
309 2207 604 2280 stipendio
628 2209 718 2264 sui
738 2211 1098 2282 monasterii,
1122 2211 1211 2266 cui
1231 2213 1383 2267 idem
1407 2212 1591 2280 locus,
1613 2214 1766 2270 sicut

120 2279 172 2351 et
198 2279 468 2366 prior,7in
525 2297 941 2368 proprietatem
1005 2279 1257 2354 traditus
1315 2303 1521 2368 fuerat,
1577 2303 1764 2374 primo

121 2383 352 2456 quidem
383 2381 723 2455 oratorium,
757 2386 967 2442 deinde
1009 2387 1331 2444 claustrum
1366 2391 1536 2462 (881),
1569 2393 1766 2448 omnia

122 2483 184 2528 ex
201 2471 472 2530 tabulatu
506 2473 696 2547 ligneo
737 2476 1038 2532 edificavit
1077 2483 1132 2532 et
1182 2477 1238 2532 in
1272 2479 1488 2535 honore
1520 2481 1579 2536 S.
1613 2481 1763 2536 Petri

122 2560 372 2617 dedicari
394 2561 530 2617 fecit
557 2581 570 2630 ;
599 2563 964 2628 Meinradum
999 2572 1193 2621 autem
1236 2567 1452 2624 ibidem
1495 2569 1763 2626 abbatem

123 2651 442 2716 constituit,
474 2650 628 2708 sicut
666 2653 714 2707 ei
769 2652 907 2708 olim
960 2656 1114 2726 apud
1166 2657 1414 2711 Domum
1449 2658 1600 2713 Petri
1635 2659 1761 2714 fuit.

126 2739 248 2811 Ipse
277 2743 475 2796 tamen
505 2740 835 2812 frequenter
855 2759 989 2797 eum
1029 2743 1220 2798 locum
1260 2745 1529 2802 visitabat
1563 2753 1618 2802 et
1639 2749 1764 2819 ejus

125 2827 474 2884 utilitatibus
530 2832 942 2902 prospiciebat.
995 2832 1140 2887 Nam
1193 2834 1308 2888 fere
1356 2851 1460 2906 per
1505 2836 1765 2908 quinque

129 2929 328 2983 annos,
353 2915 639 2990 quidquid
665 2919 732 2974 de
757 2920 1100 2975 Eichstettin
1138 2923 1208 2977 ad
1248 2923 1548 2980 Petrishus
1573 2928 1766 2980 venire

129 3004 422 3073 debuerat,
448 3007 519 3062 ad
543 3008 983 3064 mdiﬁcationem
1000 3009 1206 3066 harum
1227 3013 1476 3068 duarum
1491 3013 1766 3070 cellarum

131 3093 506 3165 “pendebat.
555 3097 640 3151 Ad
704 3096 822 3151 haec
879 3115 1074 3154 sacras
1130 3104 1318 3154 vestes
1375 3106 1432 3155 et
1483 3101 1665 3158 libros
1705 3119 1769 3158 ac

132 3171 471 3238 sanctorum
489 3183 790 3258 reliquias,
824 3191 942 3241 tam
973 3204 1071 3242 eas
1094 3205 1218 3260 quae
1247 3189 1517 3260 primitus
1540 3191 1768 3246 directae

133 3267 356 3328 fuerant
395 3272 467 3328 de
515 3273 996 3342 Andoltisbuoch,
1049 3293 1224 3348 quam
1271 3277 1416 3334 alias
1467 3279 1681 3335 multas
1714 3286 1770 3336 et

136 3359 475 3433 magnificas
507 3361 818 3433 (contulit).

846 3449 874 3520 ξ
907 3449 1046 3505 xxx.

195 3533 411 3590 Deinde
463 3551 596 3591 cum
647 3536 800 3591 idem
858 3536 1019 3594 locus
1070 3540 1348 3611 proficere
1403 3543 1670 3614 cmpisset
1716 3547 1771 3598 et

131 3613 422 3690 ditescere,
447 3631 745 3697 coeperunt
767 3630 1014 3683 tractare
1037 3645 1151 3700 qua
1182 3629 1404 3685 ratione
1427 3613 1579 3686 idem
1612 3632 1772 3688 locus

129 3709 387 3770 libertate
415 3713 603 3786 possit
632 3711 855 3770 donari.
897 3716 976 3772 De
1024 3717 1131 3773 hoc
1179 3718 1359 3790 igitur
1415 3719 1512 3774 diu
1572 3721 1768 3776 habito

133 3799 362 3856 consilio
394 3801 764 3870 invenerunt,
808 3805 1143 3862 nullatenus
1193 3807 1302 3862 hoc
1352 3808 1560 3864 melius
1599 3827 1768 3881 posse

135 3883 247 3944 ﬁeri
259 3931 272 3956 ,
289 3889 407 3945 nisi
422 3895 487 3945 ut
500 3907 694 3948 comes
713 3893 1016 3949 Udalricus
1036 3895 1259 3951 Petrish
1272 3899 1465 3953 usensi
1487 3903 1770 3955 monaste-

137 3975 215 4032 rio
243 3979 551 4051 praedium,
583 3982 737 4052 quod
771 3982 984 4038 dicitur
1023 3983 1368 4056 Biginhusin
1411 3987 1580 4057 (882),
1613 3989 1765 4060 quod

136 4071 292 4147 pater
320 4085 466 4125 suus
497 4068 636 4126 olim
668 4071 999 4139 donaverat,
1031 4075 1320 4141 redderet,
1352 4080 1409 4130 et
1453 4076 1576 4147 ipse
1607 4095 1770 4134 versa

136 4145 249 4211 vice
275 4155 641 4230 Brigantium
665 4161 1066 4216 amonasterio
1137 4163 1432 4234 reciperet.
1466 4145 1766 4237 8iquidem

133 4237 275 4300 idem
297 4251 496 4303 comes
512 4247 704 4302 adhuc
725 4247 1064 4305 adolescens
1089 4250 1242 4307 852
1265 4250 1446 4307 ﬁliam
1468 4254 1767 4309 Wernheri

132 4333 351 4391 comitis
381 4334 456 4391 de
484 4335 909 4394 Habichisburc
947 4339 1096 4410 (883)
1131 4340 1244 4395 sibi
1291 4341 1765 4412 desponsaverat,

130 4423 179 4474 et
195 4421 244 4476 ei
265 4423 568 4494 sponsalia
577 4426 915 4495 juramento
929 4427 1256 4482 ﬁrmaverat
1276 4445 1287 4482 :
1311 4431 1407 4484 sed
1425 4430 1766 4501 priusquam

127 4523 242 4564 eam
263 4511 569 4584 acciperet,
593 4511 826 4569 devenit
847 4531 980 4570 cum
1020 4515 1204 4571 Welfo
1216 4533 1288 4572 ne
1339 4517 1484 4573 duce
1533 4519 1604 4574 ad
1627 4519 1768 4575 Cha-

128 4593 430 4672 laminzam
470 4601 639 4672 (884),
685 4607 742 4658 et
786 4603 1058 4658 concubit
1108 4603 1357 4660 latenter
1387 4622 1522 4661 cum
1556 4607 1766 4663 Bertha

1867 704 2185 771 cogeretur,
2213 705 2270 754 et
2291 700 2695 770 juramentum
2733 699 2886 772 quod
2921 699 3050 756 ﬁliai
3096 700 3397 758 Wernheri
3421 703 3514 775 ju-

1869 793 2093 842 raverat
2123 788 2470 856 emendavit,
2507 793 2562 843 et
2592 789 2785 844 omnia
2815 805 2940 860 quae
2989 788 3072 844 illi
3121 791 3515 863 spoponderat

1869 876 1938 930 de
1970 877 2092 932 suis
2144 877 2393 948 propriis
2437 877 2712 932 reddidit.
2767 877 2932 947 Unde
2981 878 3200 935 factum
3244 884 3515 949 est,'cum

1869 965 2259 1036 quorumdam
2292 982 2534 1020 suorum
2562 966 3037 1022 ministerialium
3063 968 3329 1024 redditus
3352 972 3409 1024 et
3429 969 3522 1025 be-

1872 1053 2074 1108 neficia
2117 1053 2251 1108 illuc
2284 1054 2464 1120 daret,
2499 1058 2554 1110 et
2584 1070 2682 1110 eos
2723 1053 2868 1110 alias
2921 1060 3181 1127 poneret,
3233 1060 3299 1111 ut
3343 1058 3519 1113 etiam

1871 1143 2157 1212 quosdam
2182 1142 2250 1196 ad
2277 1142 2621 1214 Biginhusin
2646 1143 3009 1210 transferret,
3050 1160 3302 1216 quorum
3325 1150 3522 1218 poste-

1869 1230 2011 1285 ritas
2042 1230 2233 1285 adbuc
2297 1230 2374 1284 ibi
2432 1232 2607 1303 viget.
2676 1233 2820 1304 Ergo
2875 1249 2945 1288 ex
2989 1233 3118 1300 hac,
3177 1238 3242 1289 ut
3294 1237 3521 1305 opinor,

1875 1320 2178 1373 occasione
2224 1319 2377 1374 idem
2428 1322 2707 1390 praedium
2759 1323 3112 1379 monasterio
3153 1323 3518 1380 subtractum

1874 1406 2088 1462 fuerat.

2589 1516 2619 1587 ς
2649 1516 2814 1572 xxu.

1950 1627 2148 1700 Igitur,
2184 1634 2249 1684 ut
2291 1631 2564 1702 superius
2612 1631 2838 1687 dictum
2887 1635 2996 1698 est,
3049 1637 3112 1688 ut
3161 1632 3522 1705 Brigantium

1868 1717 2144 1788 reciperet
2198 1717 2513 1774 Udalricus
2594 1736 2809 1786 comes,
2867 1719 3224 1776 monasterio
3285 1721 3524 1794 quidem

1866 1806 2164 1862 Petrisbus
2197 1808 2543 1879 Biginhusin
2587 1809 2866 1873 restituit,
2913 1813 2970 1864 et
3010 1808 3082 1864 de
3111 1810 3529 1868 Andoltisbuoc

1876 1899 1932 1950 et
1954 1899 2376 1951 Hasuunouwa
2397 1896 2539 1951 nihil
2563 1900 2651 1952 est
2667 1903 2919 1970 gestum.
2944 1897 3052 1954 Sed
3077 1899 3230 1970 quod
3249 1899 3526 1970 primitus

1791 1983 1837 2048 B
1872 1989 2062 2046 fuerat
2107 1993 2300 2040 actum
2351 1986 2631 2041 remansit
2680 1988 3004 2054 intactum;
3050 2003 3118 2042 ex
3167 1988 3526 2060 negligentia

1877 2078 2073 2128 autem
2114 2079 2448 2130 nostrorum
2499 2075 2676 2130 cessit
2718 2075 2776 2130 in
2809 2091 2984 2131 usum
3015 2075 3521 2148 Brigantinorum,

1875 2163 2143 2232 quamvis
2167 2162 2339 2218 etiam
2365 2164 2769 2219 concambium
2789 2163 3196 2237 Brigantinum
3216 2180 3329 2220 non
3348 2164 3526 2221 fuerit

1877 2248 2205 2321 legitimum
2226 2253 2530 2324 ;quoniam
2546 2257 2600 2307 et
2628 2252 2969 2324 Biginhusin
2995 2253 3159 2324 prius
3183 2253 3522 2309 monasterii

1877 2340 2089 2406 fuerat,
2124 2339 2320 2394 ethoc
2379 2345 2520 2395 tunc
2572 2342 2707 2412 jure
2760 2341 2932 2396 etiam
2983 2339 3107 2396 sine
3158 2341 3527 2414 coemptione

1877 2431 2213 2482 restitutum
2240 2429 2394 2499 quod
2435 2429 2623 2484 fuerat
2672 2429 2872 2484 fraude
2898 2428 3179 2484 ablatum.
3215 2429 3318 2484 Pro
3349 2445 3523 2486 orna—
3596 2443 3611 2458 '

1877 2518 2090 2571 mentis
2121 2521 2316 2571 autem
2349 2525 2401 2572 et
2433 2517 2785 2574 utensilibus
2817 2517 3071 2573 ecclesia:
3104 2522 3222 2573 tam
3258 2518 3318 2573 in
3349 2518 3531 2576 sacris

1876 2606 2137 2660 vestibus
2167 2610 2223 2660 et
2255 2605 2503 2661 metallis
2533 2612 2590 2661 et
2642 2605 2808 2662 libris
2857 2622 3032 2678 quam
3078 2606 3137 2662 in
3189 2612 3525 2664 sanctarum

1877 2693 2142 2764 reliquis,
2179 2711 2304 2765 quae
2333 2711 2368 2750 a
2407 2695 2761 2750 monasterio
2810 2694 2948 2749 illuc
3007 2694 3237 2751 fuerant
3284 2696 3524 2764 directa,

1875 2785 1939 2836 ut
1966 2781 2084 2836 illic
2117 2788 2542 2853 permanerent,
2575 2784 2712 2838 data
2741 2788 2880 2840 sunt
2908 2800 3016 2839 xxx
3048 2783 3287 2839 talenta.
3313 2785 3417 2841 His
3439 2785 3522 2841 ita

1875 2871 2052 2943 gestis
2085 2876 2383 2942 coeperunt
2413 2871 2719 2928 ecclesiam
2749 2889 2817 2927 ex
2866 2871 3162 2945 lapidibus
3209 2867 3515 2930 tadilicare.

2574 2991 2600 3054 ς
2629 2988 2821 3044 XXIII.

1950 3093 2055 3147 Per
2084 3094 2240 3148 idem
2289 3099 2518 3165 tempus
2569 3095 2878 3151 Udalricus
2923 3111 3120 3152 comes
3165 3096 3419 3168 perrexit
3455 3097 3525 3154 ad

1879 3182 2210 3255 Bretingen,
2244 3188 2299 3238 et
2331 3183 2410 3238 ibi
2440 3200 2543 3256 per
2580 3184 2804 3257 aliquot
2851 3185 2976 3241 dies
3021 3187 3362 3242 morabatur
3389 3203 3525 3243 cum

1881 3271 2258 3326 multitudine
2290 3289 2565 3340 suorum;
2601 3279 2658 3328 et
2690 3274 2942 3345 quadam
2968 3274 3061 3330 die
3081 3275 3379 3343 juvenculi
3397 3281 3530 3348 post

1799 3353 1840 3418 C
1883 3361 2195 3431 prandium
2219 3362 2790 3430 ascenderuntjuxta
2809 3360 2866 3415 in
2900 3361 3282 3432 supercilium
3307 3364 3524 3420 montis

1880 3447 2111 3516 excelsi,
2161 3452 2216 3503 et
2256 3452 2556 3520 coeperunt
2601 3465 2740 3504 saxa
2782 3435 3038 3504 evolvere
3089 3449 3148 3505 in
3195 3449 3400 3505 vallem
3426 3452 3521 3522 jo-

1880 3536 2050 3590 candi
2083 3537 2288 3608 gratia.
2317 3537 2388 3592 Et
2419 3553 2548 3591 ecce
2572 3553 2724 3592 unus
2769 3537 3004 3592 nomine
3034 3538 3280 3608 Opertus
3311 3556 3519 3595 saxum

1878 3623 2104 3691 evolvit,
2139 3629 2194 3679 et
2225 3631 2289 3678 ut
2318 3640 2379 3679 se
2427 3625 2820 3692 observarent,
2875 3625 2974 3696 qui
3025 3625 3236 3682 subtus
3287 3627 3345 3682 in
3376 3627 3523 3684 valle
3555 3686 3560 3692 ,

1878 3719 2064 3783 erant,
2109 3713 2508 3786 proclamavit.
2545 3714 2769 3769 Accidit
2809 3718 3005 3769 autem
3035 3718 3101 3769 ut
3123 3731 3320 3771 comes
3351 3715 3524 3773 Udal-

1879 3801 2032 3856 ricus
2070 3807 2305 3857 econtra
2342 3803 2764 3871 deambularet,
2804 3807 2860 3857 et
2891 3803 3043 3859 858
3085 3803 3266 3860 ictum
3315 3805 3525 3878 lapidis

1879 3889 2166 3946 declinare
2211 3891 2419 3959 noluit,
2469 3893 2566 3948 sed
2620 3892 2771 3947 saltu
2819 3891 3118 3947 transilire
3183 3893 3384 3961 voluit,
3419 3896 3521 3950 sed

1879 3979 2026 4050 lapis
2055 3996 2188 4035 eum
2238 3981 2297 4035 in
2349 3981 2492 4035 tibia
2539 3980 2828 4052 percussit
2871 3985 2928 4036 et
2974 3979 3280 4053 confregit,
3315 3986 3373 4037 e't
3402 3999 3523 4039 non

1878 4066 2062 4122 multo
2096 4074 2226 4139 post
2269 4069 2423 4125 mala
2467 4069 2657 4125 vesica
2689 4070 2955 4137 accrevit,
2988 4084 3242 4142 eumque
3272 4070 3332 4127 in
3362 4070 3521 4127 brevi

1876 4155 2148 4212 exstinxit
2198 4159 2363 4228 (886).
2417 4159 2616 4229 Itaque
2664 4157 3027 4231 Brigantiam
3085 4157 3339 4228 delatus,
3387 4176 3522 4216 cum

1876 4244 2118 4300 ecclesia
2145 4247 2394 4302 necdum
2434 4251 2588 4302 esset
2639 4247 2880 4314 deicata,
2905 4245 3236 4318 insepultus
3257 4249 3524 4305 servaba-

1876 4339 1991 4400 tur,
2021 4352 2326 4406 quousque
2354 4337 2662 4408 episcopus
2685 4337 2756 4390 ad
2785 4336 3176 4391 dedicandum
3196 4338 3519 4394 oratorium

1875 4429 2304 4479 convocaretur.
2319 4426 2514 4480 Abbas
2527 4429 2719 4480 autem
2739 4423 3144 4479 Theodoricus
3156 4425 3404 4480 audiens
3423 4442 3521 4482 eos

1878 4527 2266 4581 murmurare,
2298 4515 2450 4585 quod
2485 4513 2828 4586 Biginhusin
2867 4513 2928 4568 in
2978 4528 3150 4569 suum
3173 4514 3277 4584 jus
3307 4513 3518 4570 iterum

1874 4599 2088 4656 vellent
2115 4601 2428 4669 retrahere,
2480 4602 2818 4658 nullatenus
2861 4601 3199 4674 episcopum
3251 4601 3520 4673 permisit

129 4670 239 4741 lilia
265 4670 492 4745 Rudolli
522 4670 674 4762 (885)
707 4691 882 4762 regis,
919 4707 1162 4764 remque
1191 4693 1373 4748 voluit
1410 4693 1626 4751 latere:
1660 4697 1761 4752 sed
1797 4719 1843 4785 υ
1875 4689 2273 4785 “ﬂeficle‘siam
2323 4692 2636 4785 dedicaret?
2690 4670 3004 4762 antequam
3057 4670 3274 4785 Ῐῧθςώῑξ
3317 4689 3520 4785 ξθξίριδ

129 4773 308 4842 puella
325 4777 737 4851 promulgavit,
763 4780 965 4852 sicque
988 4781 1206 4837 factum
1222 4787 1312 4838 est
1325 4787 1390 4837 ut
1407 4783 1763 4856 propinquo-

172 4925 335 5006 .(880)
365 4933 449 4991 Ex
475 4937 746 4992 contextu
788 4938 1111 4995 Ludovicus
1139 4939 1235 4996 hic
1295 4949 1490 4998 comes
1537 4942 1766 4999 Pfulen-

132 4997 410 5082 dorfen'sis
466 5007 650 5082 fuisse
692 5007 996 5078 evincitur,
1022 5011 1120 5082 qui
1151 5012 1297 5068 forte
1328 4997 1502 5068 etiam
1537 4997 1763 5070 Hellen-

131 5072 432 5168 gainensis
463 5078 801 5168 mihisitque
858 5082 906 5137 is
963 5072 1085 5168 ipse
1142 5083 1308 5168 facile
1367 5085 1762 5168 fp_erit,_cujus

133 5149 354 5224 uxorem
379 5151 578 5224 rapuit
603 5149 734 5207 Otto
765 5149 1079 5224 comesfut
1105 5154 1353 5220 videtur,
1386 5149 1763 5214 Mont’l'ortius

124 5220 536 5294 juxta_La;ium
561 5240 616 5294 p.
642 5223 910 5278 553.Vid.
933 5225 1226 5280 Bertholdi
1249 5226 1460 5281 Chron.
1481 5244 1575 5282 an.
1598 5231 1756 5286 1089.

134 5352 164 5368 η
187 5288 332 5368 (881)
358 5288 580 5368 Exinde
598 5294 904 5368 discimus,
934 5297 1352 5368 monasterium
1375 5298 1610 5368 diujam
1625 5306 1760 5356 ante

354 5365 683 5438 extructum
709 5381 856 5438 pene
880 5353 1145 5424 funditus
1168 5368 1347 5423 fuisse
1368 5353 1755 5427 destructum:

131 5421 729 5514 Vidgﬁgal'liaﬁhrist.‘
755 5437 792 5491 1.
814 5421 818 5422 ί
839 5421 896 5514 lc.
917 5421 1250 5514 ’Brusﬁhiﬁs
1265 5421 1341 5514 ξῖεί
1371 5421 1752 5514 λξβξίᾘιὶεξῑᾱζ

366 5503 785 5585 globishausen
841 5508 924 5585 in_
964 5509 1225 5585 capitulo
1271 5502 1750 5585 Mundcrking'en.

211 5573 332 5655 88_3_)
366 5575 853 5655 Hic}}’ernherus
878 5581 926 5634 II
963 5573 1262 5655 comesde
1298 5582 1604 5655 Habeburg
1621 5573 1752 5638 Esse

133 5633 335 5717 debuit,
366 5663 420 5702 a.
455 5647 586 5704 1096
605 5633 934 5717 demotus,
959 5633 1754 5710 cassias?mammis;

130 5706 445 5796 bergot'tus,
477 5723 518 5796 t.
550 5718 592 5796 l,
627 5737 684 5793 p.
718 5723 822 5777 142
852 5706 1750 5796 ItamvRudolphodew'l‘ierstein

131 5789 314 5850 postea
333 5788 682 5862 copulatam.

1877 4777 2132 4834 Udalrici
2163 4797 2297 4836 cum
2332 4797 2510 4837 manu
2555 4780 2808 4836 ﬁliorum
2858 4791 3102 4836 suorum
3150 4778 3441 4852 Rudolphi
3466 4784 3524 4837 et

1945 4938 2089 5010 (88.1)
2123 4939 2557 5022 Inga‘latinatu
2575 4940 2873 5022 superiore
2901 4941 3240 5022 seu_ducatu
3262 4940 3520 4997 Neobur-

1872 5007 2018 5084 gico,
2053 5007 2151 5084 qui
2184 5011 2491 5084 welphoni
2525 5007 2831 5084 duci-tunc
2863 5013 3127 5084 parebat.

1943 5081 2096 5156 (885);
2123 5081 2394 5156 Bertham
2418 5082 2568 5138 hanc
2590 5081 2850 5156 plerique
2863 5081 3167 5156 Rudolphi
3200 5081 3432 5140 comitis
3453 5085 3521 5140 de

1873 5150 2238 5228 Rhint'elden,
2273 5159 2473 5228 postea
2505 5150 2860 5228 anticglesaris
2894 5150 3085 5228 filiani
3129 5159 3522 5228 statuunt,ex

1869 5223 2187 5297 adelhaide
2219 5223 2475 5280 secunda
2509 5228 2636 5296 ejus
2668 5223 2881 5280 uixere.
2937 5226 3018 5282 De
3066 5227 3284 5297 quibus
3321 5223 3520 5283 fusius

1870 5295 2015 5351 Cels.
2042 5298 2354 5352 Gerberius
2378 5297 2435 5350 in
2461 5295 2711 5352 tractatu
2734 5297 2806 5352 de
2827 5295 3137 5369 Rudolplio
3154 5299 3516 5354 anticasare.

1914 5407 1926 5418 .
1963 5371 2082 5436 118,
2120 5369 2220 5422 143
2243 5385 2406 5436 seqq.
2586 5403 2592 5408 -

1868 5381 1926 5436 ρ.
1963 5381 2082 5436 118,
2120 5381 2220 5422 145
2243 5385 2406 5440 seqq.
2586 5403 2592 5408 -

1949 5442 2095 5510 (886)
2121 5439 2528 5512 Mortemiejus
2557 5439 2628 5494 ad
2653 5455 2871 5512 annum
2897 5440 3036 5512 1097
3071 5438 3272 5509 paucis
3295 5437 3510 5512 descri-

1865 5513 1951 5568 bit
1984 5509 2330 5566 Bertholdus
2361 5511 2664 5565 Constant.
2702 5511 2759 5564 in
2809 5510 3116 5572 Chronico,
3162 5523 3411 5576 eumque
3442 5509 3515 5562 27

1866 5579 1990 5640 Oct.
2024 5584 2080 5636 in
2122 5583 2353 5657 condito
2384 5599 2414 5657 a
2451 5599 2512 5636 se
2545 5580 2894 5657 monasterio
2946 5577 3239 5657 sepultum
3290 5584 3508 5657 narrat,

1863 5657 1933 5710 ad
1963 5671 2136 5726 quem
2152 5654 2303 5726 diem
2327 5652 2849 5726 etiamnotaturin
2883 5649 3138 5726 antiquoi
3166 5649 3509 5726 monasterii

1861 5714 2022 5780 illius
2047 5725 2287 5780 Necrolo
2333 5725 2406 5788 io,
2436 5724 2524 5779 uti
2557 5730 2614 5779 et
2645 5721 2861 5778 Berthze
2906 5714 3071 5798 conju
3193 5714 3264 5795 ad
3293 5715 3365 5766 20
3395 5717 3505 5796 J_a-

1861 5795 2050 5843 nuarii
2074 5794 2131 5843 in
2155 5742 2509 5843 Zvvigiltansi
2539 5793 2746 5843 Bertha
2765 5790 3063 5843 comitissa
3078 5732 3154 5843 Ξῖ
3174 5784 3471 5843 Βηεζᾱυΐιη
3489 5831 3500 5843 .

1858 5795 2053 5853 nuarii
2074 5794 2133 5850 in
2153 5793 2512 5853 Zwifaltcnsi
2537 5793 2746 5851 Bertha
2765 5793 3063 5847 comitissa
3083 5793 3154 5843 de

3174 5783 3471 5853 Brigantia
3489 5831 3500 5846 .
