3894 6402
441 439 558 508 84⁸7
1133 433 1524 504 APPENDIX
1569 438 1672 502 AD
1716 437 2158 504 CHRONICON
2203 439 2613 506 HERMANNI
2657 435 3122 504 GONTRACTI.
3713 431 3816 504 διε

444 575 698 636 Udalrici
719 575 864 648 (887)
887 573 1256 648 Birginhusia
1276 589 1468 630 coram
1497 571 2070 646 plurimisetlibertis
2100 571 2156 640 Α
2185 573 2534 648 rosolymam
2583 574 2896 647 profectus,
2945 573 3004 630 in
3061 571 3188 646 ipso
3235 565 3448 630 itinere
3496 587 3534 628 a
3585 571 3816 644 paganis

445 670 504 724 et
521 664 828 724 servilibus
867 667 924 720 S.
959 664 1230 736 Gregorio
1261 668 1536 735 perpetuo
1571 662 1630 717 in
1663 662 2074 733 proprietatem
2183 667 2408 734 captus,
2433 667 2487 720 et
2511 661 2805 720 Corozaim
2819 662 3112 719 civitatem
3131 661 3450 733 perductus
3473 663 3534 716 et
3554 659 3814 718 custodia

442 749 2070 824 conﬁrmaret.EtsicBrigantiumiulibertatedimissum,
2183 752 2568 824 mancipatus,
2603 769 2668 808 ac
2709 755 3001 824 postremo
3046 750 3324 822 martyrio
3373 753 3696 806 coronatus
3725 755 3816 806 est.

441 861 512 902 ea
553 849 750 900 tamen
796 842 1144 911 conditione,
1207 847 1271 897 ut
1323 841 1400 896 ibi
1461 840 1790 896 habitantes
1843 855 2074 909 semper
2251 841 2500 914 §XXVI.
2529 841 2708 912 Igitur
2731 857 2830 894 rex
2850 839 3154 896 Heinricus
3175 838 3451 894 abbatem
3489 839 3818 896 monasterii

442 943 766 1006 respectum
791 933 862 988 ad
891 933 1138 988 Domum
1173 931 1318 986 Petri
1355 929 1649 994 haberent,
1683 926 1990 984 consilium
2016 931 2071 982 et
2181 928 2237 984 S.
2263 929 2408 986 Galli
2441 931 2584 1000 (791)
2609 927 2995 1000 patriarcham
3020 927 3174 1000 apud
3196 927 3578 1000 Aquilegiam
3621 929 3818 984 consti-

441 1021 866 1095 auxilium,regi
876 1037 1004 1076 men
1019 1023 1072 1075 et
1085 1020 1350 1075 abbatem
1365 1019 1378 1072 i
1391 1019 1497 1073 nde
1517 1018 1877 1084 haberent,et
1891 1031 2070 1071 unum

447 1115 622 1184 atque
667 1111 822 1168 idem
870 1112 1083 1165 essent.
1115 1111 1302 1180 Atque
1356 1108 1434 1162 ita
1477 1108 1714 1162 demum
1747 1105 2068 1160 oratorium

440 1205 528 1258 est
571 1201 984 1264 dedicatum,et
1031 1214 1243 1268 corpus
1282 1195 1538 1250 Udalrici
1569 1194 1710 1248 inibi
1745 1193 2064 1264 sepultum.

853 1306 903 1377 §.
937 1304 1130 1360 XXIV.
1163 1307 1236 1360 De
1275 1301 1648 1372 Waginhusin.

505 1429 568 1479 Et
598 1427 722 1479 erat
749 1421 836 1476 vir
865 1420 1098 1485 nobilis,
1133 1419 1224 1474 cui
1277 1435 1488 1473 nomen
1537 1419 1740 1482 Tuoto,
1791 1415 1888 1486 qui
1923 1431 2063 1485 pra:-

432 1515 598 1569 dium
629 1527 802 1567 suum
830 1509 984 1580 apud
1018 1507 1404 1579 Waginhusin
1445 1507 1612 1576 (888),
1641 1509 1697 1560 et
1729 1503 1840 1559 alia
1871 1502 2066 1558 omnia

433 1619 562 1674 qua
591 1599 845 1654 habebat
865 1614 930 1652 ac
969 1597 1348 1668 semetipsum
1380 1596 1449 1650 ad
1492 1594 1801 1650 Scafbusin
1835 1591 2061 1659 obtulit,

433 1694 490 1746 et
519 1687 815 1760 aliquanto
837 1691 1095 1757 tempore
1117 1685 1194 1739 ibi
1221 1685 1278 1739 in
1302 1689 1500 1739 sancto
1524 1683 1818 1754 proposito
1843 1680 2061 1752 deguit.

433 1778 640 1834 Postea
659 1793 720 1832 se
734 1774 1014 1840 etomnia,
1035 1790 1158 1844 quae
1181 1772 1320 1828 illuc
1337 1772 1674 1836 tradiderat,
1691 1769 2061 1834 subtrahens,

430 1866 612 1923 tantis
631 1863 1020 1920 eosmolestiis
1034 1861 1238 1916 afﬂixit
1269 1865 1332 1915 ut
1365 1860 1414 1915 ei
1447 1859 1678 1914 tandem
1721 1858 1832 1912 tria
1851 1857 2066 1929 praedia

432 1956 746 2020 traderent,
775 1955 832 2008 et
873 1968 934 2007 se
981 1949 1335 2014 abdicarent,
1387 1947 1606 2004 scilicet
1651 1945 2064 2018 Waginhusin,
2098 1935 2144 2000 Β

431 2045 586 2101 ³54
617 2041 714 2098 ubi
737 2042 864 2112 jam
897 2038 1100 2094 cellam
1143 2039 1414 2093 fecerant.
1473 2034 1766 2108 Capellam
1819 2039 1874 2088 et
1903 2034 2060 2088 Hon-

430 2132 626 2198 stetin,
649 2135 714 2185 ut
731 2129 938 2186 saltem
961 2127 1070 2199 ipsi
1094 2131 1298 2182 caetera
1319 2125 1512 2196 quiete
1547 2123 1928 2196 possiderent.
1949 2123 2064 2176 Hoc

430 2223 655 2292 patrato
675 2217 829 2273 idem
849 2218 1033 2272 Tuoto
1049 2217 1174 2284 jam
1207 2214 1424 2268 dictam
1449 2211 1650 2268 cellam
1675 2211 2062 2280 Waginhusin

429 2323 562 2363 cum
575 2307 848 2362 omnibus
861 2302 1217 2376 appendiciis
1230 2301 1352 2358 suis
1364 2299 1792 2356 Constantiensi
1807 2298 2065 2354 ecclesias

427 2393 690 2460 tradidit,
716 2397 943 2448 astante
977 2389 1354 2446 Scafbusensi
1407 2390 1612 2444 abbate
1658 2387 1974 2454 Adilberto,
2010 2393 2064 2442 et

431 2485 560 2554 ejus
579 2483 852 2538 advocato
873 2480 1164 2536 Adilberto
1187 2479 1394 2534 comite
1425 2479 1496 2532 de
1529 2477 1882 2532 Morisberch
1918 2477 2062 2547 (889)

428 2577 486 2628 et
499 2571 766 2644 pluribus
777 2587 844 2625 ex
859 2568 1154 2634 fratribus,
1171 2583 1273 2622 nec
1288 2565 1847 2630 contradicentibus;
1869 2568 2062 2618 actum

427 2661 486 2716 in
501 2659 734 2733 publica
745 2658 963 2732 synodo
977 2656 1323 2712 Constantia:
1343 2672 1535 2711 coram
1552 2653 1822 2726 plurimis
1839 2653 2062 2708 idoneis

422 2749 692 2806 testibus.
717 2747 1093 2804 Gebehardus
1118 2749 1308 2800 autem
1323 2744 1630 2816 episcOpus
1645 2743 1926 2798 traditum
1951 2743 2060 2798 sibi

422 2839 617 2895 locum
663 2836 1019 2894 Theoderico
1077 2833 1274 2890 abbati
1338 2833 1789 2898 commendavit,
1837 2835 1894 2886 et
1936 2831 2062 2902 ipse

425 2927 633 2983 fratres
661 2926 901 2981 idoneos
949 2923 1085 2978 illuc
1133 2922 1391 2988 adduxit,
1445 2939 1545 2993 per
1593 2937 1738 2992 quos
1787 2920 2058 2974 eumdem

424 3015 622 3071 locum
643 3012 844 3068 multis
864 3011 1029 3067 annis
1047 3010 1313 3066 excoluit.
1339 3009 1473 3064 Post
1502 3008 1621 3062 haec
1643 3006 2060 3062 Scafhusenses

429 3107 486 3158 et
507 3100 1055 3156 hazredesTuotonis
1076 3101 1367 3169 casperunt
1385 3098 1576 3168 ipsum
1593 3095 1782 3150 locum
1798 3095 2062 3149 addicere

429 3193 775 3254 asserentes,
800 3204 932 3243 eum
951 3188 1020 3241 ad
1056 3203 1115 3241 se
1130 3187 1262 3257 jure
1283 3185 1514 3255 utrique
1543 3183 1846 3255 pertinere,
1875 3197 1939 3236 ac
1961 3199 2061 3253 per

425 3279 534 3335 hoc
565 3279 919 3334 incremento
949 3277 1076 3345 eius
1120 3289 1308 3345 usque
1341 3274 1400 3328 in
1449 3289 1704 3345 praesens
1737 3271 2052 3326 maximum
2087 3301 2130 3368 Ο

420 3367 904 3442 impedimentum
937 3365 1115 3420 fuere.

845 3483 874 3550 §
901 3479 1064 3535 XXV.
1096 3481 1169 3534 De
1209 3481 1457 3533 Heinrico
1487 3494 1628 3549 rege.

488 3590 594 3644 Per
613 3589 770 3644 idem
793 3591 1026 3658 tempus
1047 3586 1263 3658 grande
1286 3585 1546 3640 schisma
1564 3587 1688 3640 erat
1719 3585 1776 3639 in
1803 3583 2058 3640 Ecclesia

419 3681 655 3750 propter
683 3674 1342 3732 excommunicationem
1375 3674 1602 3728 Henrici
1626 3674 1796 3745 regis,
1838 3677 1893 3728 et
1927 3674 2054 3743 ejus

418 3765 632 3822 intrusi
659 3764 926 3836 Wiperti,
959 3762 1087 3818 aliis
1117 3763 1231 3828 his,
1265 3767 1320 3816 et
1343 3761 1473 3816 aliis
1515 3761 1778 3817 Ecclesia:
1813 3763 2054 3817 faventi-

419 3855 531 3910 bus
556 3871 568 3910 :
599 3870 668 3910 ac
697 3870 799 3926 per
827 3852 936 3908 hoc
971 3850 1152 3923 aliqui
1183 3850 1588 3923 episcoporum
1612 3851 1862 3923 propriis
1885 3851 2056 3922 pelle-

417 3943 634 3999 bantur
657 3947 714 3998 et
737 3957 977 4015 peregre
1006 3941 1380 4012 vagabantur.
1407 3939 1469 3995 In
1491 3940 1704 4011 quibus
1731 3939 1925 3996 Diemo
1955 3940 2056 3994 Ju-

416 4031 684 4088 vavensis
714 4030 860 4102 (890)
895 4029 1366 4102 archiepiscopus
1397 4027 1599 4084 multis
1635 4027 1840 4084 diebus
1871 4027 2054 4096 exsul,

419 4137 556 4175 cum
585 4118 923 4176 Gebehardo
954 4116 1380 4174 Constantiensi
1427 4117 1694 4188 episcopo
1745 4117 1900 4188 apud
1933 4131 2056 4171 mo-

421 4207 744 4266 nasterium
770 4207 988 4264 Domus
1015 4205 1164 4263 Petri
1193 4206 1558 4272 morabatur,
1604 4221 1669 4260 ac
1703 4209 1904 4277 postea
1927 4206 2058 4261 Hie-

491 4331 639 4402 (887)
688 4330 768 4386 De
823 4329 958 4402 filiis
1005 4329 1264 4402 iUdalrici
1308 4328 1646 4402 Brigantini
1701 4329 1930 4402 comitis
1991 4345 2058 4385 ex

421 4400 630 4474 Bertha
659 4401 1093 4474 agensgLazius
1126 4417 1159 4457 a
1185 4417 1268 4474 se
1305 4400 1432 4474 ipso
1483 4400 1774 4474 dissentit,
1825 4401 1966 4474 dum
1999 4402 2056 4456 in

419 4469 732 4530 comitibus
769 4472 1134 4544 iBrigantinis
1175 4473 1254 4542 (p.
1286 4473 1447 4544 Δ55η
1496 4469 1841 4544 υάαιιιὶουωί
1871 4471 2056 4526 filium

419 4544 692 4602 comitem
766 4541 1096 4614 Brigantize,
1177 4541 1550 4614 Rudolphum
1621 4557 1753 4614 vero
1821 4543 2056 4597 fratrem

419 4616 694 4672 comitem
743 4615 812 4670 de
853 4613 1194 4670 Pfulendorf
1241 4613 1425 4669 fuisse
1477 4613 1706 4678 asserit,
1759 4619 2054 4669 auctorem

2179 1018 2310 1084 tuit,
2353 1023 2408 1073 et
2447 1023 2754 1090 utramque
2789 1021 3136 1088 potestatem
3159 1016 3376 1072 habere
3399 1015 3700 1088 permisit,
3731 1033 3818 1089 pro

2177 1123 2243 1162 eo
2277 1108 2430 1179 quod
2464 1123 2695 1178 semper
2719 1107 3015 1162 erroribus
3047 1105 3176 1174 ejus
3195 1109 3315 1160 toto
3340 1105 3560 1160 adnisu
3587 1105 3818 1174 favebat,

2177 1196 2278 1268 qui
2303 1214 2336 1251 a
2357 1196 2616 1266 Wipcrto
2648 1195 2949 1249 ordinatus
2991 1197 3192 1248 contra
3230 1192 3558 1248 catholicos
3581 1194 3820 1266 tyranni-

2177 1286 2307 1342 dem
2326 1285 2646 1340 exercebat.
2677 1285 2752 1338 Ea
2778 1284 2848 1338 de
2869 1299 3048 1338 causa
3075 1283 3252 1337 etiam
3289 1298 3488 1354 regem
3525 1282 3820 1354 instigavit

2175 1380 2239 1428 ut
2260 1373 2644 1429 venerabilem
2661 1371 2956 1426 Gebehard
2969 1388 3066 1426 um
3082 1371 3606 1426 Constantiensem
3619 1371 3822 1443 episco-

2175 1479 2314 1534 pum
2337 1461 2667 1532 depelleret,
2701 1465 2758 1514 et
2795 1457 2947 1515 855
2986 1457 3166 1514 alium
3195 1476 3296 1532 pro
3330 1474 3396 1515 eo
3419 1459 3818 1526 constitueret,

2173 1567 2238 1606 eo
2262 1551 2414 1622 quod
2439 1550 2560 1620 ipse
2575 1564 2896 1620 numquam
2913 1547 2962 1602 ei
2977 1546 3062 1602 vel
3077 1545 3252 1602 alicui
3267 1547 3576 1604 fautorum
3589 1564 3818 1604 suorum

2178 1638 2294 1695 ulla
2311 1638 2530 1694 ratione
2545 1635 2978 1691 communicare
3005 1635 3306 1690 voluisset.
3333 1637 3471 1692 Erat
3491 1635 3662 1692 enim
3677 1637 3820 1692 idem

2174 1727 2548 1784 Gebehardus
2623 1731 2760 1780 tunc
2820 1723 3100 1796 temporis
3165 1723 3398 1796 legatus
3457 1729 3520 1780 et
3583 1723 3818 1780 vicarius

2173 1816 2523 1887 apostolicus
2541 1813 2596 1868 in
2620 1813 2996 1891 Theutonicis
3011 1813 3299 1885 partibus.
3323 1813 3460 1870 Jam
3480 1812 3818 1886 dictusergo

2177 1903 2476 1959 Udalricus
2499 1903 2597 1958 diu
2615 1919 2746 1957 cum
2761 1918 2892 1973 rege
2908 1901 3342 1974 conspiratione
3361 1901 3576 1958 habita
3593 1903 3816 1958 demum

2177 1992 2387 2048 obtulit
2404 1992 2452 2048 ei
2476 2009 2657 2047 unum
2681 1992 2750 2046 de
2763 1990 3066 2046 monachis
3081 1991 3228 2058 suis,
3243 1992 3818 2048 nomineArnoldum

2174 2082 2244 2138 de
2274 2082 2684 2136 Sanctomonte
2721 2079 3112 2152 progenitum,
3163 2081 3524 2152 promittens
3579 2087 3666 2148 ut,
3697 2081 3742 2136 si
3773 2083 3816 2136 ei

2173 2170 2571 2244 episc0patum
2601 2169 2782 2234 daret,
2819 2169 2944 2239 ipse
2989 2185 3124 2224 eum
3173 2169 3401 2240 absque
3452 2170 3590 2240 ejus
3637 2169 3818 2226 labore

2172 2258 2510 2314 intruderct.
2551 2259 2744 2328 Itaque
2777 2273 2908 2312 eum
2941 2274 3040 2312 rex
3066 2257 3215 2312 votis
3247 2259 3377 2329 ejus
3411 2259 3816 2325 satisfecisset,

2172 2345 2267 2402 ille
2299 2347 2538 2400 domum
2570 2361 2872 2416 regressus
2902 2361 3034 2400 cum
3085 2361 3302 2418 magna
3349 2363 3538 2402 manu
3595 2347 3818 2404 militari

2173 2435 2488 2490 Arnoldum
2515 2434 2916 2490 Constantiam
2944 2433 3189 2490 adduxit
3215 2452 3227 2501 ;
3247 2435 3350 2490 sed
3367 2434 3632 2502 civibus,
3652 2437 3722 2492 ad
3737 2453 3818 2491 ar-

2173 2539 2268 2578 ma
2289 2523 2771 2578 concurrentibus
2803 2521 3008 2579 etforti
3029 2522 3359 2596 pertinacia
3381 2523 3816 2594 resistentibus,

2171 2611 2346 2668 inacti
2379 2615 2746 2667 recesserunt
2775 2611 2941 2682 (892).

2841 2701 2870 2772 ξ
2915 2697 3135 2756 xxvu.

2242 2790 2383 2845 Item
2407 2787 2708 2843 Hcinricus
2733 2787 2938 2844 fratres
2963 2787 3203 2844 Arnoldi
3237 2787 3566 2846 advocatus
3589 2790 3664 2846 de
3683 2791 3813 2848 San-

2169 2881 2458 2934 ctomonte
2490 2881 2835 2949 congregata
2879 2876 3256 2933 multitudine
3283 2894 3534 2934 suorum
3573 2879 3816 2948 advenit,

2168 2967 2306 3022 etin
2331 2965 2680 3020 monasterio
2726 2965 2782 3019 S.
2826 2963 3086 3036 Gregorii
3121 2965 3498 3037 tyrannidem
3543 2967 3818 3024 exercuit.

2167 3055 2312 3110 Nam
2335 3053 2605 3109 victualia
2626 3053 2870 3108 fratrum
2893 3053 3204 3110 temeraria
3235 3071 3414 3110 manu
3451 3055 3816 3126 invaserunt,

2167 3143 2390 3216 gladios
2425 3160 2562 3198 suos
2593 3141 2652 3196 in
2683 3158 2882 3196 eorum
2933 3140 3292 3198 animalibus
3332 3144 3744 3214 probaverunt
3771 3149 3821 3202 et

2171 3231 2355 3288 multa
2401 3229 2688 3302 flagitiosa
2717 3233 3140 3301 perpetrarunt.
3194 3231 3350 3286 Inter
3397 3231 3508 3288 has
3545 3231 3744 3290 varias
3773 3237 3825 3290 et

2169 3318 2548 3375 multimodas
2597 3318 3053 3374 conﬂictationes
3094 3318 3480 3376 Gebehardus
3503 3323 3822 3395 episcopus

2165 3409 2552 3464 munitionem
2575 3407 2686 3462 sibi
2709 3408 3031 3462 construxit
3053 3407 3109 3462 in
3127 3407 3315 3479 capite
3327 3408 3516 3464 Rheni
3535 3411 3822 3478 ﬂuminis,

2166 3498 2224 3552 in
2247 3497 2392 3570 ipsis
2423 3496 2680 3564 fluentis,
2703 3501 2766 3551 ut
2787 3496 2910 3568 ipse
2938 3495 3082 3550 inibi
3115 3499 3282 3553 tutus
3313 3513 3565 3556 manere
3603 3501 3824 3573 potuis-

2166 3593 2270 3644 set.
2305 3587 2388 3642 Ad
2422 3585 2697 3641 ultimum
2727 3589 2847 3640 tam
2879 3585 3059 3641 frater
3107 3587 3236 3656 ejus
3287 3586 3408 3642 dux
3463 3585 3828 3646 Bertholdus

2167 3693 2340 3748 quam
2365 3673 2550 3730 caeteri
2570 3691 2773 3730 omnes
2795 3690 2942 3746 pene
2962 3674 3221 3746 corrupti
3261 3679 3402 3730 sunt
3433 3677 3819 3747 muneribus,

2166 3771 2222 3821 et
2279 3761 2698 3820 abominabiles
2731 3761 2866 3818 facti
2898 3767 3036 3818 sunt
3053 3763 3200 3831 ei,et
3218 3780 3334 3819 non
3357 3769 3486 3820 erat
3519 3767 3634 3840 qui
3667 3767 3722 3823 ei
3751 3768 3830 3824 fa-

2165 3859 2318 3911 ceret
2343 3855 2581 3920 bonum,
2617 3867 2801 3923 usque
2832 3852 2903 3907 ad
2937 3868 3121 3906 unum
3151 3851 3621 3926 Theodoricum,
3657 3872 3828 3930 quem

2165 3943 2226 3998 in
2257 3941 2532 3998 omnibus
2562 3939 3040 3996 tribulationibus
3071 3941 3287 4012 reperit
3317 3941 3532 3998 ﬁdum.

2839 4033 2866 4098 §
2895 4029 3138 4086 XXVIII.

2239 4121 2442 4192 Itaque
2471 4135 2672 4174 eorum
2723 4117 2976 4190 perﬁdia
3023 4117 3218 4174 locum
3267 4119 3418 4176 dans
3469 4123 3750 4192 recessit,
3779 4127 3832 4178 et

2167 4223 2588 4280 usquequaque
2617 4223 2719 4278 per
2749 4222 2994 4278 regnum
3024 4207 3208 4262 vicem
3264 4207 3472 4264 domni
3515 4211 3830 4283 apostolici

2238 4331 2542 4388 Gebhardo
2567 4331 2855 4401 episc0po,
2892 4330 2991 4401 qui
3023 4329 3168 4385 illud
3213 4331 3419 4402 paucis
3471 4339 3620 4402 post
3663 4335 3831 4392 annis

2169 4405 2277 4460 sub
2319 4402 2624 4458 Adalberto
2673 4402 3051 4456 Scafhusensi
3100 4402 3310 4458 abbate
3357 4420 3410 4458 a.
3469 4402 3622 4461 1099
3653 4407 3830 4464 electo

2169 4491 2272 4530 ceu
2294 4491 2412 4529 rem
2434 4489 2600 4528 suam
2619 4472 3063 4528 Petershusanis
3081 4475 3538 4532 commendasse
3555 4477 3828 4542 refertur,

2170 4546 2323 4601 unde
2354 4544 2944 4618 etiamprimossuos
2975 4546 3215 4618 abbates
3231 4547 3496 4618 accepit.

2240 4618 2385 4686 (889)
2409 4615 2642 4691 Nobiles
2661 4615 2730 4691 de
2749 4615 3048 4691 Morsperg
3068 4633 3170 4672 seu
3193 4615 3501 4691 Mersperg
3517 4619 3584 4675 in
3611 4620 3832 4676 Alsatia

418 4687 662 4760 cmnobii
693 4687 844 4741 Auw
880 4701 1058 4760 supra
1091 4686 1486 4760 Brigantiam;
1523 4669 1705 4760 antea,
1729 4701 1862 4760 vero
1900 4701 1954 4756 p.
1980 4687 2052 4760 _51
2089 4669 2134 4732 D
2166 4669 2482 4760 occurrunt
2511 4687 2767 4760 in_vari_i_s_
2795 4669 3169 4742 chartisosiec.
3196 4669 3627 4760 {£111,331}:
3639 4669 3832 4748 'iie'éii

419 4759 576 4814 hunc
603 4757 796 4828 ipsum
833 4755 1166 4812 Udalricum
1194 4755 1516 4812 comitibus
1555 4756 1624 4809 de
1668 4755 1915 4828 Sulgau,
1945 4758 2052 4828 sig-

371 4837 380 4848 ‘
420 4829 723 4900 maringen
752 4832 808 4883 et
839 4829 1179 4900 Pfulendorf
1193 4828 1906 4900 adnumerat,gcujusdein
1931 4845 2056 4899 pro-

419 4898 648 4973 geniem
679 4905 957 4973 recenset.
985 4900 1117 4954 Vid.
1148 4899 1379 4973 dissert.
1413 4898 1622 4973 praevia
1650 4899 1792 4973 §__2{1.

491 4971 635 5042 (888)
665 4971 1110 5042 Wagenhausen
1133 4967 1621 5042 adripam'Itheni
1658 4967 1990 5042 Helvetican
2014 4985 2056 5042 re

421 5039 656 5122 regione
687 5039 884 5114 oppidi
925 5041 1111 5122 _Stein,
1171 5039 1298 5122 ubi
1329 5039 1488 5122 aliud
1545 5039 1762 5122 pariter
1811 5041 2057 5122 Benfdj-

420 5111 1089 5170 eti—norum'cmnobium
1137 5115 1282 5174 erat,
1333 5111 1472 5165 olim
1523 5111 1784 5181 ejusdem
1835 5112 2056 5167 ordinis

421 5183 772 5255 monasterio
809 5183 1206 5255 gloriabatur,
1239 5183 1314 5255 de
1359 5198 1482 5255 quo
1541 5181 1826 5255 nonnulla
1861 5184 2056 5255 habet

418 5255 606 5312 Gallia
637 5251 878 5321 Christ.,
898 5259 940 5308 t.
971 5253 1042 5320 ν,
1075 5270 1129 5324 p.
1155 5254 1260 5324 932
1277 5257 1332 5307 et
1354 5251 1553 5324 Franc.
1579 5251 1817 5324 Petriin
1848 5254 2058 5310 Suevia

421 5326 662 5393 Eccles.,
687 5342 744 5395 p.
767 5325 892 5390 846,
918 5341 1020 5379 nec
1042 5323 1153 5380 non
1174 5323 1320 5379 Cels.
1349 5323 1682 5395 Gerbertus,
1721 5323 1866 5395 Hist.
1893 5325 2056 5380 Silvas

419 5393 725 5470 Nigrzeht'.
775 5395 816 5462 Ι,
869 5411 923 5470 p.
987 5397 1145 5470 436._
1171 5394 1677 5470 Cujus_fundator
1727 5393 1873 5450 Tuto
1901 5396 2056 5470 idem

421 5411 630 5470 Nigrae,
677 5411 719 5448 ι.
777 5411 816 5462 ι,
987 5411 1112 5451 aut).
1171 5411 1351 5519 uugus
1403 5411 1677 5449 Iunaator
1727 5411 2054 5452 rumicem

421 5487 549 5526 essc
583 5465 830 5530 videtur,
900 5481 928 5520 e
955 5483 1068 5530 quo
1109 5465 1236 5521 Berl
1290 5465 1458 5520 oldus
1503 5465 1562 5518 in
1614 5465 1820 5521 Chron.
1857 5467 1926 5521 ad
1961 5485 2054 5522 an.

425 5543 585 5606 1092,
619 5539 676 5591 et
708 5551 883 5606 quem
931 5537 1000 5591 ad
1060 5554 1153 5592 an.
1211 5537 1348 5608 1094
1382 5537 1702 5608 ,Dudonem
1763 5538 2054 5608 appellat;

425 5624 760 5684 quanquam
794 5609 920 5684 ejus
949 5607 1394 5684 narratiorhaud
1429 5607 1569 5684 satis
1610 5625 1740 5684 cum
1775 5607 2058 5684 Chronico

425 5679 971 5778 postrOIconveniat,
997 5697 1129 5778 qum
1153 5681 1309 5778 istu'd
1326 5679 1948 5778 culmobiun‘igi‘gifrido
1967 5681 2062 5734 ab-

425 5754 540 5814 bati
577 5752 972 5833 adjudicatum
1025 5752 1200 5814 fuisse
1249 5753 1471 5812 dicatur
1519 5770 1570 5810 a.
1625 5751 1782 5822 1094,
1833 5751 1902 5807 ab
1935 5751 2060 5825 ipso

2164 4763 2305 4830 gott.
2338 4758 2469 4830 Vid.
2502 4755 2672 4830 Silvae
2702 4757 2912 4830 Nigrae,
2947 4763 2989 4812 t.
3023 4761 3093 4826 Il,

2238 4831 2381 4900 (890)
2411 4828 2796 4902 'I‘hiemonem
2817 4829 2974 4884 hunc
3005 4828 3160 4902 apud
3197 4829 3632 4902 Gebehardum
3665 4851 3832 4888 exsu-

2163 4899 2318 4957 laSse
2342 4899 2905 4986 etiam‘docur'nenta
2937 4899 3142 4986 nostra
3178 4901 3516 4986 domestica
3547 4906 3832 4976 produnt,

2169 4989 2237 5028 ex
2259 4972 2470 5097 (suibus
2495 4969 2696 5026 charta
2719 4969 2924 5054 Uto'nis
2951 4971 3180 5028 abbatis
3219 4973 3278 5027 S.
3321 4972 3508 5054 Blasii
3530 4969 3568 5030 εἰ
3593 4977 3740 5031 1100
3769 4969 3834 5030 de

2167 5043 2277 5125 fun‘
2311 5047 2504 5125 atione
2531 5045 2866 5125 mogasteru
2897 5043 3344 5125 chsenhusam
3387 5060 3534 5125 cum
3583 5047 3832 5125 consilio

2166 5113 2596 5192 archiepiscopi
2625 5113 3064 5192 Selsburgensis
3094 5114 3530 5192 Thiemogniset
3571 5117 3834 5192 episcopi

2165 5185 2632 5258 Constantiensis
2664 5185 3014 5258 Gebehardi,
3038 5187 3190 5242 facta
3211 5185 3428 5258 legitur
3449 5187 3515 5244 in
3541 5185 3654 5245 cit.
3679 5185 3828 5245 Hist.

2165 5257 2351 5328 Nigra:
2384 5256 2574 5328 sum,
2604 5261 2649 5328 ι.
2683 5257 2780 5311 IlI.
2815 5273 2873 5328 ρ,
2905 5257 2992 5312 39.

2237 5327 2383 5400 (891)
2405 5327 2722 5400 Udalricus
2757 5327 2912 5400 Illis
2941 5331 3086 5400 erat,
3121 5328 3466 5400 Marquardi
3503 5329 3838 5386 Carinthias

2166 5401 2334 5473 ducis
2365 5399 2542 5473 filius,
2573 5403 2629 5452 et
2659 5399 2729 5473 ab
2763 5399 3028 5473 Heinrico
3051 5400 3124 5454 IV
3145 5399 3393 5473 cognato
3429 5417 3544 5473 suo
3570 5419 3676 5457 an.
3705 5403 3838 5458 1086

2167 5469 2548 5544 quuileiensi.
2600 5469 3294 5544 cathedraeadmotusﬁe
3327 5487 3446 5543 quo
3469 5471 3662 5544 plura
3693 5475 3838 5530 Bur-

2172 5541 2426 5596 chardus
2461 5545 2534 5595 De
2563 5555 2676 5595 cas.
2703 5541 2740 5595 S
2773 5541 2942 5608 Galli,
2976 5559 3025 5596 c.
3079 5543 3131 5596 -’i.

2241 5615 2388 5680 (892)
2420 5613 2500 5689 De
2531 5611 2638 5689 hoc
2670 5612 3404 5689 legendusbucel‘inusin
3427 5612 3838 5689 Chronologia

2169 5683 2602 5742 Constantiensi
2634 5683 2706 5738 ad
2739 5701 2832 5740 an.
2873 5685 3118 5759 1087,-et
3148 5683 3406 5742 Manlius
3427 5683 3490 5740 in
3513 5683 3838 5744 Chronico.

3125 4775 3182 4829 p.
3213 4761 3341 4814 229.
