3894 6340
115 425 229 504 849

977 431 1426 498 CHRONICON
1471 429 2190 500 PETERSHUSANUM.
2226 460 2304 482 -
2336 433 2484 496 LIB.
2529 432 2637 498 III.

3373 433 3505 503 350

117 579 328 640 magna
356 581 492 622 cum
523 564 710 640 gloria
738 567 1006 639 quamvis
1031 566 1194 624 exsul
1216 567 1491 624 exercuit.
1525 567 1746 624 Deinde
1775 565 1834 634 Α
1863 582 2040 638 quam
2070 571 2266 624 autem
2288 567 2648 625 Wernherus
2679 583 2814 624 cum
2837 565 2962 624 suis
2986 566 3379 626 fautoribuset
3397 577 3507 628 Ar-

117 654 283 729 quasi
314 654 580 712 eﬂ'renati
609 673 745 712 cum
779 672 991 729 magno
1022 657 1267 730 strepitu
1298 657 1619 713 Arnoldum
1644 655 1747 712 ad-

1857 654 2066 712 noldus
2079 673 2216 714 cum
2233 658 2356 714 suis
2373 674 2465 714 res
2498 657 2830 714 monasterii
2842 659 2914 714 ad
2929 656 3194 715 ultimam
3206 659 3508 732 penuriam

118 745 425 813 duxerunt,
457 748 514 800 et
543 745 829 800 cathedra
861 745 1322 802 Constantiensis
1368 744 1636 801 Ecclesia
1689 744 1749 799 in
1859 751 1915 802 et
1934 747 2189 819 inopiam
2214 749 2629 820 perduxerunt,
2656 747 2780 820 ipse
2795 747 2995 804 relicto
3023 748 3254 806 abbatis
3276 750 3509 807 nomine

114 832 520 892 Purificatione
551 835 608 889 S.
634 834 829 889 Maria
852 834 1282 906 imposuerunt,
1307 851 1459 889 anno
1477 835 1548 890 ab
1566 834 1752 888 lucar-

119 927 232 979 nat.
267 922 435 978 Dom.
465 923 660 1000 {manu
702 923 830 978 Hac
879 941 1070 978 werra
1122 940 1224 996 per
1279 923 1584 978 duodecim
1639 923 1756 977 fere

121 1026 302 1070 annos
331 1014 643 1083 protracta,
662 1029 814 1067 nunc
836 1014 905 1067 ad
931 1013 1251 1084 perlectum
1277 1011 1498 1066 malum
1521 1017 1608 1066 est
1629 1027 1756 1082 per-

119 1101 308 1157 ducta.
343 1099 657 1171 Postquam
681 1105 878 1156 autem
912 1100 1204 1156 Arnoldus
1229 1101 1628 1173 episcopatum
1653 1099 1757 1154 ob-

117 1188 313 1254 tinuit,
346 1189 655 1244 confestim
691 1189 871 1254 misit,
904 1195 957 1244 et
994 1189 1506 1261 congregationem
1541 1194 1760 1244 Domus

120 1276 267 1334 Petri
298 1276 507 1332 obnixe
529 1277 846 1350 postulavit
877 1283 938 1333 ut
969 1278 1161 1350 quiete
1183 1295 1248 1334 ac
1283 1278 1520 1350 pacifica
1551 1277 1608 1332 in
1645 1294 1760 1332 mo-

119 1366 370 1425 nasterio
401 1383 509 1422 suo
564 1366 905 1434 residerent,
967 1372 1024 1422 et
1082 1366 1328 1422 Domino
1381 1368 1536 1423 356
1586 1365 1764 1422 servi-

120 1459 268 1521 rent,
301 1471 480 1526 seque
511 1455 780 1526 promisit
808 1455 1030 1510 nullam
1058 1455 1142 1511 eis
1173 1455 1501 1510 molestiam
1524 1455 1762 1510 omnino

119 1543 441 1600 illaturum.
476 1544 604 1615 Ipse
636 1549 832 1599 autem
867 1545 1110 1599 Romam
1143 1543 1412 1615 perrexit,
1445 1549 1502 1600 et
1550 1561 1584 1598 a
1638 1544 1759 1597 Wi-

117 1639 278 1707 perto
306 1632 453 1704 (893)
484 1633 985 1689 consecrationem
1013 1634 1253 1704 accepit.

185 1830 256 1884 At
287 1827 687 1884 Theodericus
719 1740 1148 1884 αἱ)ὺὲαέ
1174 1829 1431 1900 quietem
1464 1834 1598 1901 post
1637 1830 1762 1884 dis-

1861 835 1933 890 ad
1963 836 2384 892 Theodericum
2423 853 2485 892 se
2516 837 2574 890 in
2598 836 2926 892 Baioariam
2962 836 3232 905 contulit,
3257 837 3428 910 eique
3450 855 3512 895 se

1864 925 2133 995 subjecit,
2167 926 2384 998 quique
2415 941 2550 981 eum
2583 920 2835 996 benigne
2867 925 3150 998 suscepit,
3181 927 3351 998 eique
3383 928 3509 983 ofﬁ-

1866 1013 2020 1068 cium
2043 1014 2443 1070 altarisinvito
2503 1013 2771 1085 episcopo
2825 1013 3166 1069 Gebehardo
3217 1015 3506 1086 restituit;

1869 1102 1969 1156 sed
2001 1119 2114 1157 non
2148 1103 2246 1157 diu
2279 1101 2600 1174 permansit
2629 1118 2809 1156 cornu
2843 1103 3162 1174 peccatoris
3194 1105 3365 1175 (896).

2235 1211 2261 1276 §
2286 1208 2501 1264 XXXII.
2533 1209 2604 1263 De
2629 1209 2880 1263 Heinrico
2918 1210 2958 1262 V
2981 1225 3126 1279 rege.

1943 1301 2110 1351 Anno
2141 1297 2393 1367 denique
2424 1313 2539 1352 Μον
2569 1295 2871 1351 Heinricus
2900 1295 3320 1354 ﬁliusHeinrici
3355 1299 3511 1372 regis

1871 1385 2024 1441 tertii
2048 1385 2165 1456 (IV)
2199 1385 2437 1439 recessit
2467 1401 2501 1439 a
2529 1389 2689 1456 patre
2707 1385 3228 1454 excommunicato,
3261 1391 3317 1443 et
3372 1405 3509 1444 con-

1874 1474 2260 1529 sentientibus
2272 1472 2637 1546 principibus
2654 1488 2896 1543 regnum
2911 1477 3115 1528 contra
3135 1478 3357 1545 patrem
3374 1477 3514 1533 arri-

1873 1563 2018 1635 puit.
2044 1564 2181 1617 Inde
2205 1563 2459 1618 maxima
2479 1564 2678 1616 exorta
2697 1565 2786 1616 est
2801 1560 3026 1617 occasio
3050 1562 3308 1620 rixarum
3337 1582 3349 1630 ;
3374 1580 3512 1620 nam

1872 1651 1997 1723 ipse
2027 1655 2190 1724 pater
2215 1650 2546 1716 Heinricus,
2579 1665 2713 1704 cum
2746 1665 2858 1705 non
2883 1653 3081 1721 posset
3111 1649 3300 1706 lilium
3330 1653 3402 1708 ad
3453 1670 3515 1710 se

1874 1756 2158 1806 revocare,
2192 1743 2541 1810 congregato
2572 1737 2826 1792 exercitu
2858 1754 3060 1793 omnes
3093 1738 3349 1796 fautores
3387 1742 3514 1812 ejus

1873 1829 2094 1901 rapinis
2127 1832 2182 1884 et
2205 1827 2493 1883 incendiis
2525 1825 2798 1882 maximis
2833 1825 3144 1894 lacessivit,
3206 1845 3513 1901 nunquam

119 1933 352 1974 cessum
383 1917 975 1989 Gebehardiepiscopi
1000 1918 1212 1974 habere
1231 1935 1462 1990 passus,
1484 1918 1760 1990 quoniam
1794 1933 1842 1998 Β
1873 1921 2065 1973 tamen
2101 1933 2310 1990 pugna
2341 1916 2673 1972 facultatem
2708 1915 2973 1986 prabuit.

119 2023 250 2064 eum
282 2011 351 2061 ut
378 2005 639 2062 animam
671 2023 841 2062 suam
873 2007 1096 2071 dilexit,
1130 2008 1231 2062 sed
1265 2009 1391 2079 ipso
1422 2024 1598 2072 anno,
1654 2008 1762 2062 hoc

119 2099 207 2152 est
235 2112 387 2151 ucm
419 2094 656 2166 reliquit
689 2097 1107 2150 monasterium
1141 2113 1339 2161 suum,
1369 2101 1425 2151 et
1447 2097 1764 2152 monachos

121 2201 256 2242 suos
287 2187 465 2256 atque
499 2184 775 2240 barbatos
806 2185 1014 2240 fratres
1035 2184 1361 2256 dispertivit
1389 2189 1445 2240 et
1466 2202 1764 2240 commen-

121 2274 276 2330 davit
305 2289 411 2346 per
441 2272 816 2336 monasteria,
848 2273 973 2345 ipse
1010 2290 1142 2328 vero
1187 2274 1510 2345 assumpsit
1564 2290 1762 2329 secum

121 2361 426 2418 duodecim
458 2377 607 2432 quos
630 2360 827 2431 elegit,
857 2366 913 2416 et
943 2377 1041 2416 eos
1085 2378 1284 2416 secum
1326 2363 1383 2416 in
1438 2362 1764 2432 Bajoariam

123 2451 303 2518 duxit,
337 2451 411 2506 ad
431 2449 852 2504 monasterium
878 2450 1033 2520 quod
1059 2450 1272 2505 dicitur
1293 2451 1764 2506 Wezzinishrun-

123 2539 218 2594 nin
246 2539 419 2610 (894),
453 2541 511 2593 et
538 2538 610 2593 ab
644 2537 989 2593 Adilberone
1009 2538 1322 2594 venerabili
1374 2539 1581 2594 abbate
1612 2541 1766 2610 ejus-

121 2628 248 2683 dem
272 2627 385 2683 loci
420 2625 736 2682 honorifice
759 2632 1090 2697 susceptus,
1138 2627 1188 2681 ei
1245 2627 1584 2683 charitative
1631 2645 1762 2684 cum

121 2716 242 2774 suis
271 2715 554 2773 omnibus
572 2731 674 2788 per
702 2714 926 2787 aliquot
954 2732 1184 2771 menses
1206 2715 1442 2772 habitus
1463 2721 1571 2772 est.

186 2911 414 2968 Deinde
447 2911 687 2982 quidam
721 2909 1126 2967 nobilissimus
1175 2911 1261 2965 vir
1322 2915 1378 2966 et
1430 2913 1760 2984 religiosus,

124 3001 356 3058 nomine
388 2999 737 3066 Fridericus,
769 2998 903 3054 tulit
933 3017 1030 3055 eos
1061 3000 1195 3055 inde
1225 3005 1283 3054 et
1340 3001 1766 3056 commendavit

121 3091 202 3147 eis
230 3089 466 3155 cellam,
500 3105 675 3160 quam
701 3088 827 3161 ipse
857 3094 1106 3160 cmperat
1137 3089 1194 3143 in
1229 3089 1352 3143 loco
1386 3107 1491 3145 suo
1533 3090 1763 3162 proprio

124 3178 179 3234 in
209 3178 441 3234 excelso
489 3182 710 3244 monte,
759 3178 855 3249 qui
912 3183 1156 3232 vocatur
1213 3178 1530 3234 Castellum
1588 3181 1758 3248 (895),

2543 2003 2833 2072 §xxqu

1948 2096 2247 2152 Heinricus
2276 2111 2412 2166 ergo
2444 2096 2752 2165 postquam
2785 2108 3030 2165 regnum
3062 2093 3337 2165 obtinuit,
3371 2115 3508 2155 con-

1875 2185 2067 2241 festim
2099 2183 2336 2255 expulso
2365 2181 2619 2237 Arnoldo
2652 2180 3057 2237 Gebehardum
3090 2199 3224 2239 cum
3255 2187 3510 2245 maximo

1874 2275 2092 2330 honore
2111 2274 2168 2328 in
2187 2273 2588 2345 episcopatum
2612 2287 2782 2326 suum
2796 2269 3066 2325 restituit.
3086 2271 3510 2333 Theodericum

1875 2365 2146 2419 abbatem
2178 2362 2569 2417 confessorem
2603 2358 2714 2414 sibi
2744 2358 2936 2429 elegit,
2960 2363 3018 2414 et
3032 2362 3386 2418 monasterio
3408 2382 3514 2422 suo

1876 2453 2133 2508 restituit
2152 2453 2322 2522 eique
2344 2449 2599 2521 trigenta
2620 2464 2847 2502 marces
2867 2447 3090 2519 argenti
3113 2451 3459 2522 transmisit,
3486 2472 3517 2512 e

1874 2543 2092 2614 quibus
2117 2541 2296 2597 ahhas
2313 2557 2404 2595 res
2423 2535 2760 2593 monasterii
2783 2535 3103 2608 dissipatas
3121 2543 3445 2610 opportune
3461 2549 3518 2600 et

1875 2632 2096 2687 utiliter
2125 2628 2432 2701 reparavit.

2537 2716 2566 2787 §
2596 2713 2842 2769 xxxw.

1943 2810 2162 2866 Deinde
2191 2805 2496 2862 Heinricus
2528 2803 2742 2867 senior,
2775 2806 2832 2857 et
2863 2801 3384 2876 Heinricusjunior
3410 2825 3508 2883 ge-

1874 2900 2067 2957 nerale
2113 2895 2468 2968 colloquium
2515 2890 2819 2965 Mogontia
2858 2891 3136 2963 fecerunt,
3194 2895 3295 2951 ubi
3350 2904 3514 2970 pater

1875 2990 1993 3045 filio
2025 2992 2318 3060 sceptrum
2352 2983 2512 3055 regni
2543 2987 2600 3037 et
2630 2998 2901 3037 coronam
2931 2998 3066 3038 cum
3099 2985 3320 3041 cateris
3351 3005 3513 3061 rega-

1871 3079 2026 3134 libus
2048 3076 2308 3142 tradidit,
2341 3074 2585 3146 ipseque
2607 3087 2668 3126 se
2698 3075 2831 3126 ante
2861 3071 3293 3142 Gebehardum,
3317 3081 3514 3148 utpote

1873 3168 2032 3224 sedis
2060 3163 2391 3238 apostolica
2427 3163 2706 3234 legatum,
2738 3160 2797 3216 in
2828 3165 3045 3218 terram
3101 3165 3416 3235 prostravit
3461 3172 3518 3222 et

125 3268 404 3341 omnique
435 3284 534 3323 eos
564 3266 929 3322 humanitate
962 3267 1101 3321 fovit
1131 3271 1186 3321 et
1218 3267 1542 3322 honoravit.
1589 3268 1760 3323 Deni-
1795 3297 1839 3364 ρ
1879 3256 2131 3364 ωυξῐυξη
2165 3251 2562 3364 ῐλθηεῖξξξεοξνί
2594 3267 2654 3306 se
2685 3251 2755 3306 ab
2787 3253 3390 3364 θκοοξαιηυηὶοαιξοηθ
3413 3271 3516 3326 po-

128 3373 232 3429 que
251 3356 415 3412 idem
438 3356 602 3411 bona
626 3354 917 3410 memoria
934 3355 1124 3422 heros,
1154 3355 1480 3411 Fridericus
1507 3357 1761 3420 nomine,

127 3443 375 3501 habebat
397 3443 584 3499 filium
610 3443 876 3499 Ottonem
904 3444 1158 3510 nomine,
1182 3461 1426 3499 summa
1446 3444 1769 3500 nobilitatis

127 3536 179 3587 et
197 3532 430 3588 decoris
459 3531 672 3598 virum,
705 3532 804 3603 qui
838 3548 954 3586 una
984 3548 1116 3586 cum
1151 3537 1312 3602 patre
1360 3536 1416 3586 et
1444 3548 1578 3588 cum
1639 3533 1768 3588 aliis

126 3621 468 3693 proceribus
498 3621 760 3692 ejusdem
786 3620 1092 3692 provincia
1123 3620 1384 3692 cognatis
1408 3620 1675 3676 videlicet
1713 3626 1769 3676 et

125 3707 880 3782 prepinquisatqueamicis
903 3708 1046 3772 suis,
1077 3708 1465 3765 venerabilem
1504 3709 1766 3765 Theodo-

125 3798 306 3854 ricum
339 3803 401 3854 et
432 3797 643 3853 fratres
673 3799 801 3868 ejus
823 3813 1057 3853 summo
1087 3797 1304 3852 honore
1323 3797 1677 3864 excolebant,
1710 3802 1768 3852 et

122 3884 310 3943 locum
342 3886 582 3960 magnis
609 3886 825 3942 divitiis
849 3886 1228 3941 cumulabant
1249 3886 1306 3940 in
1330 3892 1578 3950 tantum,
1614 3891 1678 3941 ut
1706 3888 1765 3941 in

121 3974 270 4032 brevi
303 3976 532 4032 multos
550 3975 662 4031 sibi
685 3975 892 4031 fratres
914 3979 1255 4048 aggregaret
1279 3981 1337 4031 et
1380 3975 1766 4032 monasticam

118 4064 288 4122 vitam
321 4064 750 4122 honestissime
780 4064 924 4120 inibi
955 4065 1266 4120 ordinaret.

818 4173 845 4238 §
885 4170 1074 4226 XXXI.

182 4260 517 4318 Recedente
545 4275 682 4333 ergo
711 4259 1068 4316 Theoderico
1101 4261 1170 4315 de
1221 4260 1404 4315 Domo
1449 4260 1621 4327 Petri,
1683 4259 1764 4328 hi,

119 4349 210 4421 qui
243 4354 388 4407 tunc
424 4353 852 4416 remanserant,
887 4348 1318 4405 constituerunt
1376 4349 1760 4405 Wernlierum

117 4441 456 4507 quemdam,
489 4439 562 4494 de
592 4438 1140 4510 Epﬁndorfnatum,
1187 4437 1299 4492 sibi
1350 4437 1408 4492 in
1469 4439 1764 4506 abbatem,

120 4530 169 4580 et
205 4527 372 4584 obliti
408 4526 701 4600 regularis
731 4525 1050 4598 disciplina
1083 4543 1260 4597 quam
1291 4524 1635 4594 didicerant,
1670 4543 1763 4582 re-

118 4615 354 4672 missius
377 4630 556 4689 agere
587 4619 897 4688 caperunt.
932 4613 1226 4672 Arnoldus
1247 4630 1479 4688 quoque
1501 4615 1762 4671 intrusus

118 4703 423 4778 episcopus
447 4703 731 4760 beneficia
753 4704 885 4760 inde
907 4704 1032 4759 suis
1053 4704 1366 4759 concedere
1396 4703 1584 4775 ccepit,
1610 4704 1758 4761 351

117 4795 262 4862 quod
292 4793 449 4852 nulli
474 4809 736 4865 unquam
755 4791 1159 4866 episcoporum
1181 4792 1364 4848 facere
1383 4792 1570 4848 licuit.
1606 4795 1766 4850 Post-

199 4954 323 5026 893)
355 4954 440 5010 Ex
472 4952 662 5010 Gallia
719 4951 1048 5026 Christiana
1076 4956 1132 5007 et
1178 4951 1394 5008 Manlio
1426 4953 1588 5026 prius
1634 4955 1760 5026 jam

115 5023 414 5082 ordinatus
447 5030 541 5081 est
579 5023 874 5080 Arnoldus
925 5041 957 5080 a
987 5023 1280 5080 Clemente
1330 5026 1405 5079 III
1428 5023 1760 5099 'antipapa,

117 5127 200 5168 an.
234 5115 380 5171 H00
404 5118 665 5170 met-tuo.

177 5187 319 5258 (894)
350 5185 767 5258 Wessobrunn
790 5183 1106 5258 celebreO.
1133 5184 1189 5239 S.
1218 5184 1283 5238 B.
1317 5184 1674 5258 coenobium,
1701 5187 1760 5258 in

115 5255 406 5328 superiOre
443 5256 692 5312 Bavaria
732 5260 791 5312 et
807 5255 1032 5310 diacesi
1055 5258 1416 5381 Augustana,
1449 5256 1541 5310 cui
1593 5257 1764 5313 Adal-

113 5325 236 5383 hero
267 5330 341 5384 ab
373 5346 475 5384 an.
519 5329 656 5383 1065
684 5343 871 5384 usaue
903 5327 1042 5382 4110
1071 5327 1144 5381 ab
1189 5344 1252 5381 as
1285 5331 1541 5384 nraerat.

177 5344 236 5383 ΓΟ
267 5343 341 5384 ab
373 5346 475 5384 an.
519 5343 656 5383 ιυῠῡ
684 5343 871 5384 usaue
903 5343 924 5382 1
944 5343 1042 5382 ιιυ
1071 5343 1252 5381 annus
1285 5343 1541 5384 nraerat.

177 5344 236 5383 ro
267 5344 341 5384 an
373 5346 475 5384 an.
519 5344 656 5383 ιυοῡ
684 5344 871 5408 usque
903 5344 924 5382 1
944 5344 1042 5382 ιιυ
1071 5344 1252 5408 annus
1283 5344 1541 5408 praerat.

175 5401 320 5471 (895)
354 5399 747 5471 Magniﬁcum
779 5398 917 5454 olim
937 5397 1298 5471 Benedictini
1318 5397 1578 5471 instituti
1605 5415 1762 5471 asce-

115 5469 314 5542 ξορὶοω
344 5472 406 5527 in
441 5469 777 5542 Palatinatu
809 5469 1128 5542 superiore,
1160 5469 1456 5542 conditore
1488 5470 1760 5542 pradicto

115 5538 392 5622 Friderico
427 5541 741 5622 comitede
771 5538 1122 5622 castelberg,
1155 5539 1254 5622 qui
1288 5541 1396 5622 hoc
1438 5538 1564 5613 ip'so
1608 5558 1759 5622 anno

113 5609 239 5682 1103
266 5614 497 5672 obiisse
529 5613 762 5678 dicitur,
798 5611 954 5667 ﬁlius
977 5609 1108 5666 vero
1139 5609 1266 5682 ejus
1297 5613 1426 5668 Otto
1460 5609 1657 5667 comes
1689 5614 1760 5667 de

114 5680 378 5766 girsberg
408 5683 505 5766 vel
541 5683 827 5766 H_ebbe‘rg,
860 5688 962 5766 aut
990 5680 1289 5766 Habsperg
1319 5684 1593 5766 an_.AIAIO5.
1626 5683 1755 5739 Vid.

113 5752 424 5819 Brusohius
457 5757 535 5814 de
565 5752 903 5815 Castellénsi
925 5752 1280 5815 monasterio
1297 5772 1353 5828 p.
1385 5757 1504 5814 120.

1879 3344 2136 3401 stulnvit.
2165 3346 2324 3408 Quod
2348 3345 2447 3400 ille
2479 3347 2665 3401 facere
2696 3361 2758 3400 se
2781 3347 3086 3415 propterea
3114 3343 3325 3409 renuit,
3368 3359 3514 3416 quo-

1879 3435 2034 3489 niam
2065 3435 2307 3490 timebat
2338 3451 2409 3490 ne
2430 3435 2479 3489 si
2514 3435 2658 3489 forte
2687 3449 2821 3488 eum
2852 3430 3216 3498 absolvisset,
3267 3447 3513 3504 regnum

1877 3525 1947 3578 ad
1981 3539 2114 3578 eum
2146 3524 2356 3578 iterum
2387 3523 2683 3589 transiret,
2716 3526 2772 3577 et
2804 3522 2968 3576 fieret
3023 3535 3183 3575 error
3230 3520 3516 3592 posterior

1880 3613 2040 3684 pejor
2061 3611 2249 3683 priore
2273 3614 2438 3683 (397).
2471 3615 2767 3681 Attamen,
2799 3626 2934 3665 cum
2965 3625 3079 3664 non
3109 3613 3243 3681 post
3261 3609 3514 3665 multum

1878 3702 2058 3773 Spira
2091 3703 2354 3772 ohiissct,
2384 3702 2502 3757 ﬁlio
2532 3703 2685 3775 apud
2743 3700 3037 3757 Pascalem
3069 3715 3282 3772 papam
3339 3699 3520 3771 impe-

1876 3794 2083 3857 trante,
2116 3791 2569 3847 ecclesiasticam
2599 3789 2963 3863 sepulturam
2994 3788 3148 3846 858
3197 3787 3520 3859 promeruit

1878 3885 2112 3951 propter
2141 3880 2624 3947 satisfactionem,
2671 3896 2850 3952 quam
2909 3881 3237 3951 prostratus
3285 3875 3514 3948 publice

1877 3985 2071 4024 coram
2095 3969 2247 4025 clero
2273 3975 2329 4025 et
2362 3970 2574 4042 populo
2590 3970 2779 4025 facere
2798 3984 2913 4023 non
2944 3964 3177 4023 erubuit
3201 3964 3371 4037 (898).

2563 4073 2825 4144 §xxxv.

1950 4167 2148 4238 Itaque
2170 4164 2515 4221 venerabilis
2530 4162 3066 4220 Theodoricuscum
3090 4159 3515 4216 monasterium

1875 4253 2224 4309 Castellense
2256 4253 2578 4321 fundasset,
2611 4251 2914 4308 basilicam
2965 4249 3250 4306 aedificare
3289 4248 3515 4321 (capis-

1877 4347 2006 4411 set),
2042 4345 2285 4399 fratrum
2308 4341 2817 4415 congregationem
2870 4337 3226 4412 collegisset,
3286 4353 3517 4393 venera-

1876 4432 2051 4488 bilem
2084 4433 2272 4487 virum
2304 4431 2681 4486 Altmannum
2714 4431 2859 4501 (899)
2893 4430 3160 4485 abbatem
3192 4427 3276 4483 eis
3297 4426 3514 4482 consti-

1875 4523 2007 4590 tuit,
2041 4526 2096 4577 et
2117 4523 2241 4594 ipse
2271 4538 2404 4576 cum
2436 4520 2560 4577 suis
2590 4520 2660 4575 ad
2685 4521 2934 4575 Domum
2966 4517 3116 4573 Petri
3139 4515 3438 4573 remeavit.

2604 4626 2842 4682 XXXVI.

2604 4630 2842 4682 XXXVI.

1942 4719 2076 4774 Post
2107 4717 2226 4774 hac
2257 4630 2652 4773 Hartmangus
2682 4731 2876 4771 comes
2908 4713 3099 4770 senior
3127 4712 3276 4783 (909)
3308 4711 3380 4767 de
3421 4709 3515 4765 Di-

1870 4807 2055 4880 lingin
2090 4806 2313 4880 rogavit
2333 4822 2467 4862 eum
2489 4809 2554 4860 ut
2581 4805 2638 4859 in
2655 4807 2932 4871 montem,
2953 4801 3051 4874 qui
3090 4804 3330 4858 vocatur
3367 4798 3514 4856 Ner-

1966 4969 2090 5038 896)
2121 4966 2231 5038 Vid
2263 4966 2416 5020 infra
2444 4964 2571 5038 _§36.

1965 5031 2090 5109 897)
2122 5037 2250 5097 Vid.
2279 5031 2530 5109 Annales
2561 5031 3201 5109 Hi_ld_esheimenses_ad
3223 5031 3517 5109 an._HO§,

1872 5115 1928 5167 et
1948 5102 2087 5165 Vita
2117 5108 2366 5164 Heinrici
2386 5107 2459 5162 ιν
2489 5107 2642 5178 apud
2676 5105 2991 5178 Urstisium
3017 5102 3345 5178 p._389,uhi
3381 5103 3517 5178 gui-

1872 5184 2002 5238 dem
2036 5181 2207 5253 legati
2241 5196 2450 5235 nomen
2483 5174 2638 5233 haud
2659 5174 3126 5249 exprimitur,hic
3151 5180 3348 5230 autem
3371 5174 3517 5231 Geb-

1873 5255 2093 5310 hardus
2125 5253 2306 5307 fuisse
2340 5253 2715 5306 monstratur.

1965 5326 2090 5393 898)
2120 5323 2420 5380 Conradus
2444 5321 2682 5393 Usperg.
2719 5319 2790 5393 ad
2827 5335 2920 5374 an.
2947 5317 3122 5393 Illi.

1966 5388 2092 5463 899)
2124 5394 2270 5449 Aliis
2303 5394 2433 5448 Otto
2465 5388 2696 5447 dicitur.
2736 5392 2798 5463 _In
2839 5390 3078 5460 antiquo
3136 5388 3510 5463 monumento

1870 5455 2213 5522 Castell'ensi
2244 5466 2325 5520 ita
2354 5465 2602 5539 legitur:
2636 5486 2663 5539 ᾳ
2687 5455 3040 5518 Altmannus
3071 5460 3296 5539 primus
3329 5455 3508 5539 abbas

1870 5539 2049 5608 hujus
2079 5524 2607 5608 monasteriivhunc
2647 5524 3130 5608 lo_qum_su_scep'it
3185 5524 3504 5596 regendum

1869 5603 2031 5674 4103,
2071 5634 2096 5657 ››
2131 5609 2227 5664 ubi
2252 5614 2443 5664 tamen
2464 5606 2637 5661 nilde
2669 5603 3045 5675 Theoderico.
3168 5666 3177 5675 _
3329 5663 3341 5675 ο
3389 5663 3456 5675 υ,

1942 5663 2092 5808 (900)
2111 5663 2277 5736 Pater
2299 5677 2552 5760 Udalrici
2620 5671 3072 5757 Constantiensis
3093 5663 3364 5740 episcopi.
3389 5663 3497 5721 Vid

1945 5769 2047 5808 nra
2097 5796 2108 5808 .
2144 5769 2183 5808 ι.
2215 5753 2240 5808 §
2272 5755 2303 5807 8
2328 5756 2385 5807 et
2409 5750 2699 5808 ἀιεαυιειι.
2733 5747 2760 5808 §
2787 5747 2877 5800 2i.

1870 5747 2047 5825 supra
2069 5747 2108 5808 I.
2144 5769 2183 5820 ι,
2215 5753 2240 5819 §
2272 5755 2303 5807 8
2328 5756 2385 5807 et
2409 5747 2699 5820 disquisit.
2733 5747 2760 5814 §
2787 5747 2877 5800 2i.
