3894 6410
412 447 526 518 331

1103 451 1498 516 ΛΡΡΕΝΒῘΧ
1545 449 1646 512 ΑΒ
1689 447 2049 516 CHRONlCt

2232 445 2596 510 ERMANNI
2642 443 3112 511 CONTRACTI.

414 587 690 646 nistheim
713 583 882 660 (901),
915 585 1151 659 ubiipse
1168 585 1462 658 regulares
1488 585 1796 640 canonicos
1829 581 2044 638 consti-
2075 582 2130 648 Α
2158 579 2481 637 etlaborem
2505 583 2870 639 suii‘errenon
2885 584 3102 654 posset,
3129 575 3370 651 reliquit
3389 573 3602 652 ipsum
3625 572 3836 633 locum

411 679 624 746 heret,
637 677 762 750 ipse
781 680 944 749 pater
967 675 1358 732 Theudoricus
1387 673 1700 730 monachos
1719 671 2048 736 adduceret,

415 771 475 825 et
503 766 884 824 monasticam
916 764 996 820 ibi
1022 764 1200 820 vitam
1220 763 1568 818 institueret.
1589 761 1768 832 Cujus
1787 757 2052 832 petitioni

415 871 722 914 assensum
749 855 1009 928 prabens
1041 853 1281 908 adduxit
1317 851 1555 906 idoneos
1585 851 1760 916 viros,
1822 847 2053 903 Bernol-

417 945 769 1016 dum,quem
793 944 1042 1016 priorem
1075 941 1226 1006 fecit,
1281 941 1639 996 Gebinonem
1695 936 2050 994 avunculum

416 1049 632 1100 meum,
665 1031 1053 1087 Wernherum
1104 1028 1536 1100 superpositum
1571 1028 1716 1098 (902)
1771 1042 1946 1082 suum
1997 1027 2054 1080 et

414 1121 558 1178 alios
585 1120 770 1177 eidem
803 1119 924 1175 loco
947 1118 1326 1174 sufficientes.
1357 1118 1423 1172 Et
1443 1121 1508 1170 ut
1537 1115 1716 1171 semel
1749 1115 1940 1169 dicam
1981 1114 2052 1168 de

404 1211 533 1283 jam
565 1211 862 1266 nominato
883 1207 1226 1272 Wernbero,
1261 1221 1391 1261 cum
1423 1207 1481 1260 in
1515 1205 1716 1259 eodem
1751 1203 1874 1258 loco
1925 1219 2052 1272 ope-

407 1299 575 1356 ribus
605 1302 897 1371 praeesset,
919 1301 978 1352 et
1003 1296 1246 1351 licenter
1266 1299 1480 1366 ageret,
1523 1308 1885 1364 quiscunque
1939 1291 2052 1345 vel-

408 1388 508 1458 let,
537 1393 598 1444 et
625 1405 660 1443 a
687 1386 914 1443 cunctis
937 1389 1136 1440 contra
1151 1384 1424 1438 meritum
1444 1399 1618 1437 suum
1645 1381 2048 1444 honoraretur,

407 1491 544 1534 eum
559 1477 686 1547 jam
715 1477 872 1530 esset
902 1489 1097 1538 senex,
1130 1471 1392 1536 recessit,
1423 1475 1480 1526 et
1525 1471 1788 1525 habitum
1849 1483 2046 1522 mona-

407 1563 624 1622 uhilem
655 1561 927 1634 deposuit
954 1564 1012 1616 et
1049 1559 1384 1615 saecularem
1417 1557 1739 1630 assumpsit
1765 1575 1776 1624 ;
1801 1561 1858 1612 et
1913 1571 2046 1610 cum

407 1649 646 1709 cuidam
679 1649 888 1705 turrim
919 1649 1245 1716 aedificaret,
1271 1652 1453 1702 morte
1485 1649 1808 1719 praeventus
1857 1644 2043 1717 periit.

1077 1741 1104 1805 §
1133 1737 1394 1792 XXXVII.

483 1829 648 1884 Anno
677 1843 794 1882 και
823 1825 971 1898 (903)
1001 1826 1306 1881 Heinricus
1337 1825 1382 1878 V
1407 1841 1502 1879 rex
1521 1840 1769 1895 magnus
1791 1822 2045 1878 maximo

411 1934 546 1976 cum
575 1916 828 1973 exercitu
892 1917 1134 1970 Romam
1199 1914 1566 1987 gloriossime
1616 1912 1866 1984 perrexit
1921 1918 1982 1965 ut
2013 1927 2046 1965 a
2081 1945 2126 2012 Β

409 2024 561 2081 papa
591 2007 906 2077 imperator
935 2005 1134 2072 fieret;
1168 2005 1270 2060 sed
1299 2020 1432 2058 cum
1467 2019 1620 2074 papa
1675 2000 2048 2056 investituras

407 2111 556 2170 quas
580 2109 748 2166 reges
781 2107 968 2166 usque
999 2099 1138 2149 tunc
1167 2093 1411 2147 licenter
1459 2108 1563 2162 pro
1619 2090 1762 2146 velle
1811 2106 1917 2145 suo
1947 2090 2050 2144 tri-

405 2185 686 2250 buebant,
723 2185 794 2238 ab
825 2199 890 2238 eo
923 2187 1252 2254 reposceret
1306 2184 1372 2235 ut
1408 2179 1609 2235 electio
1656 2178 1842 2234 libera
1865 2179 2050 2249 ﬁeret,

405 2271 506 2329 ille
533 2272 719 2327 iratus
741 2269 1078 2328 Paschalem
1109 2285 1320 2341 papam
1353 2269 1412 2322 in
1455 2267 1845 2339 captivitatem
1887 2268 2022 2322 rede

405 2361 513 2435 git,
545 2359 872 2418 cardinales
891 2358 1212 2429 injuriavit,
1237 2357 1498 2412 inﬁnitas
1521 2357 1756 2427 rapinas
1789 2361 1844 2412 et
1865 2357 2050 2411 credes

409 2450 686 2508 Romanis
717 2447 950 2504 intulit:
988 2446 1232 2502 Romani
1265 2447 1482 2517 quippe
1505 2444 1719 2500 bellum
1751 2445 1802 2499 ci
1839 2444 2048 2499 intule-

405 2543 565 2608 runt,
599 2539 699 2595 sed
733 2553 830 2593 rex
855 2537 1044 2595 victor
1091 2535 1345 2590 existens
1391 2533 1812 2590 inenarrabiles
1870 2533 2050 2588 caedes

411 2627 686 2686 exercuit.

1048 2715 1076 2781 §
1113 2711 1410 2766 xxxvm.

477 2803 633 2864 85.
671 2803 908 2862 Interim
930 2815 1065 2872 ergo
1087 2801 1408 2855 reverendie
1431 2798 1727 2855 memorias
1749 2799 2042 2854 Gebehar-

411 2894 528 2950 dus
547 2889 1016 2948 Constantiensis
1043 2889 1352 2960 episcopus
1383 2889 1454 2943 de
1477 2889 1584 2943 hoc
1606 2887 1818 2944 saeculo
1843 2888 2050 2956 migra-

413 2981 498 3036 vit
517 2981 688 3051 (904),
721 2983 778 3034 et
807 2979 948 3033 dum
969 2993 1068 3032 rex
1087 2977 1474 3048 apostolicum
1505 2977 1565 3030 in
1588 2976 1854 3032 custodia
1874 2976 2048 3030 habe-

415 3073 506 3125 ret
533 3069 702 3139 (905),
734 3067 892 3125 venit
915 3066 1155 3122 nuntius
1177 3066 1278 3136 qui
1311 3065 1429 3138 regi
1461 3065 1683 3120 obitum
1725 3065 2050 3122 Gebehardi

407 3155 992 3229 opisoopinuntiavit,
1015 3154 1133 3209 etei
1153 3153 1376 3225 virgam
1397 3153 1744 3226 pastoralem
1776 3157 1834 3208 et
1872 3170 2050 3208 annu-

413 3245 542 3302 lum
569 3243 800 3300 detulit.
833 3244 966 3307 Quae
997 3242 1094 3297 ille
1123 3243 1404 3298 continuo
1435 3242 1698 3298 Udalrico
1731 3241 1852 3298 filio
1883 3243 2047 3298 Hart-

2157 673 2214 726 et
2239 671 2408 727 rediit
2440 672 2508 726 ad
2543 669 2965 726 monasterium
2998 685 3194 725 suum.
3227 667 3608 740 Quapropter
3643 664 3838 722 Theo-

2159 759 2391 814 doricus
2419 759 2630 816 iterum
2663 765 2900 832 rogatus
2929 757 3348 814 Wernharium
3403 757 3476 812 de
3537 753 3838 812 Alshusin

2158 848 2342 904 oculis
2371 849 2741 920 caligantem,
2801 865 2976 904 suum
3025 852 3370 902 veteranum
3431 843 3835 910 monachum,

2159 937 2430 992 abbatem
2463 937 2786 1004 constituit,
2820 937 2920 1008 qui
2955 937 3132 992 etiam
3178 934 3538 1008 aliquandiu
3605 933 3840 1005 absque

2160 1026 2592 1081 consecratione
2625 1025 2874 1098 praefuit.

2897 1113 3056 1180 §Xla

2233 1204 2469 1258 Factum
2493 1207 2582 1257 est
2611 1206 2805 1258 autem
2845 1215 2910 1256 ut
2928 1201 3184 1272 quodam
3209 1205 3480 1272 tempore
3513 1196 3836 1254 Udalricu

2157 1291 2619 1346 Constantiensis
2650 1291 2868 1346 electus
2897 1289 3056 1362 gravi
3089 1289 3438 1345 necessitate
3469 1305 3586 1361 pro
3629 1285 3838 1359 acqui-

2157 1380 2594 1451 rendapecunia
2613 1379 3132 1450 constringeretur.
3159 1379 3306 1433 Ecce
3327 1381 3534 1432 autem
3555 1376 3838 1432 Theode-

2157 1469 2313 1524 ricus
2348 1469 2528 1522 abbas
2561 1485 2662 1539 per
2693 1468 2848 1522 idem
2883 1471 3116 1538 tempus
3159 1465 3460 1538 quoddam
3531 1465 3839 1537 predium

2155 1557 2692 1628 Totirnhusin(908)
2725 1557 2945 1611 dictum
2981 1573 3084 1626 pro
3113 1556 3314 1610 decem
3347 1554 3576 1610 marcis
3625 1553 3838 1610 vendi-

2157 1646 2336 1710 deral,
2371 1663 2435 1700 eo
2469 1647 2622 1716 quod
2657 1644 2800 1699 illud
2827 1645 3048 1700 redemi
3073 1661 3187 1699 non
3213 1647 3444 1716 poterat
3465 1643 3544 1700 ab
3573 1641 3838 1714 his,qui—

2155 1735 2265 1790 bus
2293 1734 2434 1788 illud
2461 1735 2808 1789 Lambertus
2833 1735 2902 1788 de
2925 1731 3448 1804 Birhtilinginjam
3470 1734 3662 1788 antea
3697 1747 3835 1787 con-

2154 1827 2426 1886 cesserat,
2452 1823 2554 1894 qui
2585 1824 2740 1878 ιθο
2773 1821 2918 1878 illud
2945 1819 3835 1892 monasteriotradideral.Ergo

2155 1911 2264 1967 hac
2295 1911 2726 1982 opportunitate
2779 1911 3016 1966 inventa
3071 1911 3258 1966 abbas
3321 1909 3492 1966 dedit
3551 1909 3834 1968 Udalrioo

2159 2000 2340 2056 electo
2369 2004 2498 2056 octo
2539 2015 2766 2056 marces
2797 2017 2902 2071 pro
2933 1999 3192 2070 quadam
3219 1998 3398 2070 augia
3441 1998 3636 2056 Rotse
3689 1999 3835 2070 (909)

2159 2091 2332 2154 dicta,
2367 2088 2466 2144 ubi
2489 2088 2628 2144 olim
2661 2089 2902 2159 quidam
2936 2087 3246 2159 religiosus
3277 2091 3336 2142 et
3393 2087 3518 2144 Deo
3579 2087 3832 2144 devotus

2160 2177 2748 2240 monachus,nomine
2769 2177 3180 2248 Ratperonius,
3197 2175 3514 2232 basilicam
3537 2192 3828 2249 magnam

2157 2272 2577 2332 construxerat,
2609 2268 2777 2336 cujus
2807 2265 3142 2338 sepulcrum
3165 2265 3322 2322 Deus
3363 2265 3606 2324 crebris
3654 2267 3832 2322 mira-

2159 2356 2424 2412 culorum
2471 2356 2658 2426 signis
2679 2355 3100 2411 clariticaverat
3125 2373 3140 2422 ;
3169 2354 3296 2426 ipse
3327 2355 3558 2427 quippe
3621 2355 3832 2412 beatus

2161 2445 2547 2515 Ratperonius
2568 2445 2842 2499 eumdem
2873 2444 3064 2499 locum
3095 2461 3130 2500 a
3161 2442 3494 2509 nobilitate,
3515 2459 3658 2515 qua
3691 2449 3830 2502 tunc

2159 2535 2312 2606 apud
2346 2533 2618 2588 Arnanch
2652 2533 2802 2604 (910)
2821 2534 3120 2600 ﬂoruerat,
3153 2549 3258 2606 pro
3279 2531 3602 2589 devotione
3627 2533 3690 2590 in
3707 2549 3832 2606 pro-

2159 2624 2464 2696 prietatem
2491 2627 2813 2693 acceperat,
2845 2627 2902 2677 et
2933 2622 3060 2694 ipse
3087 2638 3226 2677 eum
3247 2621 3706 2680 Constantiensi
3727 2623 3827 2680 Ec-

2159 2711 2344 2766 clesiae
2369 2711 2690 2766 tradiderat
2720 2728 2786 2766 ea
2815 2727 2920 2782 spe
2939 2715 3006 2766 ut
3029 2710 3170 2766 inde
3199 2709 3664 2780 snblimaretur,
3727 2712 3828 2768 sed

2159 2817 2226 2855 ea
2249 2818 2382 2872 spes
2415 2801 2690 2855 frustrata
2719 2805 2862 2855 erat.
2905 2801 3224 2872 Postquam
3250 2803 3450 2854 autem
3485 2815 3632 2856 eum
3693 2817 3826 2856 ven.

2159 2891 2551 2947 Theodericus
2583 2894 2826 2956 emerat,
2855 2889 3226 2962 privilegium
3255 2887 3374 2946 tale
3403 2890 3822 2964 conscriptum

2159 2996 2262 3052 pro
2295 2996 2360 3034 eo
2391 2995 2520 3034 esse
2549 2983 2797 3034 constat.

2885 3071 2912 3134 §
2941 3067 3078 3122 XLI.

2229 3157 2440 3212 Notum
2473 3157 2548 3212 sit
2565 3157 2842 3212 omnibus
2863 3155 3114 3227 qualiter
3137 3161 3488 3228 Lampertus
3509 3156 3586 3213 de
3601 3157 3832 3213 Birthi-

2159 3245 2368 3318 lingin,
2401 3245 2576 3300 homo
2608 3245 2966 3312 nobilis,duo
2981 3245 3354 3317 praediaque
3377 3245 3836 3316 suijuriserant

405 3335 614 3392 rnanni
637 3334 792 3406 (906)
810 3333 1038 3388 comitis
1053 3332 1124 3386 de
1138 3331 1392 3404 Dilingin
1410 3332 1675 3404 praebuit,
1697 3336 1753 3386 et
1773 3335 2049 3387 Constan-
2079 3313 2122 3380 C
2160 3352 2228 3390 ex
2251 3313 2578 3390 ‘bereditate
2611 3341 2916 3404 parentum
2939 3313 3213 3404 suorum,
3230 3313 3420 3390 unum
3445 3313 3614 3404 apud
3645 3333 3836 3390 Geili-

403 3423 698 3480 .tiensibus
717 3415 1054 3494 episcopum
1087 3421 1428 3493 designavit.
1453 3422 1658 3478 Postea
1670 3438 1799 3478 vero
1813 3427 2044 3493 aposto-

407 3513 558 3569 licus
587 3514 646 3567 et
663 3527 764 3566 rex
791 3511 904 3566 sibi
951 3509 1200 3566 invicem
1241 3509 1554 3579 conciliati,
1587 3515 1644 3566 et
1699 3511 1823 3581 ipse
1854 3512 1924 3566 ab
1981 3527 2046 3566 eo

407 3605 728 3674 imperator
755 3602 1124 3654 consecratus
1149 3599 1406 3654 recessit.
1431 3600 1500 3654 Et
1523 3603 1716 3654 tamen
1747 3599 2049 3655 Udalricus

413 3691 608 3761 ipsum
637 3703 848 3760 papam
879 3687 1326 3742 infestissimum
1360 3686 1584 3756 habuit,
1617 3703 1684 3742 eo
1713 3689 1865 3758 quod
1899 3687 2044 3744 inte-

413 3777 550 3845 rim,
581 3776 724 3831 dum
746 3775 1106 3846 ipse'captus
1135 3775 1462 3842 tenebatur,
1498 3792 1532 3830 a
1560 3791 1694 3847 rege
1741 3775 2048 3831 investitus

401 3868 556 3933 erat,
579 3880 686 3920 nec
713 3879 1001 3935 unquam,
1033 3863 1174 3918 dum
1207 3863 1332 3935 ipse
1365 3863 1524 3931 vixit,
1555 3864 2050 3921 consecrationem

411 3955 726 4026 impetrare
753 3951 966 4025 potuit,
996 3968 1062 4008 ac
1093 3956 1400 4024 propterea
1431 3957 1556 4008 octo
1589 3953 1779 4021 annis,
1835 3954 2050 4025 quibus

413 4041 713 4100 Paschalis
742 4041 1049 4113 superfuit,
1080 4041 1482 4114 episcopatum
1502 4043 1722 4114 absque
1749 4059 2048 4098 consecra-

414 4131 573 4190 tione
599 4129 810 4186 tenuit.

1081 4219 1110 4286 §
1137 4218 1380 4274 XXXIX.

489 4305 632 4364 Cum
664 4322 799 4380 ergo
829 4306 1386 4364 Nernistheimensis
1439 4307 1587 4378 (907)
1637 4307 1784 4364 cella
1813 4309 1884 4363 ad
1943 4309 2050 4365 hoc

419 4395 794 4470 pervenisset,
845 4401 910 4451 ut
942 4396 1136 4452 abbati
1193 4396 1402 4452 idonea
1455 4401 1628 4464 esset,
1661 4397 2050 4453 Theodoricus

416 4485 598 4542 abbas
627 4483 941 4558 quemdam
973 4500 1198 4550 senem,
1231 4484 1632 4557 Sigibotonem
1665 4486 1920 4548 nomine.
1981 4487 2050 4542 de

417 4573 726 4645 Hirsaugia
752 4572 1014 4637 adduxit,
1038 4589 1289 4644 eumque
1305 4573 1575 4628 abbatem
1597 4573 1919 4629 constituit.
1941 4575 2046 4638 Qui

2155 3423 2556 3492 nouwa,aliud
2579 3423 2734 3494 apud
2761 3422 3082 3478 Totirnbus
3101 3422 3266 3478 dedit
3285 3423 3358 3478 ad
3381 3423 3834 3480 monasterium

2155 3516 2212 3572 S.
2238 3511 2498 3584 Gregorii
2521 3528 2702 3583 papae,
2729 3511 2883 3583 quod
2907 3511 3122 3566 dicitur
3145 3510 3512 3580 Petrisbusa,
3531 3511 3610 3568 ad
3649 3513 3836 3570 servi-

2151 3602 2303 3660 tium
2337 3601 2606 3670 fratrum,
2637 3598 2740 3671 qui
2763 3598 2882 3654 illic
2901 3599 2996 3654 die
3025 3615 3092 3656 ac
3109 3603 3278 3656 nocte
3307 3599 3426 3656 Deo
3449 3600 3834 3670 deserviunt,

2155 3693 2378 3762 absque
2393 3689 2514 3744 ulla
2534 3688 3011 3756 contradictione,
3035 3688 3096 3743 in
3119 3705 3365 3744 manum
3387 3689 3836 3762 Heinrici(911)

2157 3779 2418 3838 advocati
2452 3779 2718 3848 ejusdem
2751 3777 3116 3844 monasterii,
3147 3793 3346 3832 coram
3381 3777 3622 3834 idoneis
3651 3779 3832 3836 testi-

2157 3871 2290 3926 bus.
2323 3868 2430 3923 Scd
2463 3883 2598 3922 cum
2627 3867 2782 3922 idem
2813 3869 3154 3938 Lampertus
3187 3881 3374 3922 unum
3408 3865 3658 3938 horum,
3721 3867 3834 3926 hoc

2157 3963 2246 4015 est
2275 3956 2616 4023 Totirnhus,
2651 3957 2996 4028 nongposset
3027 3954 3316 4012 redimere
3341 3955 3414 4012 ab
3437 3953 3556 4022 his,
3593 3956 3834 4027 quibus

2157 4047 2302 4103 illud
2335 4047 2394 4100 in
2415 4044 2765 4100 beneﬁcium
2809 4047 3202 4110 concesserat,
3267 4043 3516 4100 consilio
3575 4051 3836 4120 accepto

2158 4137 2339 4192 abbas
2369 4134 2630 4204 ejusdem
2649 4133 2984 4188 monasterii
2997 4133 3398 4190 Theudoricus
3413 4133 3696 4190 vendidit
3703 4137 3834 4207 jam

2159 4225 2380 4280 dictum
2413 4223 2718 4294 praedium,
2754 4221 2907 4294 quod
2939 4221 3155 4278 dicitur
3183 4222 3538 4292 Totinhusa,
3571 4240 3688 4295 pro
3729 4226 3834 4280 de—

2159 4329 2284 4370 cem
2315 4311 2548 4378 marcis,
2573 4315 2630 4366 et
2659 4311 2962 4368 occasione
2993 4312 3228 4368 inventa
3269 4309 3436 4366 dedit
3466 4309 3676 4368 exhoc
3701 4314 3834 4387 ipso

2159 4400 2343 4472 pretio
2369 4403 2493 4454 octo
2529 4415 2754 4454 marcas
2788 4417 2891 4471 pro
2927 4399 3188 4471 quadam
3221 4397 3419 4456 insula
3450 4399 3514 4454 in
3549 4417 3718 4474 pago
3739 4403 3840 4458 Ni-

2160 4487 3200 4561 bilgouwe,quaevocaturRotse,quae
3215 4487 3286 4544 ad
3309 4487 3838 4548 Constantiensem

2159 4577 2474 4634 Ecclesium
2489 4576 2835 4649 pertinebat,
2858 4577 3530 4649 etepiscopusejusdem
3553 4579 3840 4635 Ecclesia

417 4678 548 4720 cum
567 4661 865 4733 aliquanto
887 4666 1147 4733 tempore
1165 4661 1290 4716 sine
1312 4663 1750 4719 consecratione
1777 4667 2050 4736 praeesset
2079 4679 2126 4744 Ι)
2157 4665 2482 4734 Udalricus,
2518 4669 2752 4737 accepto
2777 4667 2904 4738 jam
2947 4666 3100 4722 dicto
3159 4665 3372 4739 pretio,
3435 4665 3498 4724 id
3545 4675 3647 4724 est
3713 4673 3840 4726 octo

491 4787 638 4858 (901)
661 4786 827 4858 Nunc
857 4783 1192 4858 Nercsheim
1215 4785 1550 4858 coenobium
1607 4786 2050 4844 Benedictinum

421 4853 740 4928 in'Suevia,
771 4856 842 4912 de
872 4871 988 4927 quo
1047 4855 1162 4928 vid,
1214 4853 1532 4928 bruschius
1577 4873 1633 4928 p.
1666 4859 1770 4913 337
1797 4865 1852 4914 et
1900 4859 2052 4915 infra

419 4931 448 4998 §
477 4929 561 4984 39.
595 4933 672 4984 De
703 4927 810 4982 hoc
837 4925 971 4982 vero
1029 4925 1160 4981 silet
1214 4927 1274 4981 P.
1327 4925 1595 4984 Khamm_
1624 4929 1684 4984 in
1715 4929 2052 4986 Hierarchia

419 5003 786 5071 Augustana.

490 5067 638 5143 (992)
663 5067 1189 5143 Scilicet_abbatem
1215 5067 1570 5126 Petershusii
1597 5071 1652 5125 in
1684 5071 1811 5143 ejus
1843 5072 2050 5130 absen-

419 5139 507 5198 tia
532 5139 778 5197 electum
791 5179 808 5204 ,
833 5141 861 5208 §
890 5139 980 5193 31.

421 5285 458 5340 S
491 5211 640 5284 (903)
670 5209 792 5266 lmo
823 5225 975 5264 anno
1025 5213 1308 5280 sequonte
1365 5211 1519 5268 1111.
1571 5213 1698 5268 Vid.
1761 5213 2053 5269 annalista

463 5299 591 5338 axo.

463 5299 571 5338 810
579 5323 591 5335 .

489 5353 640 5422 (904)
672 5349 876 5422 Obitus
905 5351 1226 5408 Gebehardi
1252 5353 1324 5409 Ill
1357 5369 1390 5408 a
1419 5353 1632 5408 Manlio
1655 5359 1806 5410 recte
1839 5355 1908 5409 ad
1953 5373 2048 5410 an.

421 5421 580 5484 H-lO,
616 5421 832 5478 l2Nov.
867 5423 1160 5478 statuitur.

1207 5496 1372 5550 Febr.
1435 5511 1622 5566 usque
1667 5494 1758 5550 ad.
1810 5499 1842 5549 8
1871 5496 2051 5568 April.

489 5588 498 5619 ι
682 5605 692 5617 .

425 5587 498 5624 an
532 5587 692 5619 1111.

491 5635 640 5708 (906)
668 5635 800 5708 Vid.
818 5636 1060 5708 supra].
1085 5654 1124 5704 1,
1149 5639 1176 5704 §
1195 5639 1248 5690 8.
1272 5635 1550 5708 Quamvis
1571 5633 1662 5708 alii
1675 5638 1914 5708 patrem
1929 5639 2056 5708 ejus

427 5705 1168 5789 perperam‘iiugpbaldum
1199 5707 1521 5789 nominent,
1549 5705 1646 5789 qui
1673 5705 2056 5789 Bruscbio;_e_t_

429 5723 725 5789 perperam
759 5723 1168 5788 nugonaioum
1199 5723 1521 5788 nominent,
1548 5723 1646 5837 gul
1675 5723 1954 5763 musculo
2001 5723 2056 5765 et

429 5795 592 5850 1.11.0
614 5777 866 5858 Udalrm
887 5779 1090 5834 fratrer
1102 5777 1314 5836 dicitur
1337 5796 1350 5850 ;
1370 5778 1522 5837 idem
1594 5777 1866 5837 ruschius
1889 5781 2056 5852 p.337

2159 4790 2490 4862 Udalricum
2519 4789 3116 4862 pariterHartmanni
3147 4790 3338 4862 ﬁlium
3359 4789 3536 4846 dicit.

2231 4863 2377 4932 (907)
2412 4861 2540 4916 Vid.
2575 4877 2708 4916 mox
2735 4861 2767 4932 §
2793 4863 2880 4916 36.
2907 4861 3192 4917 Caeterum
3223 4861 3350 4917 haec
3381 4877 3524 4916 cum
3549 4862 3838 4920 Bruscbii

2159 4932 2432 5026 autalng
2451 4933 2610 5016 baud
2636 4933 3136 5026 conveniulnt,‘qui
3157 4933 3719 5026 necsigibotonem
3735 4952 3844 5026 nec

2160 5003 2570 5062 Wernh’arium
2585 5003 2738 5059 inter
2755 5005 2997 5060 abbates
3013 5003 3542 5060 Neresheimenses
3565 5011 3848 5064 recenset

2161 5076 2244 5130 uti
2269 5091 2372 5150 nec
2391 5075 2734 5150 Franciscus
2757 5073 2907 5130 Petri
2931 5075 2990 5130 in
3010 5075 3222 5150 Suevia
3242 5075 3846 5150 ecclesiasticaﬂorte

2205 5147 2315 5228 uod
2349 5147 2518 5272 ambo
2541 5163 2655 5202 non
2689 5147 3136 5218 permanserint,
3171 5151 3272 5204 aut
3313 5147 3626 5205 benedicti
3671 5147 3846 5206 baud

2205 5235 2353 5272 lel‘ln
2392 5260 2403 5272 .

2189 5235 2403 5274 uerint.

2235 5289 2380 5363 (908)
2411 5289 2575 5363 Forte
2609 5289 3072 5363 Dotternbausen
3105 5290 3164 5344 in
3205 5289 3468 5363 capitulo
3533 5291 3840 5363 _E_bingen.

2234 5359 2382 5436 (909)
2423 5361 2588 5436 Ιξῐμηο
2640 5363 2846 5436 Botsee
2878 5359 3072 5436 lilialis
3099 5359 3733 5436 Δ’ρελῐ-οέὶῄίᾶε,Κίεεᾌθεέ
3779 5363 3846 5436 in

2163 5429 2416 5503 capitulo
2437 5431 2686 5511 stensi
2718 5435 2773 5514 et
2803 5429 2952 5501 paho
2983 5429 3300 5512 Nibilgove.
3326 5431 3410 5512 De
3435 5431 3554 5488 hoc
3587 5429 3724 5512 ιοΕᾷ
3746 5435 3842 5488 uti

2162 5507 2219 5558 et
2249 5503 2309 5556 B.
2341 5502 2687 5566 llatperomo
2720 5517 2848 5566 ejus
2878 5502 3332 5566 conditore,vid.
3370 5504 3533 5559 Infra
3557 5504 3600 5560 l.
3623 5523 3680 5566 v.
3713 5507 3740 5566 ξ
3783 5509 3842 5560 6.

2249 5517 2309 5556 υ.
2345 5517 2687 5572 iiatperomo
2720 5517 2848 5572 ejus
2878 5517 3332 5568 conuntore,vm.
3370 5517 3533 5559 intra
3559 5517 3600 5560 ι.
3623 5523 3680 5570 v,
3713 5517 3740 5571 ς
3783 5517 3842 5560 6.

2417 5573 2640 5658 érnacli
2665 5573 2732 5658 ‘in
2764 5573 3016 5658 capitulo
3043 5575 3266 5658 leniensi
3287 5577 3360 5658 let
3375 5575 3564 5658 dicto_
3588 5591 3764 5658 pago.

2369 5631 2376 5640 4

2235 5619 2383 5768 £911)
2415 5643 2617 5700 Comes
2649 5644 2718 5699 de
2770 5619 3206 5714 Sarnctomonte,
3241 5646 3326 5702 uti
3359 5619 3846 5704 mJiViﬁ'tEZ'éo-

2166 5731 2234 5770 ca
2267 5733 2352 5770 ur.

2267 5733 2352 5770 ur.
