3880 6334
97 431 197 499 357

823 565 981 639 διν.
1070 637 1080 645 υ

157 657 255 712 Per
308 654 466 710 idem
521 660 754 728 tempus
824 662 1090 714 matrona
1160 661 1425 732 quadam
1486 660 1718 727 nobilis,

99 743 313 802 nomine
341 743 536 811 Azala,
596 746 758 800 dedit
788 747 1068 817 praedium
1102 765 1276 803 suum
1327 751 1398 804 ad
1433 754 1720 805 monaste-

97 835 232 891 rium
253 833 310 888 S.
345 833 605 904 Gregorii
638 851 820 906 papae,
855 837 1007 906 quod
1041 836 1245 892 habuit
1279 838 1404 909 ipsa
1434 839 1589 910 apud
1619 838 1723 892 vil-

97 925 350 994 lam,quze
371 922 586 978 dicitur
609 923 959 996 Pfruwanga
986 926 1155 996 (922),
1188 931 1243 981 et
1275 927 1401 998 ipsa
1431 927 1489 982 in
1522 928 1724 982 eodem

96 1011 339 1068 coenobio
372 1028 560 1083 usque
592 1012 663 1066 ad
715 1013 866 1068 366
918 1014 1092 1069 ﬁnem
1125 1015 1250 1069 vitae
1282 1034 1398 1070 suae
1429 1016 1488 1070 in
1522 1016 1722 1070 habitu

97 1097 370 1172 spirituali
388 1099 896 1170 permansit.0uod
916 1104 1110 1156 tamen
1136 1103 1416 1173 praedium
1442 1102 1726 1158 Bertolfus

97 1187 263 1243 abbas
293 1203 328 1242 a
352 1186 585 1243 ﬁliabus
615 1192 671 1242 et
694 1189 992 1243 sororibus
1015 1191 1141 1260 ejus
1165 1191 1350 1246 multa
1371 1192 1614 1263 pecunia
1634 1192 1729 1247 vix

100 1275 348 1332 redemit.

839 1367 868 1439 §
899 1366 965 1421 v.

160 1453 302 1524 (9‘23)
336 1453 470 1508 Erat
505 1455 746 1525 quidam
781 1454 994 1510 nobilis
1055 1457 1110 1510 in
1162 1473 1305 1528 pago
1338 1457 1592 1529 Lintzgo,
1627 1477 1728 1513 no-

97 1542 242 1596 mine
272 1544 508 1610 Cuono;
543 1542 721 1613 hujus
753 1548 874 1598 erat
907 1543 1058 1609 villa,
1115 1563 1239 1616 quae
1289 1547 1732 1616 cognominatur

95 1631 461 1703 Pfruwanga,
513 1649 545 1686 a
589 1633 929 1703 parentibus
976 1634 1084 1687 sibi
1109 1635 1241 1703 jure
1273 1635 1631 1691 hcereditario
1665 1653 1732 1691 ex

94 1720 307 1791 integro
332 1717 662 1775 relicta.Hic
686 1722 888 1792 genuit
919 1723 1064 1777 duos
1098 1722 1271 1791 ﬁlios,
1305 1741 1552 1795 quorum
1578 1742 1731 1780 unus

92 1807 367 1881 Meguizo,
401 1807 548 1863 alter
568 1826 698 1864 vero
721 1811 918 1866 Cuono
946 1810 1266 1867 dicebatur.
1303 1812 1370 1866 Hi
1404 1829 1538 1884 ergo
1572 1818 1734 1885 patre

95 1900 316 1952 mortuo
349 1896 673 1952 diviserunt
696 1899 846 1953 inter
869 1901 1067 1969 sejam
1101 1901 1318 1955 dictam
1351 1900 1546 1956 villam
1570 1903 1732 1957 Piru-

88 1985 530 2057 wangam.Post
561 1987 681 2042 hmc
714 2005 869 2042 unus
900 2005 1122 2054 eorum,
1151 1989 1249 2060 qui
1283 1989 1585 2045 dicebatur
1618 1992 1735 2046 Me-

90 2075 271 2146 guizo,
305 2074 468 2129 dedit
491 2091 658 2129 suam
684 2081 903 2147 partem
929 2076 1182 2131 ecclesia:
1210 2078 1431 2132 Sanctae
1455 2079 1734 2134 Constan-

89 2163 252 2219 tiensi
303 2179 374 2218 ea
427 2164 778 2231 conditione,
832 2171 893 2219 ut
927 2167 1067 2236 ipse,
1121 2168 1378 2237 quandiu
1419 2167 1648 2234 viveret,
1683 2173 1738 2222 et

92 2256 285 2324 postea
346 2252 606 2307 hacredes
664 2255 816 2322 ejus,
875 2259 992 2308 tam
1047 2255 1448 2310 investituram
1483 2256 1736 2311 ecclesiae

89 2357 259 2412 quam
296 2341 657 2396 advocatiam
693 2341 817 2396 sine
851 2341 969 2396 ulla
1000 2345 1454 2399 contradictione
1487 2346 1737 2416 posside-

90 2433 226 2484 rent.
264 2429 468 2484 Frater
500 2433 694 2484 autem
729 2430 854 2500 ejus
878 2431 1074 2486 Cuono
1107 2432 1268 2486 duxit
1302 2450 1560 2498 uxorem,
1595 2439 1650 2488 et
1670 2451 1737 2489 ex

86 2535 146 2572 ea
173 2519 325 2575 duos
349 2518 555 2590 genuit
579 2518 1002 2590 ﬁlios,quorum
1029 2521 1127 2574 uni
1154 2538 1361 2576 nomen
1386 2527 1507 2577 erat
1530 2523 1736 2590 Wezil,

87 2606 245 2662 alteri
275 2623 420 2663 vero
452 2606 691 2663 Gebino.
717 2607 900 2679 Igitur
930 2608 1110 2663 Wezil
1146 2615 1302 2681 patre
1335 2611 1604 2667 defuncto
1637 2613 1736 2667 ad-

82 2695 227 2751 didit
258 2695 524 2752 ecclesias
558 2696 711 2767 apud
761 2696 1112 2769 Pfruwanga
1143 2700 1211 2753 de
1243 2717 1347 2754 suo
1377 2702 1607 2772 proprio
1639 2718 1738 2756 ca-

84 2783 296 2854 pellam
354 2800 560 2852 unam,
594 2800 840 2857 eamque
870 2787 1126 2841 dedicari
1180 2788 1312 2842 fecit
1343 2789 1400 2842 in
1433 2789 1650 2844 honore
1681 2791 1734 2845 S.

81 2873 310 2930 Nazarii
345 2877 524 2930 mart.
549 2878 605 2929 et
627 2875 696 2928 de
719 2875 841 2929 suis
866 2877 1114 2946 propriis
1139 2878 1318 2931 servis
1341 2879 1498 2933 dedit
1522 2878 1657 2933 illuc
1679 2879 1736 2935 in

81 2963 273 3019 dotem
307 2964 768 3030 unum,nomine
798 2965 1348 3032 Gisilmarum,dans
1381 2968 1569 3022 eidem
1596 2986 1738 3024 uxo-

80 3069 197 3108 rem
227 3053 584 3126 ingenuam,
636 3053 871 3108 nomine
918 3054 1175 3119 Azalam,
1226 3073 1474 3126 quorum
1524 3058 1738 3127 posteri

961 431 1404 500 CHRONICON
1455 432 2174 501 PETERSHUSANUM.
2210 472 2283 480 ——
2314 431 2458 499 LIB.
2505 432 2606 498 IV.

3348 429 3484 506 358'

1757 575 1807 637 Λ
1840 571 1982 626 tiam
2013 574 2291 641 quaereret
2318 575 2374 625 et
2394 570 2603 625 diversi
2624 570 2881 626 diversas
2910 569 3224 628 sententias
3253 576 3474 645 profer-

1834 664 1980 729 rent,
2013 660 2083 714 ad
2113 660 2259 714 301
2325 659 2598 714 ultimum
2659 658 3124 731 interrogabatur
3171 661 3475 720 Luitoldus

1833 747 1979 817 (926)
2011 764 2203 803 comes
2234 748 2304 802 de
2333 747 2658 803 Alchalmin
2711 748 2849 820 quid
2883 747 2993 804 sibi
3027 765 3131 820 pro
3160 748 3270 806 hac
3299 767 3479 808 causa

1832 835 2140 903 videretur,
2170 852 2234 891 eo
2269 837 2419 907 quod
2453 837 2576 907 ipse
2607 840 2760 892 esset
2809 837 2998 908 major
3037 843 3199 905 natu,
3233 844 3291 894 et
3338 840 3480 896 recti

1833 924 2064 995 verique
2095 930 2287 980 tenax.
2328 926 2398 979 At
2427 924 2521 978 ille
2551 925 2698 979 dixit
2728 922 2837 980 sibi
2869 925 3108 981 omnino
3129 927 3364 996 justum
3393 929 3482 984 vi-

1836 1013 1955 1066 deri
1981 1017 2172 1084 ut,per
2191 1029 2439 1084 quorum
2467 1018 2734 1085 parentes
2758 1013 3012 1069 Ecclesia
3042 1015 3299 1087 idipsum
3333 1033 3482 1089 pras-

1835 1102 1998 1155 dium
2031 1102 2331 1172 possidere
2370 1102 2760 1167 videretur,ab
2792 1102 2875 1157 eis
2904 1101 3274 1175 privilegium
3306 1091 3482 1162 advo-

1836 1191 1997 1244 catiaa
2021 1191 2138 1244 sive
2163 1190 2515 1245 investituraa
2539 1189 2698 1245 nulla
2718 1191 2939 1246 ratione
2963 1192 3299 1250 tolleretur:
3334 1200 3392 1251 et
3419 1195 3480 1251 in

1836 1278 1946 1332 hac
1978 1277 2267 1332 sententia
2295 1295 2362 1332 ea
2392 1277 2484 1332 die
2505 1280 2764 1350 synodus
2791 1295 3020 1352 quoque
3039 1281 3350 1339 terminata
3368 1289 3477 1340 est.

1841 1366 2022 1439 Igitur
2051 1367 2174 1438 ipse
2205 1367 2462 1433 Cuno,de
2493 1383 2607 1437 quo
2637 1366 2890 1439 agimus,
2935 1373 3158 1424 retenta
3185 1371 3483 1428 advocatis

1838 1460 1894 1509 et
1924 1455 2267 1510 investitura
2288 1455 2510 1526 accepit
2542 1472 2778 1510 uxorem
2812 1460 2868 1510 et
2891 1457 3091 1527 genuit
3140 1456 3347 1528 ﬁlium,
3379 1477 3484 1515 no-

1841 1544 1994 1598 mine
2026 1544 2374 1609 Conradum,
2408 1548 2468 1597 et
2492 1543 2752 1614 quinque
2783 1544 2952 1610 ﬁlias,
2977 1561 3223 1616 quarum
3246 1547 3344 1602 uni
3377 1565 3488 1603 no-

1841 1633 1998 1688 mine
2026 1631 2383 1698 Azala,dedit
2415 1632 2701 1704 quidquid
2736 1633 2860 1704 ipse
2893 1633 2949 1688 in
2981 1633 3336 1708 Pfruwanga
3365 1654 3490 1708 pos-

1842 1722 2068 1776 sidebat
2092 1739 2104 1789 ;
2140 1722 2307 1791 cujus
2328 1722 2641 1776 advocatus
2659 1725 2782 1777 erat
2805 1722 2981 1777 frater
3009 1723 3138 1794 ejus
3169 1726 3487 1791 Conradus,

1842 1811 1940 1881 qui
1974 1811 2125 1881 apud
2159 1811 2472 1882 Frikkinga
2504 1811 2650 1880 (927)
2684 1810 3060 1868 habitaverat.

2586 1899 2614 1970 §
2650 1899 2739 1953 v1.

1918 1987 2049 2042 Post
2083 1986 2201 2042 haec
2225 1987 2528 2042 Heinricus
2550 1987 2694 2056 (928)
2726 1987 2813 2042 vir
2843 1988 3245 2046 nobilissimus
3274 1995 3331 2045 et
3356 2009 3490 2063 pru-

1845 2078 1986 2130 dens
2028 2076 2098 2130 ad
2132 2081 2386 2131 extrema
2415 2075 2538 2129 vitae
2573 2076 2908 2147 perveniens
2938 2077 3096 2133 dedit
3134 2081 3487 2137 monasterio

1847 2165 2148 2219 dimidiam
2177 2169 2393 2236 partem
2419 2163 2674 2235 praedioli
2698 2165 2854 2236 apud
2877 2166 3200 2222 Elinchoﬁn
3223 2168 3393 2239 (929),
3413 2168 3492 2225 al-

1847 2259 2027 2308 teram
2053 2270 2184 2307 vero
2209 2252 2577 2308 medietatem
2601 2253 2761 2308 dedit
2783 2270 2925 2309 uxor
2945 2256 3071 2325 ejus
3107 2255 3348 2312 Ribinza
3373 2274 3493 2313 mo-

1847 2342 2022 2408 riens,
2059 2341 2166 2396 sub
2201 2358 2267 2395 ea
2315 2345 2510 2395 tamen
2542 2341 2870 2397 conditione
2915 2348 2978 2397 ut
3007 2345 3064 2397 in
3096 2345 3493 2402 anniversario

1847 2433 1938 2485 die
1973 2431 2280 2501 utriusque
2307 2429 2586 2485 fratribus
2619 2430 2752 2485 inde
2787 2431 3154 2487 ministretur
3182 2450 3314 2488 cum
3346 2450 3496 2506 pane

1847 2523 1903 2574 et
1931 2519 2064 2574 vino
2094 2523 2149 2573 et
2178 2519 2460 2590 piscibus.

2575 2610 2603 2676 §
2634 2608 2753 2663 vn.

1916 2696 2172 2751 Audiens
2196 2700 2388 2752 autem
2411 2695 2754 2751 Adelbertus
2774 2696 3195 2769 Moguntiensis
3211 2698 3494 2772 archiepi-

1848 2803 2059 2857 scopus
2109 2785 2327 2840 obitum
2385 2785 2631 2840 Heinrici
2687 2784 2848 2840 misit
2891 2785 3130 2854 litteras,
3180 2787 3240 2842 in
3275 2788 3491 2860 quibus

1849 2875 2144 2929 mandavit
2201 2873 2464 2929 Udalrico
2516 2873 2786 2945 episcopo
2835 2879 2900 2929 ut
2946 2876 3255 2946 projiceret
3281 2893 3492 2949 corpus

1848 2962 2104 3017 Heinrici
2136 2963 2204 3017 de
2236 2962 2583 3027 cmmeterio,
2639 2967 2738 3017 aut
2783 2961 3046 3018 divinum
3097 2980 3245 3037 opus
3275 2965 3333 3020 in
3365 2965 3494 3040 ipso

1851 3052 2202 3106 monasterio
2222 3055 2496 3118 cessaret,
2526 3068 2832 3122 quousque
2851 3051 2974 3123 ipse
3005 3051 3085 3108 ibi
3100 3054 3496 3123 jaceret.Cum

81 3157 306 3207 omnes,
345 3142 504 3197 sicut
536 3141 710 3196 hodie
742 3143 1020 3210 Cernitur,
1053 3145 1122 3197 ad
1157 3145 1420 3199 eamdem
1455 3146 1743 3216 pertinent
1851 3140 2006 3194 enim
2038 3139 2344 3195 Heinricus
2375 3139 2694 3211 imperator
2718 3141 2774 3194 in
2801 3140 2967 3196 Italia
2986 3145 3222 3209 esset,et
3247 3143 3496 3199 Frideri-

80 3230 609 3302 capellam.Frater
629 3248 859 3302 quoque
884 3233 1009 3302 ejus
1027 3233 1245 3287 Gebino
1270 3234 1739 3304 prmdiumsuum
1850 3245 1955 3282 cus
1988 3229 2105 3282 dux
2137 3229 2460 3283 Suevorum
2493 3228 2960 3302 Moguntiensem
2985 3229 3300 3286 Ecclesiam
3323 3232 3496 3287 deva-

81 3320 230 3390 apud
296 3318 768 3390 Ringginwilare
825 3322 970 3390 (924)
1004 3322 1162 3376 dedit
1219 3322 1289 3376 ad
1322 3305 1813 3380 monasteriumC
1854 3321 2033 3372 staret
2089 3317 2235 3388 (930)
2290 3321 2523 3387 propter
2579 3316 2950 3372 rebellionem
3001 3334 3116 3388 qua
3151 3317 3495 3375 Adelbertus

80 3408 132 3461 S.
167 3407 448 3480 Gregorii
483 3423 664 3478 papae,
696 3408 1058 3464 Petrishusin
1084 3410 1327 3477 dictum,
1355 3411 1583 3483 aliaque
1616 3431 1742 3485 per-
1853 3405 2112 3475 ejusdem
2147 3403 2407 3459 Ecclesiae
2442 3404 2912 3476 archiepiscopus
2944 3405 3278 3477 imperatori
3309 3406 3494 3462 rebel-

81 3497 250 3568 plura
282 3498 455 3553 bona
484 3495 601 3551 illic
658 3502 796 3552 tunc
857 3499 1200 3569 degentibus
1259 3501 1634 3567 ministravit,
1689 3508 1746 3558 et
1854 3494 2031 3560 labat,
2064 3493 2217 3547 idem
2252 3493 2556 3548 Ileinricus
2576 3493 2646 3548 de
2680 3493 3008 3566 Ilirzisegga
3038 3494 3170 3549 duci
3203 3495 3493 3566 adjutorio

79 3601 264 3658 usque
287 3586 368 3642 ad
397 3585 625 3640 obitum
649 3603 822 3640 suum
849 3586 963 3640 illic
988 3589 1721 3660 permansit.IgiturWezil

1913 3583 1983 3649 ,it,
2019 3599 2082 3636 ac
2113 3584 2183 3637 ob
2215 3582 2363 3637 hanc
2387 3599 2622 3639 causam
2647 3582 3120 3657 archiepiscopus
3135 3601 3270 3640 eum
3291 3585 3364 3642 de
3389 3601 3498 3643 cce-

69 3675 135 3730 de
165 3692 290 3748 quo
325 3674 616 3746 superius
648 3675 927 3743 diximus,
962 3677 1138 3730 frater
1167 3677 1504 3743 Gebinonis,
1529 3681 1746 3752 accepit
1858 3672 2095 3727 meterio
2118 3672 2244 3742 ejici
2266 3671 2466 3726 voluit.
2501 3673 2629 3743 Ipse
2661 3677 2856 3727 autem
2887 3672 3192 3728 Udalricus
3221 3673 3344 3730 suis
3375 3691 3499 3730 ma-

68 3779 336 3831 uxorem,
377 3778 517 3834 qua:
549 3762 599 3817 ei
621 3763 844 3834 peperit
877 3763 1085 3832 ﬁlium,
1123 3766 1355 3820 nomine
1386 3767 1744 3826 Cuononem.

59 3851 330 3910 Pontifex
363 3868 511 3908 vero
545 3851 906 3908 Ruomaldus
949 3854 1252 3924 praedium,
1291 3855 1445 3926 quod
1478 3859 1746 3928 supradi-

58 3944 184 3995 ctus
205 3940 500 4014 Meguizo
523 3941 594 3995 ad
620 3941 676 3996 S.
712 3942 1220 3998 Constantiensem
1242 3944 1546 4016 ecclesiam
1580 3947 1746 4001 obtu-

52 4027 220 4100 lerat,
256 4029 552 4086 Heinrico
585 4029 860 4085 advocato
892 4031 960 4086 de
993 4032 1403 4088 Sanctomonte
1435 4035 1491 4088 in
1527 4035 1744 4090 beneﬁ-

54 4116 208 4172 cium
241 4121 724 4182 concesserat,et
756 4119 878 4190 ipse
911 4119 1167 4174 Bennoni
1196 4121 1265 4175 de
1298 4121 1569 4210 Speichin
1596 4123 1746 4210 (925)

53 4208 518 4264 concessit.Iste
551 4206 769 4262 scilicet
793 4208 987 4262 Benno
1020 4208 1294 4279 primitus
1316 4209 1541 4281 litigare
1573 4206 1749 4282 ccepit

54 4311 186 4351 cum
220 4298 494 4353 Cunone
525 4312 628 4367 pro
651 4297 950 4352 advocatia
981 4298 1136 4368 apud
1161 4298 1536 4371 Pfruvvanga,
1571 4316 1745 4371 quam

51 4402 263 4442 omnes
289 4385 718 4459 progenitores
740 4384 930 4456 ipsius
953 4387 1208 4442 Cunonis
1235 4388 1455 4458 absque
1478 4387 1597 4443 ulla
1617 4405 1752 4444 con-
1855 4386 1936 4439 vit
1965 4401 2067 4456 per
2115 4384 2372 4438 animam
2399 4382 2586 4454 ipsius
2617 4387 2675 4438 et
2704 4400 2807 4455 per
2835 4399 3037 4439 omnes
3069 4382 3296 4438 animas
3341 4385 3497 4455 quod

49 4476 428 4531 tradictione
454 4474 1156 4547 habuerant;eteousque
1177 4476 1329 4531 inter
1354 4482 1747 4533 eoscertatum
1857 4491 1972 4528 non
2021 4471 2400 4544 permitteret,
2451 4475 2508 4526 et
2557 4471 2636 4527 ita
2687 4471 2886 4528 stricte
2932 4471 3260 4544 obsignavit
3297 4474 3362 4526 ut
3391 4487 3496 4527 nec

46 4567 371 4635 est,donec
403 4563 780 4634 temporibus
801 4563 1090 4619 Gebhardi
1116 4565 1188 4619 III
1209 4566 1474 4635 ejusdem
1496 4566 1750 4622 nominis
1857 4562 2112 4636 privatas
2145 4560 2436 4615 orationes
2467 4577 2825 4632 quemquam
2849 4561 2905 4615 in
2935 4559 3289 4627 ecclesia,vel
3319 4558 3376 4614 in
3401 4575 3498 4616 ca-

46 4653 318 4726 episcopi
350 4650 746 4717 Constantius,
782 4652 838 4706 in
872 4652 1160 4723 synodum
1184 4654 1387 4708 eadem
1412 4671 1589 4710 causa
1610 4671 1745 4710 ven-
1777 4673 1822 4738 D
1858 4650 2026 4723 pellis
2059 4649 2169 4722 ipsi
2199 4649 2652 4715 adhaerentibus,
2688 4649 2874 4738 facere
2896 4650 3254 4706 concederet.
3275 4648 3383 4738 Sed
3403 4647 3500 4738 vix

42 4741 281 4800 tilanda
315 4740 570 4815 perlata
598 4744 706 4806 est,
745 4740 940 4812 itaque
973 4758 1105 4796 cum
1139 4742 1377 4813 querela
1408 4760 1510 4815 pro
1541 4745 1744 4800 eadem
1781 4737 1806 4738 ί
1855 4739 2142 4796 concessit
2172 4741 2428 4809 rogatus,
2463 4741 2528 4792 ut
2556 4737 2710 4808 apud
2766 4738 2825 4793 S.
2858 4738 3103 4792 Mariam
3140 4739 3308 4810 juxta
3335 4737 3498 4793 inﬁr-

46 4845 230 4888 causa
263 4833 452 4887 esset
486 4827 730 4900 perlata,
763 4833 817 4885 et
847 4830 1158 4903 episcopus
1189 4848 1222 4886 a
1255 4832 1475 4902 synodo
1510 4836 1748 4888 senten-
1857 4830 2102 4886 mariam
2125 4826 2314 4884 ofﬁcia
2335 4827 2529 4882 divina
2549 4826 3142 4883 celebrarent.Actum
3162 4843 3312 4883 anno
3329 4826 3496 4883 Dom.

1859 3763 2033 3817 nibus
2065 3777 2196 3816 eum
2229 3759 2554 3832 sepelierat,
2582 3765 2638 3815 et
2671 3761 2820 3815 inter
2846 3760 3006 3833 ipsas
3038 3763 3164 3832 ejus
3194 3763 3501 3834 exsequias

1856 3852 1985 3921 ejus
2015 3849 2363 3922 paenitentia
2394 3850 2611 3920 grande
2643 3849 3042 3904 testimonium
3099 3850 3496 3922 perhibuerat.

1856 3945 2125 3994 Attamen
2161 3940 2216 3992 in
2249 3939 2376 4010 ipsa
2427 3939 2567 3993 feria
2595 3955 2631 3992 v
2680 3938 2831 3994 868
2875 3938 3060 3995 Cena
3092 3938 3318 3994 Domini
3350 3955 3497 4012 opus

1857 4029 1957 4083 Dei
1988 4029 2046 4082 in
2069 4028 2196 4100 ipsa
2217 4028 2458 4082 ecclesia
2481 4027 2602 4082 ﬁeri
2628 4027 2946 4098 prohibuit,
2971 4033 3029 4082 et
3059 4031 3298 4100 rogatus
3319 4045 3354 4082 a
3378 4029 3501 4084 fra-

1855 4118 2044 4172 tribus
2077 4117 2343 4172 flebiliter
2375 4121 2436 4171 ut
2487 4121 2720 4188 propter
2745 4117 3002 4171 animam
3032 4117 3368 4172 Theoderici
3396 4117 3498 4174 ab-

1855 4205 2137 4277 batis,qui
2169 4206 2226 4260 in
2249 4207 2377 4277 ejus
2399 4205 2677 4276 obsequio
2710 4210 2954 4260 mortem
2979 4206 3259 4266 subierat.
3293 4206 3499 4262 saltem

1856 4295 1914 4350 in
1943 4295 2087 4367 ipsis
2111 4294 2486 4366 paschalibus
2505 4294 2666 4349 festis
2692 4298 2922 4349 cantare
2943 4295 3324 4366 permitteret,
3345 4294 3502 4365 jura-

313 4970 478 5072 Xid.
516 4987 694 5072 supra
724 4971 762 5026 1.
798 4972 1034 5072 II,_§.18.

115 5043 294 5128 (923)_
318 5044 478 5099 Haec
509 5043 748 5128 quidem
779 5043 977 5128 etsi’in‘
1008 5044 1267 5128 margine
1317 5045 1508 5128 posita
1537 5047 1610 5101 ob
1642 5065 1746 5103 no-

44 5115 240 5172 titiam
279 5122 517 5172 tamen
550 5115 854 5170 retinenda
885 5116 1054 5170 nobis
1086 5116 1448 5183 videbantur,
1477 5134 1610 5172 cum
1643 5137 1745 5175 no-

48 5188 192 5265 bilis
214 5189 431 5259 hujus
461 5185 882 5265 in‘Lintzgovia
905 5187 1136 5242 familia
1161 5187 1320 5243 nulla
1345 5187 1598 5258 amplius
1632 5207 1748 5246 me-

47 5260 594 5340 morieeeeersit-
744 5327 758 5340 .
914 5328 930 5340 ..

111 5334 276 5400 (924)
311 5327 475 5384 Vid.
517 5344 712 5400 supra.
744 5327 783 5383 l.
819 5345 880 5391 ιι,
913 5328 941 5400 §
975 5329 1059 5383 18.

115 5334 247 5400 (924
311 5334 475 5384 Vid.
517 5344 712 5453 supra.
746 5334 783 5383 l.
819 5345 880 5391 ιι,
913 5334 941 5400 §
975 5334 1059 5408 18.

115 5334 276 5475 (925;
336 5399 584 5475 Notari
621 5399 691 5475 tie
721 5400 951 5475 videtur
981 5403 1178 5475 ignota
1209 5401 1333 5475 jam
1366 5399 1575 5475 pobilis
1607 5400 1744 5475 olim

46 5469 279 5532 familia
315 5474 401 5529 de
437 5469 842 5545 Spaichingen
873 5472 930 5525 in
964 5469 1242 5545 comitatu
1281 5471 1644 5545 Hohenberg,
1675 5474 1748 5530 de

47 5563 158 5618 quo
190 5546 456 5619 pas_s_i_m
476 5540 632 5619 Agit.
653 5540 964 5619 Gerbertus
997 5543 1052 5619 in
1087 5542 1453 5619 Hist._Nigra3
1485 5540 1672 5619 Eilvwaa.

112 5611 272 5691 (92-6)
311 5615 441 5691 Hic
474 5611 830 5691 Liuthpldus
857 5615 1194 5691 cumfratre
1222 5611 1458 5691 (lunone
1485 5615 1748 5671 fundavit

44 5683 525 5748 monasterium
559 5683 1013 5757 Zvvifaltenseet
1044 5690 1175 5757 post
1205 5686 1428 5741 obitum
1453 5703 1624 5743 suum
1649 5704 1742 5744 an.

46 5764 182 5826 1098
204 5761 466 5822 ibidem
495 5753 766 5832 sepultus
782 5753 1337 5817 est.Vid.liistoriam
1355 5757 1518 5818 diota
1540 5758 1744 5823 funda~

1853 4971 2032 5026 tionis
2063 4971 2119 5042 in
2151 4974 2212 5042 Ρἶ
2246 4969 2390 5023 Hess
2421 4969 2674 5042 Monum.
2712 4967 2958 5042 Guelph.
2991 4985 3046 5040 p.
3097 4969 3410 5042 t675seqq.,
3444 4973 3502 5027 et

1855 5041 2149 5097 Berthold.
2185 5041 2486 5096 Constant.
2521 5040 2578 5093 in
2611 5040 2820 5095 Chron.
2857 5040 2927 5094 ad
2960 5057 3054 5094 an.
3087 5040 3247 5095 4099.

1927 5114 2072 5185 (927)
2108 5112 2450 5185 Frickingen
2484 5112 2540 5165 in
2575 5111 2828 5185 capitulo
2860 5116 2916 5165 et
2946 5127 3094 5185 pago
3155 5111 3497 5185 Linzgoviae,

1855 5183 2008 5240 unde
2037 5187 2180 5239 forte
2210 5184 2445 5238 fuerunt
2474 5183 2845 5238 Burchardus
2895 5187 2951 5237 et
2979 5183 3255 5238 Albertus
3285 5183 3356 5239 de
3377 5183 3499 5239 Fri-

1856 5256 2130 5382 (Eihinger:é
2161 5255 2340 5310 notati
2388 5254 2446 5308 in
2479 5253 2697 5310 chartis
2749 5271 2845 5309 an.
2898 5254 3036 5309 1142
3063 5259 3120 5309 et
3179 5255 3313 5311 1185
3341 5254 3497 5326 apud

1910 5344 2077 5382 erreo
2136 5368 2147 5380 .

1910 5330 2147 5382 erreott.

1926 5344 2337 5470 (ξέἓέῗιξοίιίοθῐ
2395 5397 2466 5451 de
2525 5397 2878 5470 Hirzisegga,
2940 5396 3082 5452 forte
3136 5396 3290 5451 ﬁlius
3318 5398 3492 5450 Here-

1855 5467 3067 5558 ωξριῇνξὲθςιυρηξξιρεειι-.ηνὲἐ⁷,ι.²¹ςι.
3169 5535 3182 5549 .
3323 5532 3333 5545 .

1925 5531 2072 5615 (929)
2101 5531 2268 5615 forte
2299 5531 2561 5615 Ellhofen
2609 5531 2687 5596 in'
2723 5531 3184 5615 Stieffenhofensi
3213 5531 3484 5615 capitulo.

1925 5600 2070 5684 (930)
2101 5609 2324 5666 Bellum
2357 5610 2464 5668 hoc
2494 5610 2934 5685 Moguntinense
2964 5611 3154 5665 narrat
3196 5600 3486 5664 annalists

1926 5699 1996 5740 xo
2027 5682 2097 5738 ad
2131 5699 2223 5738 an.
2278 5683 2436 5740 1117.

1852 5687 1996 5740 Saxo
2027 5687 2097 5738 ad
2131 5699 2223 5738 an.
2278 5687 2436 5740 1117.
