3880 6346
145 377 261 447 8M

1027 382 1473 451 CHRONICON
1522 380 2243 450 PETERSHUSANUM.
2270 420 2342 433 —
2366 386 2510 451 LIB.
2557 386 2665 452 IV.

3418 389 3536 452 362

145 527 322 573 senex
351 508 659 588 presbyter
685 512 822 572 illuc
852 519 1239 573 transmissus
1273 520 1516 590 praefuit,
1543 521 1651 573 sub
1675 536 1789 590 quo
1819 519 1873 584 Α
1906 536 2025 573 rem
2060 521 2403 589 conficeret;
2433 522 2529 577 alii
2556 526 2754 578 autem
2770 522 3027 578 dicerent
3056 520 3127 576 ad
3176 519 3353 576 altare
3401 537 3535 577 eum

145 604 331 672 stage
354 599 483 655 illic
512 604 649 658 tunc
676 617 859 669 eram,
891 608 948 658 et
979 604 1294 661 habuimus
1327 607 1637 662 fmdoratos
1674 611 1792 661 tam
1904 608 2115 663 debere
2146 627 2383 681 pergere
2419 615 2475 665 et
2506 611 2723 667 ibidem
2772 628 2833 666 se
2887 610 3176 677 abdicare,
3235 608 3538 680 episcopus

143 687 576 747 Soafhusenses
604 694 662 744 et
691 690 1121 758 Steinahenses,
1157 695 1255 765 qui
1306 695 1580 750 similiter
1618 711 1793 750 suum
1902 696 2017 750 ait:
2051 718 2077 745 υ
2105 701 2224 752 Non
2258 703 2365 763 est,
2400 698 2614 770 inquit,
2649 714 2909 761 necesse,
2935 697 3163 768 virgam
3200 696 3346 751 mihi
3390 697 3544 767 regi-

145 792 271 833 esse
299 776 505 848 ipsum
535 776 729 834 locum
754 780 1073 845 certabant,
1106 786 1161 851 et
1192 784 1407 853 sazpius
1428 788 1562 839 ante
1602 788 1790 838 vastav

1901 784 2077 839 minis
2103 786 2357 840 reddat.»
2385 788 2546 841 Tunc
2568 804 2772 843 omnes
2787 784 3540 853 reclamaverunt,dicentes

149 868 371 933 verant,
396 868 456 919 et
480 865 673 921 adhuc
705 868 1024 923 devastant.
1050 870 1182 937 Sed,
1209 888 1340 926 cum
1366 873 1509 927 satis
1532 872 1791 926 ordinate
1900 872 2007 925 hoc
2041 873 2373 928 nullatenus
2403 875 2470 928 ad
2505 892 2639 931 eum
2672 875 2982 946 pertinere.
3016 878 3164 945 Ergo
3195 873 3443 929 accessit
3470 873 3541 928 ad

147 955 291 1009 tunc
341 953 627 1024 temporis
656 954 854 1011 divina
877 959 935 1010 et
983 956 1242 1013 humana
1286 958 1368 1014 ibi
1413 959 1787 1027 haberentur,

148 1038 811 1115 Udaln’cusepiscopus,
837 1044 1078 1100 credens
1099 1063 1161 1100 se
1183 1047 1358 1102 citius
1371 1048 1645 1119 quiddam
1666 1065 1789 1103 ma-

142 1128 237 1203 gni
262 1132 663 1201 patraturum,
694 1131 922 1187 dimisit
944 1149 1068 1199 nos,
1102 1138 1159 1188 et
1189 1134 1432 1190 Utonem
1474 1137 1787 1207 quemdam

141 1216 411 1274 abbatem
442 1217 524 1273 ibi
558 1218 712 1287 fecit,
737 1236 989 1293 eumque
1010 1220 1068 1276 in
1096 1221 1314 1293 quibus
1336 1224 1525 1294 potuit
1545 1223 1784 1294 adjuvit.

144 1304 345 1361 διὰαά
378 1305 555 1363 breve
586 1310 820 1379 tempus
850 1309 1098 1381 praefuit,
1134 1311 1286 1365 sicut
1306 1328 1412 1368 suo
1454 1312 1579 1368 loco
1602 1312 1787 1384 stylus

142 1397 336 1451 noster
368 1394 622 1451 forsitan
655 1397 935 1454 ostendit.

857 1488 885 1554 §
915 1486 1061 1543 XIII.

208 1570 374 1627 Anno
403 1571 481 1628 ab
513 1571 804 1630 Incarnat.
837 1579 1000 1631 Dom.
1036 1593 1249 1632 mcxxw
1281 1578 1434 1633 facta
1463 1583 1554 1634 est
1601 1579 1786 1636 fames

140 1656 521 1728 validmitaut
537 1661 707 1718 multi
732 1663 975 1734 penuria
1001 1666 1263 1736 oppressi
1288 1666 1560 1737 perirent.
1575 1668 1644 1722 Et
1664 1673 1786 1724 erat

141 1745 196 1802 in
220 1747 468 1807 basilica
499 1750 558 1805 S.
591 1750 853 1823 Gregorii
874 1752 1076 1807 tabula
1108 1754 1411 1826 principali
1462 1755 1670 1810 altario
1726 1756 1783 1811 in

140 1835 675 1945 occidentitali‘parte
705 1840 993 1912 opposita,
1023 1859 1319 1941 qumauro
1350 1848 1405 1897 et
1434 1848 1671 1915 argento
1693 1861 1786 1898 ve-
1816 1880 1863 1945 Β

142 1929 307 1982 Iusta
322 1925 520 1984 fuerat
539 1933 761 1999 operta,
784 1945 912 1999 quae
937 1930 1171 1986 nonnisi
1192 1934 1248 1985 in
1278 1932 1547 1988 maximis
1579 1933 1789 1988 festivi-

141 2012 361 2071 tatibus
375 2014 770 2087 aperiebatur.
799 2019 953 2073 Hanc
972 2019 1258 2075 Bertolfus
1282 2020 1463 2076 abbas
1485 2022 1787 2092 ingruente

139 2099 329 2175 inopia
358 2104 651 2177 confringi
683 2105 837 2173 fecit,
863 2112 918 2162 et
939 2107 1065 2162 auri
1098 2108 1334 2179 quidem
1369 2109 1666 2165 inventum
1700 2114 1788 2165 est

140 2189 349 2249 habere
371 2208 562 2250 unum
593 2192 903 2263 talentum,
931 2200 988 2252 et
1019 2201 1291 2268 quartam
1338 2203 1559 2269 partem
1620 2199 1785 2254 ferto-

143 2279 227 2336 nis
254 2281 425 2353 (940),
459 2282 683 2354 argenti
715 2283 993 2355 quinque,
1027 2287 1173 2341 81l
1212 2287 1396 2341 ethoc
1441 2292 1624 2341 totum
1662 2293 1781 2343 tam

144 2383 342 2424 aurum
357 2385 541 2441 quam
558 2376 865 2442 argentum
884 2379 1008 2428 erat
1024 2375 1407 2445 purissimum
1430 2382 1479 2429 et
1494 2377 1781 2447 Optimum

141 2455 216 2514 De
233 2474 376 2514 auro
396 2459 618 2532 quippe
640 2459 698 2515 in
724 2461 1028 2518 medietate
1046 2464 1256 2518 tabulae
1278 2468 1401 2519 erat
1426 2463 1782 2536 elataimago

144 2546 401 2617 speciosa
424 2547 485 2603 S.
520 2547 623 2604 Dei
655 2548 987 2616 Genitricis,
1014 2555 1069 2605 et
1092 2551 1149 2605 in
1171 2553 1298 2621 ejus
1321 2557 1549 2622 pectore
1562 2556 1784 2623 species

143 2632 414 2691 oolmnbaa
444 2652 463 2703 ;
496 2635 814 2708 deargento
842 2654 975 2693 vero
995 2638 1050 2693 in
1078 2638 1386 2695 latitudine
1409 2641 1618 2696 tabulae
1642 2641 1783 2696 ima-

143 2722 300 2793 gines
326 2724 729 2795 apostolorum
761 2731 819 2780 et
839 2727 1088 2782 aliorum
1121 2733 1454 2783 sanctorum
1506 2729 1781 2800 pulcher-

144 2810 281 2869 rime
310 2812 595 2870 formatis.

850 2907 879 2972 §
922 2904 1066 2959 XIV.

204 2990 286 3046 Ad
345 2991 470 3047 haec
529 2992 811 3064 praedium
873 2995 1024 3065 apud
1086 2994 1262 3049 Bozze
1320 2996 1465 3066 (941)
1545 2996 1778 3051 cuidam

145 3075 469 3136 Bernbardo
503 3096 606 3151 pro
637 3080 943 3136 duodecim
976 3080 1140 3136 libris
1174 3082 1395 3151 argenti
1431 3099 1533 3153 pro
1583 3082 1777 3137 chiro-

145 3166 353 3239 grapho
385 3167 701 3224 dimissum
734 3175 841 3235 est,
876 3170 1027 3240 quod
1054 3175 1250 3240 postea
1281 3172 1579 3226 Conradus
1599 3172 1777 3226 abbas

147 3252 387 3326 Ruperto
416 3257 491 3311 de
522 3256 916 3313 Otoldiswanc
948 3258 1093 3329 (912)
1121 3264 1379 3329 tempore
1433 3260 1639 3314 iterum
1692 3263 1775 3316 ta-
1809 3246 1851 3311 C

149 3343 252 3400 mis
277 3344 565 3412 vendidit,
596 3345 696 3417 qui
728 3345 869 3401 illud
888 3364 1075 3417 usque
1107 3348 1163 3401 in
1187 3364 1443 3419 praesens
1465 3350 1743 3419 possidet.

874 3438 901 3502 §
931 3435 1044 3491 XV.

209 3522 370 3579 Anno
419 3523 497 3579 ab
530 3522 935 3581 Incarnatione
981 3530 1145 3580 Dom.
1180 3543 1437 3593 mcxxvn,
1472 3543 1604 3581 cum
1654 3528 1781 3599 jam

146 3605 422 3668 Bertolfus
454 3612 640 3668 abbas
671 3612 831 3668 senio
864 3619 1216 3685 gravaretur,
1260 3616 1522 3670 moribus
1553 3633 1783 3687 quoque

148 3695 226 3754 ita
246 3698 646 3769 insolesceret,
680 3706 745 3756 ut
774 3718 879 3757 nec
911 3701 1036 3773 ipse
1066 3703 1294 3771 faceret,
1330 3720 1433 3759 nec
1465 3703 1595 3758 aliis
1653 3721 1781 3775 per-

149 3786 391 3846 mitteret
418 3789 755 3846 necessaria
797 3789 908 3844 loci
940 3790 1263 3863 providere,
1307 3796 1363 3847 et
1384 3792 1510 3862 jam
1535 3793 1781 3864 jamque

150 3876 528 3933 omniasimul
560 3877 621 3932 in
652 3878 970 3934 defectione
1020 3878 1372 3947 viderentur,
1422 3880 1660 3951 quidam
1709 3882 1781 3938 de

149 3964 466 4023 senioribus
495 3971 799 4038 cceperunt
823 3983 955 4022 cum
1012 3966 1280 4023 Udalrico
1329 3968 1598 4040 episcopo
1628 3969 1778 4026 clam

148 4064 323 4123 agere,
353 4057 418 4110 ut
449 4053 701 4111 Bertolfo
734 4056 1111 4126 persuaderet
1142 4061 1430 4128 quatenus
1463 4057 1697 4115 abbatis
1719 4074 1781 4114 se

151 4138 451 4213 abdicaret,
477 4141 724 4199 etalium
751 4161 852 4215 pro
873 4161 933 4199 se
961 4144 1218 4199 ordinari
1243 4146 1603 4216 permitteret
1628 4148 1780 4220 ;ipse

150 4241 265 4284 vero
294 4230 589 4304 reliquum
610 4231 736 4287 vitae
761 4249 878 4287 sua
903 4238 1137 4304 tempus
1161 4235 1422 4306 privatus
1456 4236 1779 4307 requiesce-

152 4319 252 4386 ret;
282 4325 404 4379 erat
434 4320 594 4376 enim
614 4338 852 4377 crassus
869 4321 1065 4378 nimis.
1091 4323 1160 4377 Et
1176 4322 1449 4394 quoniam
1470 4326 1781 4398 episcopus

150 4402 417 4479 eloquens
445 4412 572 4466 erat
602 4415 658 4465 et
688 4415 981 4479 versutus,
1008 4412 1302 4483 persuasit
1323 4429 1477 4480 eum,
1512 4416 1779 4485 quamvis

153 4490 240 4550 diu
266 4496 596 4555 reluctaret.
631 4498 732 4555 Die
782 4515 917 4571 ergo
944 4504 1168 4555 statuta
1195 4501 1429 4556 advenit
1474 4502 1780 4560 Udalricus

1898 960 2080 1015 altare
2108 966 2164 1016 et
2195 962 2417 1035 virgam
2440 963 2711 1033 deposuit
2754 964 3024 1035 desuper,
3056 962 3287 1018 dicens:
3317 986 3344 1012 ‹‹
3377 962 3541 1028 Ecce,

1897 1049 2051 1120 quod
2082 1049 2181 1105 Dei
2214 1055 2270 1104 et
2298 1051 2471 1105 vestri
2493 1051 2684 1122 gratia
2714 1050 2914 1119 habui,
2948 1051 3195 1121 depono,
3231 1053 3289 1106 et
3337 1065 3543 1107 omnes

1895 1154 1996 1193 vos
2025 1154 2058 1192 a
2090 1139 2204 1193 mei
2236 1138 2567 1193 obedientia
2592 1138 2846 1195 absolvo.
2870 1138 3196 1194 nHocdicto
3219 1139 3292 1194 ad
3320 1138 3539 1196 lectum

1898 1226 2068 1281 rediit
2096 1230 2151 1282 et
2179 1227 2506 1283 Conradum
2532 1227 2897 1300 capellanum
2914 1227 3145 1300 primus
3161 1226 3353 1299 elegit.

2612 1316 2642 1389 ξ
2671 1317 2808 1371 XVI.

1967 1403 2120 1460 812
2142 1403 2359 1459 Deinde
2384 1404 2596 1461 iterum
2612 1409 2931 1460 conventus
2948 1406 3020 1460 ad
3043 1403 3366 1476 capitulum
3395 1405 3535 1461 red-

1896 1490 1983 1547 iit.
2019 1492 2341 1564 Episcopus
2394 1509 2527 1549 vero
2582 1493 2843 1561 secessit,
2901 1496 2959 1548 et
3013 1491 3195 1548 libera
3249 1491 3529 1549 electione

1895 1581 2089 1637 omnis
2119 1582 2488 1654 congregatio
2517 1583 2848 1638 Conradum
2880 1580 3072 1653 elegit.
3125 1580 3426 1637 Conradus
3480 1583 3538 1636 et

1894 1671 2018 1742 ipse
2041 1676 2379 1737 secesserat,
2414 1671 2689 1743 quoniam
2726 1688 2828 1743 pro
2854 1670 3086 1741 hospite
3122 1669 3404 1724 hactenus
3452 1668 3535 1724 ibi

1895 1760 2209 1815 habitabat.
2245 1760 2540 1815 Electione
2561 1764 2757 1814 autem
2789 1763 3044 1830 peracta,
3104 1758 3427 1829 requisitus
3482 1761 3540 1812 et

1896 1849 2186 1917 inventus,
2218 1848 2481 1904 clamans
2514 1854 2572 1904 et
2602 1847 2855 1904 multum
2899 1847 3196 1903 reluctans
3258 1845 3541 1902 violenter

1896 1938 2206 2003 adductus,
2229 1943 2284 1992 et
2314 1938 2552 1993 tandem
2584 1937 2870 1993 laboriose
2893 1936 3155 1991 devictus
3176 1934 3298 1990 sedi
3320 1938 3409 1991 est
3427 1934 3537 1991 im-

1896 2027 2141 2098 positus.

2599 2114 2627 2183 Ξ
2657 2114 2827 2167 XVII.

1967 2203 2101 2257 Post
2128 2220 2361 2259 menses
2393 2208 2642 2274 quatuor
2672 2201 2979 2258 Udalricus
3010 2201 3326 2274 episcopus
3382 2201 3535 2272 apud

1890 2290 2098 2347 cellam
2133 2293 2190 2346 S.
2218 2292 2409 2347 Maria:
2441 2292 2499 2347 in
2531 2291 2873 2361 Brisgouwe
2894 2290 3063 2361 (944),
3088 2305 3340 2361 quorum
3361 2288 3535 2345 etiam

1894 2380 2094 2435 habitu
2125 2381 2431 2447 enituerat,
2467 2381 2624 2435 regio
2652 2380 2855 2434 morbo
2877 2379 3211 2450 depressus,
3236 2382 3291 2433 et
3320 2376 3536 2435 violen-

1892 2474 1979 2523 ter
2010 2469 2197 2524 oculis
2215 2470 2285 2523 de
2308 2469 2490 2540 capite
2516 2470 2739 2539 ejectis,
2773 2467 3062 2523 laborioso
3085 2468 3198 2522 fine
3227 2467 3537 2523 defunctus

1894 2562 2002 2621 est,
2035 2558 2121 2612 vir
2150 2558 2341 2613 ofticio
2373 2556 2691 2628 pontiﬁcali
2724 2554 2890 2611 valde
2939 2556 3210 2620 idoneus,
3260 2555 3312 2610 si
3343 2554 3536 2611 animo

1892 2663 2003 2700 non
2032 2646 2237 2700 fuisset
2261 2647 2401 2699 adeo
2423 2645 2765 2700 acerrimus.
2794 2648 2919 2714 Ipse
2941 2644 3095 2713 apud
3124 2642 3533 2699 S.Udalricum

1889 2733 2239 2788 Constantia:
2272 2733 2585 2787 canonicos
2615 2732 2869 2787 instituit
2898 2731 3066 2801 (945).
3121 2731 3344 2802 Corpus
3402 2733 3530 2800 ejus

1888 2822 2287 2877 Constantiam
2312 2822 2568 2876 delatum
2594 2820 2652 2875 in
2674 2820 2847 2876 choro
2868 2818 3123 2875 basilica
3138 2823 3193 2873 S.
3226 2818 3420 2874 Mariae
3441 2822 3531 2875 est

1888 2911 2204 2966 honoriﬁce
2236 2911 2618 2965 tumulatum.

2582 2998 2612 3070 §
2642 2998 2839 3053 XVIII.

1964 3088 2442 3161 lgiturBertolfus
2475 3088 2653 3142 abbas
2674 3088 2821 3158 (946)
2845 3103 2970 3141 ven.
3003 3102 3137 3141 cum
3184 3084 3441 3157 primum
3471 3101 3533 3141 se

1889 3182 2171 3249 potestate
2203 3177 2550 3240 abdicasset,
2586 3176 2885 3248 aliquanto
2901 3180 3160 3247 tempore
3191 3174 3241 3230 ei
3265 3173 3531 3246 diligenti

1891 3283 2026 3320 cura
2058 3265 2519 3331 ministrabutur,
2554 3265 2764 3321 deinde
2795 3265 2977 3318 multa
3006 3257 3363 3335 negligentia
3415 3268 3530 3319 tra-

1893 3354 2312 3425 ctabatur.lpse
2335 3370 2565 3425 quoque
2587 3359 2721 3424 post
2740 3361 2954 3424 padcos
2968 3368 3151 3407 annos
3164 3366 3307 3421 pene
3326 3366 3530 3406 amens

1892 3444 2129 3499 effectus
2151 3442 2810 3513 pueriliterversabatur
2886 3482 2897 3493 .
2981 3482 2993 3495 .
3079 3481 3091 3494 .
3166 3438 3226 3493 in
3253 3439 3528 3495 extremis

1891 3536 2085 3587 autem
2115 3532 2245 3601 ejus
2274 3531 2362 3584 vix
2394 3535 2618 3585 tantum
2651 3530 2702 3584 ei
2736 3545 2943 3584 sensus
2974 3544 3316 3584 concessum
3350 3531 3440 3583 est
3462 3531 3530 3583 ut

1889 3620 2162 3675 viaticum
2196 3622 2480 3690 quzsreret
2509 3622 2564 3672 et
2596 3619 2900 3689 acciperet.
2937 3617 3258 3672 Defunctus
3306 3620 3528 3685 tamen,

1890 3707 2290 3765 benevolentia
2321 3708 2566 3763 fratrum
2625 3705 3106 3770 sacerdotalibus,
3165 3709 3231 3760 ut
3259 3718 3388 3761 mos
3444 3708 3536 3761 est

1891 3796 2201 3853 abbatibus
2235 3796 2443 3863 facere,
2476 3795 2739 3862 indutus,
2763 3800 2821 3851 et
2839 3795 2897 3850 in
2920 3794 3109 3865 capite
3131 3792 3534 3866 sepulcrorum

1832 3942 1835 3945 λ
1891 3887 2169 3943 abbatum
2202 3884 2471 3956 sepultus
2495 3889 2585 3940 est
2614 3901 2749 3939 cum
2787 3884 3026 3951 honore,
3063 3883 3301 3939 absente
3332 3886 3531 3939 tamen

1890 3976 2099 4031 abbate
2129 3975 2414 4029 Conrado.

2598 4062 2627 4133 ξ
2671 4061 2813 4116 x1x.

1965 4153 2102 4209 Rem
2133 4152 2362 4217 miram,
2393 4166 2568 4222 quam
2588 4150 2852 4205 dicturus
2871 4165 3025 4217 sum,
3051 4147 3150 4221 qui
3169 4147 3341 4215 volet,
3401 4164 3531 4221 per-

1892 4242 2125 4314 pendat.
2161 4240 2264 4296 Per
2295 4256 2477 4295 annos
2510 4239 2723 4310 quippe
2745 4238 2860 4293 fere
2894 4238 3286 4310 septuaginta,
3320 4254 3355 4292 a
3381 4241 3530 4293 tem-

1892 4331 2132 4403 poribus
2166 4327 2385 4384 scilicet
2413 4326 2703 4382 Adelberti
2735 4327 2963 4382 abbatis
2996 4343 3182 4396 usque
3214 4326 3282 4380 ad
3316 4324 3532 4383 Bertol-

1893 4421 2039 4488 fum,
2072 4418 2270 4473 nullus
2301 4434 2501 4472 eorum
2533 4415 2636 4488 qui
2667 4415 2724 4470 in
2758 4415 2938 4470 Domo
2967 4414 3116 4469 Petri
3151 4414 3388 4469 abbates
3407 4414 3529 4470 fue-

1890 4513 2028 4563 runt
2058 4510 2278 4579 absque
2311 4510 2445 4562 nota
2475 4507 2543 4561 de
2575 4505 2683 4561 hoc
2728 4502 2934 4560 saeculo
2975 4503 3331 4575 migrarunt;
3389 4518 3528 4558 nam

151 4582 466 4677 9Pi399_Pu$g
496 4590 553 4677 ei
584 4586 890 4643 Udalricus
910 4587 1318 4644 Zwivildensis
1339 4590 1700 4662 abbas(943),
1724 4597 1781 4649 et
1812 4611 1859 4677 Β
1890 4598 2136 4670 quilibet
2165 4613 2364 4652 eorum
2401 4600 2498 4651 aut
2520 4611 2757 4668 peregre
2790 4593 3055 4662 moritur,
3080 4595 3182 4647 aut
3210 4590 3409 4662 aliqua
3430 4591 3530 4646 de-

156 4672 379 4757 consilio
408 4676 513 4732 diu
535 4674 736 4732 habito
768 4682 1054 4732 venerunt
1082 4678 1151 4732 ad
1185 4679 1530 4750 capitulum,
1552 4686 1607 4735 et
1627 4699 1781 4737 nun-
1812 4672 1852 4677 —
1894 4685 2116 4741 bilitate
2157 4690 2460 4757 correptus
2508 4683 2697 4757 periit.
2729 4682 3074 4739 Adelbertus
3125 4680 3321 4752 itaque
3373 4679 3529 4752 apud

149 4755 425 4820 tiaverunt
465 4763 869 4833 multitudini;
903 4766 1470 4839 eumqueillelibens
1495 4771 1784 4825 consenti-

155 4849 231 4903 ret
258 4855 318 4907 ut
337 4852 603 4925 privatus
623 4853 857 4924 viveret,
892 4853 1165 4910 dixerunt
1196 4856 1435 4927 quidam
1472 4864 1534 4913 ut
1563 4859 1781 4915 ibidem

158 5000 355 5136 Ἠξξὲ
404 5011 570 5069 Ferte
601 5013 861 5087 pecunia:
917 5015 1161 5086 species,
1224 5032 1324 5071 seu
1387 5022 1596 5089 quarta
1647 5037 1782 5092 pars

234 5149 354 5228 94d)
386 5153 555 5228 Eoos,
588 5154 649 5228 in
680 5171 828 5228 cap.
862 5155 1109 5228 Sulgau.

236 5223 359 5301 9’52)
384 5226 560 5301 forte
590 5223 1059 5301 Otterschvvang,
1094 5230 1150 5282 in
1182 5230 1309 5283 eod.
1347 5246 1478 5301 cap.

220 5293 362 5381 (9.43).
384 5295 485 5381 Hi0
511 5298 584 5381 si:
610 5315 781 5381 sane.
804 5293 1317 5381 ίοθὶυέίλυεμββ
1371 5293 1598 5381 ρίιεΐιξίι
1628 5320 1785 5381 -990.-

163 5368 402 5444 Easterio
422 5366 891 5444 Zwifaltegsi,e1_r
919 5366 1102 5444 Gallia
1125 5372 1337 5444 Christ,
1363 5366 1409 5444 ﬁt.
1439 5376 1504 5444 ν.
1527 5375 1581 5444 p.
1620 5376 1780 5429 1054.

159 5428 323 5576 1130250
345 5436 662 5566 eligendus
697 5441 755 5495 P.
781 5428 990 5514 Sulger
1018 5442 1076 5497 in
1114 5428 1335 5497 Annal:
1355 5428 1629 5517 Zwifalt,
1660 5448 1702 5500 t.
1739 5428 1784 5514 I,

197 5543 209 5559 .
230 5525 314 5577 ιδ,
345 5525 456 5566 etc.

218 5578 359 5651 (ΘΗ)
387 5578 545 5655 Cella
572 5581 632 5655 S_.
663 5582 878 5642 Mariae.
901 5582 1073 5655 vulgo
1094 5584 1504 5651 Sanctmergen
1540 5585 1781 5642 canoni-

163 5658 344 5709 oorum
376 5652 731 5728 regularium
781 5652 1087 5730 collegium
1120 5662 1208 5717 est
1262 5659 1321 5717 in
1381 5658 1535 5717 Silva
1584 5658 1777 5733 Nigra.

464 5778 728 5849 Persen.
776 5781 1037 5846 CXLIII.

1894 4774 2227 4830 Buoebowa
2250 4774 2443 4829 subita
2464 4778 2649 4828 morte
2670 4772 3038 4844 periit.Siggo
3057 4769 3349 4826 confracto
3362 4768 3532 4824 dorso

1889 4864 2068 4921 altero
2092 4879 2244 4918 anno
2275 4862 2661 4918 ordinationis
2693 4878 2809 4918 suae
2856 4860 3084 4916 defecit.
3118 4859 3272 4915 813
3320 4855 3534 4913 Arnol-

1890 5021 2100 5076 Vid.in
2136 5021 2395 5076 Gerberti
2419 5020 2583 5075 Silvae
2614 5020 2795 5090 huius
2853 5020 2994 5076 hist.
3029 5025 3072 5076 t.
3110 5022 3152 5088 Ι,
3188 5037 3242 5092 p,
3305 5020 3429 5086 477,
3479 5023 3537 5076 et

1893 5093 2040 5149 Petri
2076 5093 2287 5147 Suevia
2318 5092 2556 5159 Eecles.,
2588 5109 2648 5163 p.
2695 5092 2819 5145 233.

1965 5165 2111 5235 (945)
2140 5165 2239 5218 Est
2268 5163 2377 5218 hoc
2407 5163 2563 5218 aliud
2598 5163 3007 5235 canonicorum
3042 5162 3350 5235 collegium
3374 5166 3536 5235 extra

1893 5231 2285 5291 Constantiam
2307 5237 2683 5305 Creuzlingen
2705 5234 2945 5306 dictum.
2972 5234 3154 5306 Cujus
3177 5231 3534 5306 fundationis

1894 5308 2094 5362 charta
2124 5324 2218 5361 an.
2253 5307 2393 5361 H25
2421 5307 2557 5361 data
2578 5302 2850 5360 "habetur
2902 5304 2957 5359 in
3018 5304 3116 5359 cit.
3182 5306 3323 5361 Hist.
3355 5307 3397 5371 t,
3420 5302 3531 5371 'III,

1896 5396 2112 5522 p.(gl'iti)
2147 5449 2209 5522 In
2239 5448 2537 5521 Necrolog.
2569 5449 2624 5522 d.
2657 5448 2727 5522 2_5
2757 5447 2913 5522 Sept.
2975 5446 3191 5501 dicitur
3232 5438 3529 5522 prmfuisse

1893 5516 2013 5591 post
2042 5516 2424 5578 Theodericum
2453 5516 2616 5591 anni:
2645 5520 2747 5588 10;
2786 5516 2939 5574 unde
2978 5516 3527 5591 annumgrlcctionis

1895 5588 2141 5648 Conradi
2178 5591 2405 5648 abbatis
2438 5590 2741 5662 discimus,
2770 5604 2975 5660 nempe
3005 5604 3056 5643 a.
3084 5588 3242 5642 H27.

3129 5777 3208 5857 12
