3880 6356
355 385 470 446 363

354 519 488 587 dus,
523 519 896 593 Meginradus
921 526 978 579 et
1009 523 1310 582 Lintoldus
1350 525 1613 598 depositi.
1677 527 1992 583 Theoderi-
2018 530 2074 595 Α

357 623 463 662 cus
475 623 714 681 peregre
735 610 898 666 obiit.
919 613 1208 669 Bertolfus
1227 615 1524 686 depositus
1539 631 1741 670 amens
1761 616 1998 670 effectus

359 695 584 752 defecit.
619 698 760 763 Quis
789 701 985 756 credat
1044 701 1151 757 hoc
1201 703 1423 773 absque
1481 703 1743 759 districto
1801 703 1997 759 divino

360 788 554 842 actum
588 788 1000 858 essejudicio?
1077 833 1090 845 .
1171 833 1184 845 .
1264 833 1276 844 .

1091 877 1259 949 axx.

437 961 622 1034 Igitur
649 965 948 1020 Conradus
979 965 1159 1020 abbas
1189 965 1248 1020 in
1279 966 1406 1038 ipso
1429 967 1596 1024 initio
1617 969 1999 1040 promotionis

363 1065 482 1106 sum
517 1051 689 1123 ccepit
724 1052 834 1108 sibi
875 1053 1117 1124 suisque
1173 1057 1610 1112 successoribus
1667 1063 2002 1114 construere

363 1155 511 1194 nova
539 1139 888 1208 habitacula,
921 1141 1244 1214 multisque
1273 1145 1638 1216 temporibus
1695 1146 1853 1218 operi
1903 1147 1998 1200 in-

361 1228 602 1294 sudans,
635 1229 870 1283 tandem
901 1245 1032 1284 cum
1057 1231 1262 1287 decore
1283 1233 1730 1288 consummavit.
1757 1235 1834 1288 Eo
1859 1237 1998 1288 tem-

359 1331 494 1385 pore
516 1314 840 1383 Udalricus,
874 1319 1174 1374 secundus
1225 1321 1373 1392 (947)
1433 1322 1694 1393 ejusdem
1745 1321 2001 1376 nominis

359 1402 688 1475 episcopus,
737 1405 1122 1462 munitionem
1156 1424 1346 1474 suam,
1406 1409 1724 1464 Castellum
1783 1409 1998 1464 dictam

358 1490 568 1546 timore
601 1493 890 1566 Rndolphi
923 1495 1155 1551 comitis
1215 1497 1284 1552 de
1344 1498 1644 1570 Brigantia
1689 1498 1996 1564 destruxit,

360 1595 540 1652 quam
569 1583 956 1652 praedecessor
986 1584 1114 1654 ejus
1145 1585 1448 1641 Udalricus
1479 1585 1662 1642 multo
1693 1586 1888 1641 labore
1945 1590 2001 1640 et

362 1673 603 1741 sumptu
653 1675 1072 1735 construxerat,
1114 1677 1171 1727 et
1209 1673 1504 1744 laquearia
1542 1675 1790 1729 duarum
1818 1673 2000 1745 capel-

363 1757 552 1813 larum
585 1759 848 1814 Conrado
881 1760 1074 1814 abbati
1135 1763 1443 1826 concessit,
1503 1779 1754 1834 quorum
1815 1777 1998 1816 unum

363 1863 501 1914 suis,
552 1846 797 1902 alterum
849 1865 982 1903 vero
1040 1850 1268 1921 capellae
1303 1853 1359 1907 S.
1421 1852 1665 1906 Joannis
1725 1849 1996 1921 Baptistae

361 1936 518 2007 afﬁgi
549 1936 713 2004 fecit;
749 1936 960 1993 fecerat
990 1939 1146 1994 enim
1169 1940 1316 1996 duas
1337 1939 1590 2012 capellas
1613 1955 1788 1994 unam
1823 1955 1999 2010 super

363 2023 622 2080 alteram.

1082 2115 1283 2188 §XXL

428 2205 592 2258 Anno
623 2203 695 2258 ab
729 2203 1128 2259 Incarnatione
1159 2205 1388 2260 Domini
1419 2221 1651 2272 meum,
1683 2206 1776 2260 die
1797 2223 1846 2261 IV
1871 2205 1994 2260 Kal.

359 2292 525 2358 Nov.,
553 2290 818 2346 dedicata
849 2295 936 2347 est
956 2291 1178 2363 capella
1209 2293 1495 2363 superior,
1519 2311 1694 2364 quam
1745 2295 1997 2349 aediﬁca-

355 2383 517 2436 verat
535 2379 834 2434 Conradus
869 2380 1051 2435 abbas
1081 2380 1138 2434 in
1175 2381 1393 2436 honore
1445 2383 1502 2436 S.
1564 2382 1798 2436 Martini
1825 2387 1881 2437 et
1935 2383 1993 2437 S.

361 2465 620 2523 Oswaldi
651 2467 728 2521 Μ.
745 2471 802 2522 et
818 2467 1063 2523 aliorum
1081 2473 1437 2536 sanctorum,
1469 2486 1716 2540 quorum
1742 2471 1996 2542 reliquiae

359 2555 504 2611 inibi
537 2557 911 2610 continentur
987 2599 998 2611 .
1084 2597 1096 2610 .
1178 2602 1190 2613 .
1269 2558 1564 2613 Dedicavit
1619 2565 1812 2614 autem
1870 2575 1995 2614 eam

365 2644 673 2701 Udalricus
705 2646 999 2700 secundus
1030 2647 1356 2718 episcopus.

1072 2735 1288 2800 §XXII.

433 2827 601 2879 Anno
633 2824 706 2878 ab
740 2825 1027 2878 Incarnat.
1059 2825 1220 2879 Dom.
1254 2843 1524 2890 MCXXXIV,
1547 2825 1864 2881 indictione
1893 2844 1994 2896 xu,

364 2930 400 2968 x
429 2912 556 2968 Kal.
579 2912 738 2978 Dec.,
758 2912 1024 2966 dedicata
1046 2912 1267 2984 capella
1285 2914 1522 2970 inferior
1543 2931 1576 2970 a
1595 2913 1999 2971 ven.Udalrico

363 3001 636 3072 episcopo
668 3000 920 3055 secundo
953 3001 1009 3055 in
1067 3001 1284 3058 honore
1315 3003 1373 3058 S.
1405 3002 1563 3058 Fidis
1593 3007 1652 3058 et
1701 3003 1759 3057 S.
1809 3003 1999 3057 Maria).

366 3089 739 3160 Magdalenze,
759 3088 1072 3144 etaliorum
1097 3095 1457 3158 sanctorum,
1474 3107 1725 3162 quorum
1741 3089 1998 3162 reliquiae

363 3177 445 3232 ibi
479 3177 864 3233 continentur.
948 3221 960 3232 .
1042 3221 1054 3233 .
1137 3221 1149 3232 .

1111 3267 1304 3323 XXIII.

433 3358 598 3411 Anno
629 3357 700 3411 ab
735 3355 1683 3422 Incarnat.Dom.mcxx1x,indict.
1709 3373 1805 3424 v11,
1833 3372 1998 3411 reno-

361 3449 497 3501 vata
525 3449 614 3500 est
645 3443 869 3516 capella
915 3445 971 3500 S.
1023 3445 1267 3500 Joannis
1313 3445 1584 3516 Baptistae
1615 3463 1648 3499 a
1705 3445 1999 3501 Gebinone

364 3533 650 3589 avunculo
683 3550 832 3597 meo,
864 3533 1060 3589 addito
1079 3535 1131 3589 ei
1161 3534 1483 3590 oratorios.
1508 3533 1709 3589 Jacobi
1731 3533 1998 3605 apostoli,

365 3623 466 3692 qui
493 3621 654 3693 prius
677 3620 972 3692 proprium
1005 3621 1212 3676 habuit
1241 3621 1442 3688 altare,
1479 3623 1632 3694 quod
1663 3622 1759 3678 ille
1775 3624 1999 3678 destru-

361 3710 466 3774 xit,
499 3715 552 3764 et
611 3710 725 3763 duo
774 3709 1026 3764 oratoria
1055 3709 1112 3763 in
1145 3727 1327 3764 unum
1385 3711 1606 3765 utiliter
1643 3713 1883 3783 redegit,
1943 3717 2000 3768 et

363 3796 663 3868 laquearia
683 3797 958 3852 habentia
987 3799 1290 3853 materiam
1319 3803 1374 3854 S.
1432 3799 1670 3854 Joannis
1729 3799 1996 3872 Baptista:

362 3886 650 3959 depictam
711 3903 744 3941 a
796 3885 1056 3941 Conrado
1114 3887 1323 3942 abbate
1381 3887 1729 3959 impetravit,
1815 3893 1870 3944 et
1913 3889 1994 3944 ibi

363 3975 688 4047 suspendit.
719 3974 1016 4030 Dedicavit
1044 3979 1240 4031 autem
1272 3992 1398 4030 eam
1433 3976 1737 4031 Udalricus
1768 3977 1995 4047 episco-

361 4080 472 4136 pus
494 4065 786 4120 secundus
818 4065 908 4119 die
939 4081 994 4118 1x
1027 4063 1149 4120 Kal.
1185 4065 1338 4137 Sept.
1376 4065 1432 4118 in
1465 4065 1683 4120 honore
1751 4067 1904 4121 374
1935 4067 1992 4124 S.

359 4152 601 4209 Joannis
633 4152 926 4223 Baptistae,
961 4157 1016 4210 et
1055 4154 1300 4209 Joannis
1353 4154 1736 4226 evangelistae,
1795 4155 1994 4210 Jacobi

361 4241 558 4297 fratris
602 4242 750 4312 ejus,
808 4241 1081 4316 Philippi,
1129 4243 1368 4298 Nicolai.
1405 4243 1506 4298 Isti
1566 4247 1704 4298 sunt
1765 4243 1842 4298 ibi
1900 4261 1998 4316 pa-

361 4329 535 4386 troni.
617 4371 630 4384 .
712 4373 723 4385 .
806 4373 818 4385 .

1047 4419 1300 4488 §xxnh

431 4509 584 4564 Idem
619 4509 632 4562 i
643 4525 743 4581 pse
774 4507 994 4564 Gebino
1017 4509 1340 4565 claustrum
1354 4511 1479 4580 jam
1503 4510 1726 4565 dudum
1752 4527 1992 4566 renova-

355 4603 532 4666 verat,
567 4598 624 4652 in
649 4599 880 4653 duobus
923 4597 1204 4654 lateribus
1264 4615 1441 4654 novas
1497 4599 1800 4655 columnas
1858 4615 1988 4654 cum
2027 4627 2069 4691 Β

356 4687 856 4760 suppositionibus
889 4703 1090 4742 earum
1123 4687 1193 4742 de
1224 4689 1446 4759 quadro
1499 4687 1690 4760 lapide
1752 4705 1991 4759 compo-

357 4777 714 4846 nendo.lpse
742 4775 992 4846 patravit
1023 4777 1260 4831 calicem
1318 4781 1680 4848 argenteum,
1739 4793 1991 4848 eumque

356 4879 495 4920 auro
517 4866 834 4934 etgemmis
865 4869 1109 4919 venusto
1143 4881 1312 4936 opere
1343 4865 1668 4932 decoravit;
1703 4867 1802 4920 sed
1835 4863 1994 4920 auri-

355 4952 444 5006 fex
473 4969 605 5005 cum
639 4955 909 5021 patenam
945 4953 1180 5007 deberet
1213 4953 1416 5020 facere,
1451 4958 1506 5008 et
1527 4953 1745 5008 multos
1767 4953 1991 5025 lapides

357 5039 526 5094 vellet
556 5039 873 5110 imponere,
908 5041 1143 5096 castella
1201 5047 1256 5097 et
1301 5042 1599 5097 vermiculi
1657 5041 1992 5098 nullatenus

357 5128 582 5199 corpori
616 5133 834 5199 patente
865 5145 932 5183 ex
955 5133 1174 5202 integro
1204 5136 1518 5202 potuerunt
1563 5131 1875 5203 congelari,
1937 5135 1992 5186 et

356 5217 573 5290 saepius
603 5216 912 5288 incaeptum
941 5235 1171 5291 semper
1197 5219 1418 5274 invenit
1448 5220 1761 5286 defectum,
1791 5221 1990 5291 sicque

355 5323 502 5380 opus
533 5307 632 5361 diu
667 5307 1067 5364 intermissum
1099 5313 1228 5363 est..
1309 5351 1322 5362 .
1404 5350 1416 5362 .
1497 5349 1510 5361 .

425 5451 570 5522 (947)
597 5449 746 5522 Baro
777 5452 848 5505 de
873 5449 1081 5522 Castel,
1123 5447 1446 5522 monachus
1479 5451 1646 5522 antea
1673 5448 1729 5503 S.
1793 5449 1987 5517 Blasii,

355 5517 494 5577 hist.
533 5521 696 5576 Silvae
727 5522 878 5592 Nig,
911 5527 934 5576 t
967 5521 1007 5586 l,
1045 5535 1126 5592 _p_.
1192 5519 1314 5572 370.
1372 5517 1682 5592 Castellum
1729 5521 1813 5592 fab
1865 5524 1989 5592 ipso

355 5594 616 5648 dirutum
638 5589 1015 5646 Gebehardus
1045 5589 1112 5640 Ill
1137 5589 1842 5646 construxerat.Rodolfus
1865 5589 1987 5647 Bri-

396 5663 1021 5736 antinuscou'ics‘lilius
1045 5672 1170 5736 erat
1191 5659 1462 5736 Udalrici,
1489 5661 1794 5736 de_qui_bus
1813 5680 1990 5736 supra

396 5681 629 5718 anunus
653 5681 843 5718 ροιῑίοε
864 5681 1021 5720 unus
1045 5681 1163 5711 cru:
1193 5681 1462 5726 υαῑιιωυι,
1489 5681 1557 5714 ου
1583 5681 1794 5732 (μυί)υὲ
1813 5681 1986 5736 supra

355 5681 395 5802 ἦ
423 5750 506 5804 ni,
539 5737 565 5804 §
597 5734 782 5818 17:23.
813 5733 943 5792 Vid.
979 5728 1310 5804 Bucelinns,
1343 5729 1605 5788 chronol.
1661 5731 1986 5807 Constant.,

1055 383 1444 455 APPENDIX
1489 395 1592 455 AD
1638 393 2076 457 CHRONICON
2122 395 2534 458 HERMANNI
2579 393 3041 459 CONTRACTI.

3625 385 3750 456 36:!

2177 619 2284 673 Per
2303 617 2424 672 haec
2445 622 2707 690 tempora
2735 617 3016 690 praedium
3050 617 3206 690 apud
3237 615 3415 674 Bozze
3433 616 3753 674 venunda-

2105 711 2232 762 tum
2264 710 2353 762 est
2373 706 2710 763 xvumarcis
2735 725 2749 775 ;
2773 707 2914 762 item
2935 705 3366 779 Eilingen(9/18)
3397 705 3612 762 datum
3663 708 3757 763 est

2107 811 2210 866 pro
2229 795 2545 850 XLmarcis.

2781 883 3054 952 §XXVL.

2177 971 2286 1026 Sed
2314 975 2370 1026 et
2383 971 2683 1044 presbyter
2709 972 2972 1042 quidam,
3003 970 3221 1043 Witigo
3253 970 3514 1035 nomine,
3583 971 3753 1026 ortus

2105 1057 2177 1112 de
2207 1059 2494 1130 Alospach
2527 1059 2696 1130 (949),
2721 1063 2844 1114 erat
2874 1057 3060 1114 multo
3087 1061 3350 1129 tempore
3405 1055 3758 1129 capellanus

2105 1147 2462 1202 Trevirensis
2492 1147 2912 1218 archiepiscopi
2945 1151 3001 1201 et
3037 1145 3420 1202 Coloniensis.
3463 1145 3576 1200 Hie
3639 1144 3761 1200 fere

2106 1252 2176 1288 χι
2205 1251 2431 1290 marcas
2459 1234 2682 1306 argenti
2730 1234 2958 1306 probati
3015 1233 3343 1290 transmisit
3386 1233 3459 1289 ad
3487 1232 3760 1290 Domum

2107 1323 2252 1377 Petri
2287 1339 2388 1394 pro
2410 1323 2564 1395 agris
2581 1323 3011 1394 comparandis,
3043 1339 3191 1394 quos
3231 1321 3350 1390 ille,
3383 1323 3530 1378 dum
3591 1321 3762 1376 vive-

2105 1417 2192 1468 ret
2223 1413 2482 1480 haberet,
2517 1417 2574 1466 et
2597 1416 2727 1484 post
2747 1429 2923 1468 suum
2945 1411 3167 1468 obitum
3192 1411 3552 1467 monasterio
3577 1409 3762 1466 relin-

2107 1504 2327 1572 queret.
2349 1501 2454 1555 Sed
2487 1506 2792 1572 argentum
2823 1505 3012 1556 totum
3043 1503 3132 1556 est
3151 1515 3494 1571 expensum,
3521 1502 3584 1555 et
3603 1495 3760 1554 nihil

2106 1605 2174 1642 ex
2195 1605 2258 1643 eo
2279 1594 2562 1660 emptum.
2587 1593 2727 1643 Cum
2745 1605 2880 1662 ergo
2899 1588 2996 1644 ille
3017 1589 3239 1644 veniret
3257 1592 3326 1643 ut
3362 1588 3506 1660 quid
3559 1591 3764 1644 actum

2107 1681 2260 1732 esset
2289 1677 2809 1744 videret,nesciens
2859 1678 3038 1732 abbas
3069 1681 3126 1732 et
3175 1677 3385 1732 fratres
3437 1677 3571 1747 ejus
3615 1675 3762 1747 quid

2106 1769 2362 1836 agerent,
2395 1767 2772 1820 ostenderunt
2807 1765 2856 1820 ei
2917 1765 3348 1838 possessionem
3395 1761 3758 1820 monasterii

2104 1853 2256 1924 apud
2289 1852 2656 1924 Frichingen,
2689 1869 2816 1923 quae
2849 1857 3040 1908 tamen
3075 1869 3260 1926 nuper
3306 1851 3760 1925 aliquantulum

2105 1941 2174 1996 de
2187 1941 2452 2013 pecunia,
2472 1957 2599 2012 qua?
2619 1957 2722 2012 pro
2739 1940 3000 2012 Eilingen
3023 1945 3260 2013 sumpta
3279 1941 3490 2010 fuerat,
3505 1939 3765 1996 dilatata

2105 2035 2246 2096 erat,
2281 2033 2338 2084 et
2367 2029 2652 2084 dederunt
2672 2028 2722 2084 ei
2753 2045 2880 2084 eam
2913 2045 3016 2101 pro
3037 2029 3286 2101 pecunia
3314 2045 3423 2084 sua
3452 2043 3590 2102 qua
3623 2041 3764 2083 con-

2105 2121 2342 2190 sumpta
2371 2117 2577 2173 fuerat.
2609 2118 2792 2181 Quam
2823 2115 2919 2172 ille
2943 2117 3202 2188 gratiﬁce
3231 2117 3592 2190 suscipiens,
3617 2129 3764 2172 con-

2105 2207 2388 2262 sentiente
2417 2211 2471 2260 et
2493 2206 2737 2276 jubente
2767 2206 2979 2260 abbate
3009 2204 3120 2260 tale
3153 2205 3404 2276 desuper
3445 2204 3762 2276 chirogra-

2105 2295 2286 2367 phum
2319 2295 2606 2350 conscribi
2631 2294 2783 2349 fecit.

2787 2383 3067 2450 gxxvn.

2177 2473 2386 2528 Notum
2407 2472 2482 2528 sit
2499 2473 2770 2528 omnibus
2789 2475 2910 2526 tam
2929 2471 3313 2543 presentibus
3335 2485 3514 2543 quam
3539 2469 3765 2527 futuris

2106 2563 2357 2634 qualiter
2385 2578 2484 2630 ego
2547 2561 2785 2632 Witigo,
2819 2560 2918 2614 Dei
2967 2559 3152 2632 gratia
3185 2559 3506 2630 presbyter,
3565 2559 3769 2614 divina

2105 2650 2425 2722 inspirante
2442 2648 2804 2718 providentia
2817 2645 3146 2718 comparavi
3165 2645 3447 2700 allodium
3471 2645 3638 2716 apud
3659 2644 3766 2700 vil-

2106 2739 2220 2794 lam
2253 2739 2628 2810 Fricbingen,
2681 2736 2740 2790 in
2791 2751 2938 2808 pago
2996 2735 3297 2806 Linzgove,
3355 2733 3415 2787 in
3475 2733 3766 2788 comitatu

2107 2827 2360 2882 Heinrici
2389 2827 2620 2881 comitis
2653 2825 2820 2896 (950),
2868 2824 3020 2878 datis
3075 2839 3179 2893 pro
3211 2838 3276 2877 eo
3315 2837 3432 2876 XXII
3495 2821 3761 2888 marcis;

2107 2916 2298 2971 adhuc
2331 2932 2493 2980 sano,
2519 2919 2582 2968 ut
2603 2913 2793 2980 credo,
2827 2929 2971 2967 usus
3001 2910 3268 2978 consilio,
3299 2910 3436 2981 petii
3475 2909 3760 2966 abbatem

2107 3005 2476 3058 Cuonradum
2497 3000 2788 3071 simulque
2805 3001 3007 3056 fratres
3028 2997 3494 3055 Petrishusensis
3511 2997 3764 3054 emnobii

2109 3097 2165 3147 et
2194 3095 2606 3147 concesserunt
2650 3091 2742 3146 37
2763 3091 2806 3146 ὅ
2837 3089 2982 3144 mihi
3014 3089 3074 3143 in
3123 3089 3356 3159 justum
3408 3087 3764 3144 beneﬁcium

2109 3181 2340 3246 curtim,
2375 3195 2551 3251 quam
2583 3179 2737 3235 idem
2771 3177 3194 3234 monasterium
3223 3177 3376 3250 apud
3402 3193 3535 3234 eam
3559 3176 3762 3233 villam

2032 3257 2074 3322 C
2113 3270 2392 3342 possidet,
2415 3273 2472 3324 et
2501 3285 2604 3340 ego
2629 3267 2743 3323 illis
2773 3284 2938 3323 versa
2965 3267 3086 3322 vice
3117 3265 3262 3322 alias
3293 3283 3362 3321 xx
3393 3283 3632 3322 marcas
3661 3283 3758 3322 ar-

2110 3359 2264 3431 genti
2291 3375 2392 3431 pro
2425 3359 2627 3412 eodem
2651 3355 2929 3412 beneﬁcio
2956 3354 3194 3420 contuli,
3229 3371 3298 3410 ea
3325 3353 3602 3410 videlicet
3623 3371 3762 3410 con-

2109 3448 2324 3503 ditione
2351 3452 2414 3502 ut
2435 3463 2560 3518 ego,
2595 3445 2852 3517 quandiu
2885 3445 3100 3512 vixero,
3162 3448 3476 3516 utramque
3531 3447 3759 3516 partem

2100 3537 2226 3606 jam
2259 3536 2394 3590 dicti
2428 3535 2648 3607 praedii,
2681 3539 2737 3589 et
2778 3537 3032 3606 emptam
3081 3531 3350 3588 videlicet
3395 3531 3649 3599 naviter,
3701 3533 3757 3586 et

2108 3631 2242 3680 ante
2271 3625 2554 3690 habitam,
2579 3625 2704 3678 sine
2733 3621 2852 3677 ulla
2873 3621 3324 3677 contradictione
3345 3637 3448 3692 pro
3469 3617 3754 3676 beneﬁcio

2107 3714 2458 3786 possideam,
2477 3719 2534 3768 et
2564 3715 2789 3767 fructus
2807 3712 2934 3782 ejus
2965 3711 3020 3766 in
3047 3727 3190 3765 usus
3203 3725 3388 3776 meos,
3411 3709 3754 3780 ubicunque

2105 3803 2362 3857 locorum
2397 3799 3278 3870 sim,convertam,eamdemque
3301 3796 3522 3854 curtim
3553 3795 3660 3854 uni
3688 3811 3753 3852 ex

2106 3891 2382 3946 fratribus
2411 3890 2672 3961 ejusdem
2707 3889 2972 3956 coenobii,
2997 3903 3409 3960 quemcunque
3437 3885 3740 3960 elegarim,

2104 3978 2592 4049 committam,qui
2611 3977 2750 4032 mihi
2767 3977 3432 4048 universa,quzecunque
3445 3975 3670 4032 ibidem
3685 3987 3749 4029 ac

2107 4067 2394 4140 quisierit,
2419 4066 2666 4121 ﬁdeliter
2698 4069 3016 4122 conservet.
3065 4065 3208 4120 Cum
3231 4081 3364 4120 vero
3393 4081 3464 4120 ex
3497 4063 3611 4120 hac
3640 4061 3750 4118 vita

2106 4159 2427 4218 decessero.
2461 4155 2588 4211 volo
2605 4160 2672 4210 ut
2693 4155 3114 4211 monasterium
3137 4153 3293 4210 idem
3318 4151 3603 4210 allodium
3627 4167 3746 4224 per-

2104 4245 2410 4317 petualiter
2429 4244 2742 4316 possideat,
2777 4259 2843 4299 ea
2871 4241 3138 4298 videlicet
3194 4242 3530 4298 conditione
3575 4243 3642 4296 ut
3686 4237 3742 4293 in

2104 4331 2496 4388 anniversario
2519 4332 2712 4387 obitus
2737 4331 2848 4386 mei
2875 4329 3031 4385 omni
3055 4329 3331 4401 deinceps
3354 4345 3512 4384 anno
3545 4327 3740 4383 fratres

2102 4420 2646 4492 communiterginde
2672 4419 3010 4492 pietantiam
3057 4417 3333 4486 habeant,
3359 4422 3481 4474 tres
3531 4413 3741 4472 scilicet

2103 4509 2345 4566 maltros
2358 4512 2427 4565 de
2449 4509 2743 4581 speltanco
2757 4509 3048 4563 frumento
3062 4508 3132 4562 ad
3147 4506 3402 4563 similam
3417 4504 3734 4562 faciendam

2103 4617 2170 4655 ex
2191 4600 2405 4670 quibus
2429 4617 2582 4654 unus
2608 4599 2839 4653 modius
2863 4596 3191 4669 specialiter
3213 4597 3314 4652 ﬁat
3329 4595 3612 4662 abbati,et
3625 4597 3735 4648 tres

2101 4705 2278 4742 urnas
2299 4689 2370 4743 de
2391 4689 2544 4752 vino,
2569 4687 2872 4741 dimidiam
2893 4685 3110 4753 abbati,
3135 4687 3283 4740 duas
3303 4701 3438 4741 vero
3455 4690 3513 4741 et
3534 4680 3730 4740 semim

2101 4776 2396 4840 fratribus,
2429 4781 2484 4830 et
2515 4774 2821 4830 duodecim
2845 4774 3058 4829 solidos
3101 4791 3200 4846 pro
3227 4773 3490 4846 piscibus
3519 4784 3734 4842 compa-

2101 4865 2317 4922 randis.
2343 4865 2658 4919 Duodecim
2695 4879 2926 4935 quoque
2960 4879 3246 4934 pauperes
3299 4862 3431 4918 volo
3463 4867 3528 4918 ut
3556 4877 3621 4916 ea
3646 4855 3732 4912 die

2101 4954 2454 5018 reﬁciantur,
2488 4958 2543 5007 et
2573 4952 2888 5023 unicuique
2921 4950 3160 5022 pauperi
3191 4951 3361 5022 panis
3391 4955 3450 5006 et
3499 4947 3727 5022 cyathus

2099 5043 2215 5097 vini
2246 5047 2302 5097 et
2331 5041 2700 5112 pulmentum
2733 5041 2921 5094 detur.
2973 5040 3033 5093 In
3068 5038 3466 5094 anniversario
3509 5045 3728 5110 quoque

2101 5131 2282 5201 patris
2313 5129 2422 5184 mei
2449 5129 2663 5201 Operti,
2685 5129 2842 5200 quod
2867 5133 3024 5182 estw
3046 5128 3129 5182 Id.
3149 5127 3362 5194 Martii,
3382 5143 3568 5184 unum
3583 5119 3724 5179 mal-

2099 5225 2254 5274 trum
2287 5218 2512 5284 similae,
2537 5223 2593 5273 et
2623 5219 2748 5272 dure
2771 5235 2931 5272 urnze
2957 5215 3098 5282 vini,
3129 5215 3258 5271 volo
3291 5221 3354 5271 ut
3377 5216 3550 5272 detur
3577 5205 3723 5268 omni

2099 5306 2532 5380 congregationi
2563 5305 2927 5378 generaliter.
2962 5303 3151 5359 Simili
3185 5306 3356 5361 modo
3406 5305 3479 5362 de
3533 5299 3720 5359 eadem

2099 5451 2170 5506 ad
2204 5467 2293 5505 an.
2325 5450 2481 5504 1432.

2171 5523 2316 5593 (W48)
2353 5522 2517 5593 Forte
2539 5519 2828 5593 Ailingen,
2863 5519 2916 5572 in
2951 5517 3586 5593 capitulog'lfburingen.

2191 5589 2317 5662 949)
2353 5589 2720 5662 Allenspach,
2759 5592 2816 5644 in
2847 5589 3100 5662 capitulo
3123 5589 3477 5648 Reichenau.

2189 5651 2314 5734 950)
2343 5651 2645 5734 Heinricus
2669 5651 2861 5718 comes
2893 5651 3210 5734 Dinzﬁgoviaa
3239 5679 3332 5720 an.
3385 5661 3544 5732 H35,
3576 5651 3714 5716 inm

2097 5733 2136 5792 l.
2169 5733 2265 5810 v,§
2299 5733 2358 5792 11
2385 5734 2454 5792 de
2487 5733 2899 5818 Sanctomonte
2928 5733 3164 5818 dicitur.
