3880 6348
172 416 292 484 868

1051 419 1497 484 CHRONICON
1548 413 2363 483 PE'I‘ERSHUSANUM.-—
2392 415 2536 482 LIB.
2581 418 2660 483 V.

3434 425 3554 488 366

168 549 544 624 possessione
574 545 702 608 volo
733 552 855 608 fieri
896 554 954 608 in
1007 555 1362 610 universario
1414 554 1615 608 matris
1671 569 1811 608 meae
1840 556 1893 620 Α
1927 569 2057 607 nem
2093 554 2160 606 ad
2204 553 2572 608 excolendam
2623 552 3017 624 supradictam
3069 552 3295 610 vineam
3346 557 3556 613 servire

171 637 481 706 Pecbildas,
515 641 672 712 quod
703 645 793 696 est
821 659 893 697 xv
921 641 1046 696 Kal.
1080 643 1232 713 Sept.

243 730 317 783 Ut
345 732 544 783 autem
573 728 705 784 bmc
735 729 1116 797 omnia,sicut
1137 734 1334 785 notata
1353 734 1508 797 sunt,
1544 729 1817 784 inviolata

167 821 604 883 conserventur,
637 818 846 888 adiuro
877 834 1080 874 omnes
1111 819 1210 890 qui
1262 835 1364 890 per
1410 817 1811 874 successiones

166 907 502 976 temporum
523 904 585 960 in
596 906 798 961 eodem
820 907 1170 962 monasterio
1192 907 1372 961 futuri
1394 911 1554 976 sunt,
1572 923 1672 978 per
1691 921 1810 961 om-

166 991 334 1049 nium
356 991 617 1048 fidelium
637 993 1172 1061 Remuneratorem,
1192 999 1249 1050 et
1267 1011 1368 1065 per
1385 1011 1618 1049 omnem
1637 994 1814 1049 virtu-

169 1084 315 1150 tem,
349 1096 478 1152 quis
506 1080 594 1136 vel
626 1081 685 1136 in
707 1081 849 1137 cmlo
879 1082 966 1137 vel
995 1083 1052 1137 in
1076 1087 1228 1137 terra
1254 1083 1362 1137 Deo
1390 1081 1726 1147 famulatur,
1750 1086 1814 1136 ut

166 1169 373 1225 nullus
395 1170 635 1226 omnino
655 1171 744 1226 vel
757 1171 946 1232 ,abbas
964 1170 1048 1226 vel
1073 1171 1222 1226 alius
1237 1170 1450 1242 aliquis
1467 1171 1588 1227 haec
1606 1172 1814 1226 audeat

165 1256 414 1324 violare,
434 1263 536 1314 aut
555 1258 627 1323 si,
647 1259 800 1330 quod
821 1259 1000 1314 absit!
1027 1259 1243 1323 fecerit,
1264 1259 1322 1312 in
1341 1260 1631 1313 consortio
1647 1258 1810 1312 Judae

165 1347 478 1418 proditoris
499 1346 559 1402 in
583 1348 1005 1418 extremojusti
1022 1346 1232 1418 judicii
1256 1347 1346 1401 die
1374 1348 1810 1402 condemnetur.

164 1436 373 1490 Actum
403 1438 461 1490 et
478 1435 887 1490 confirmatum
906 1451 1058 1490 anno
1085 1435 1104 1488 Ι
1114 1440 1374 1490 ncarnat.
1391 1435 1810 1498 Dom.mcxxxv,

166 1523 225 1579 in
246 1523 560 1580 festivitate
583 1523 641 1578 S.
666 1523 926 1595 Gregorii
950 1541 1134 1596 papaa,
1161 1540 1356 1578 coram
1375 1523 1598 1578 cunctis
1622 1522 1812 1577 fratri-

164 1612 298 1678 bus,
331 1627 398 1666 ac
428 1611 680 1667 testibus
720 1611 1009 1676 Heinrico,
1057 1612 1409 1677 Hermanno,
1463 1611 1812 1676 Eberhardo,

165 1699 472 1767 Luitfrido,
505 1698 783 1767 Arnoldo,
817 1700 1172 1765 Burchardo,
1207 1699 1535 1762 Adelberto,
1569 1699 1815 1770 aliisque

164 1785 391 1843 multis.
443 1817 510 1828 --
569 1787 776 1843 Obitus
825 1788 1090 1859 ejusdem
1140 1787 1454 1859 Witigonis
1505 1788 1650 1842 Non.
1688 1788 1810 1842 Oct.

838 1875 1143 1948 §XXVHL

228 1965 343 2020 Sed
375 1967 435 2020 et
464 1963 799 2020 Gisilfridus
831 1965 909 2019 de
959 1964 1243 2035 Turingin
1278 1964 1423 2034 (954)
1446 1980 1578 2018 cum
1601 1978 1816 2034 magna

161 2052 466 2109 devotione
495 2051 752 2117 advenit,
785 2055 844 2106 et
878 2053 1119 2106 unicum
1155 2051 1362 2118 filium,
1396 2052 1632 2106 nomine
1668 2051 1814 2106 Ruo-

161 2146 421 2214 portum,
453 2140 571 2196 Deo
603 2143 658 2196 et
689 2141 749 2196 S.
783 2139 1058 2210 Gregorio
1090 2156 1282 2195 coram
1314 2139 1474 2194 omni
1507 2153 1815 2209 congrega-

160 2229 314 2286 tione
333 2231 384 2286 8
402 2231 500 2286 10
516 2245 651 2284 cum
670 2228 874 2284 multis
894 2228 1166 2301 lacrymis
1181 2227 1411 2296 obtulit,
1428 2227 1812 2298 universaque

160 2317 380 2389 praedia
396 2333 523 2389 qua
546 2316 605 2372 in
629 2321 785 2372 terra
801 2317 1124 2372 Suevorum
1145 2315 1514 2388 proprietatis
1527 2315 1660 2384 jure
1686 2331 1811 2386 pos—

163 2406 310 2462 sedit
322 2410 444 2462 tam
463 2406 618 2478 apud
634 2405 918 2476 Turingin
935 2421 1112 2476 quam
1125 2405 1278 2476 apud
1291 2403 1808 2473 Jetinhusin(952);

163 2494 358 2552 omnia
380 2495 578 2566 itaque
595 2493 947 2549 monasterio
983 2509 1050 2548 ex
1088 2493 1311 2565 integro
1346 2490 1592 2547 contulit
1617 2491 1674 2544 in
1700 2491 1810 2544 mi-

165 2581 474 2639 nisterium
509 2583 756 2638 fratrum
779 2581 892 2636 Deo
925 2581 1067 2636 inibi
1093 2580 1508 2635 famulantium
1532 2584 1808 2651 perpetuo

157 2671 288 2742 jure
305 2669 685 2744 possidenda,
704 2675 937 2740 excepta
955 2669 1215 2741 portione
1236 2668 1429 2723 fratris
1446 2669 1535 2722 sui
1555 2667 1804 2722 Geraldi.

160 2757 408 2814 Vineam
429 2773 664 2830 quoque
689 2757 840 2829 apud
865 2756 1150 2828 Alospacb
1179 2756 1318 2811 emit
1356 2773 1469 2811 χχιι
1495 2756 1729 2825 marcis,
1751 2759 1808 2810 et

158 2847 504 2903 ﬁrmissimo
536 2850 704 2920 pacto
737 2845 1057 2914 constituit,
1091 2846 1298 2901 abbate
1330 2849 1609 2916 praesente
1631 2848 1806 2915 atque

157 2936 581 3004 consentiente,
613 2934 867 2990 etommi
895 2935 1360 3006 congregatione,
1390 2938 1451 2988 ut
1475 2933 1632 2988 omni
1667 2932 1805 2988 heb-

157 3024 410 3081 domada
433 3041 536 3096 per
558 3039 742 3078 avum
762 3022 937 3078 semel
963 3040 1075 3078 una
1101 3023 1193 3078 die
1212 3022 1394 3077 missa
1412 3039 1512 3094 pro
1530 3021 1804 3076 omnibus

157 3113 502 3184 parentibus
531 3113 661 3182 ejus
712 3111 1004 3167 defunctis
1049 3115 1400 3177 cantaretur,
1453 3115 1510 3166 et
1555 3110 1684 3181 ipsa
1711 3109 1804 3164 die

159 3201 481 3268 monachis,
505 3199 852 3273 generaliter
867 3200 937 3255 de
947 3201 1072 3270 jam
1094 3199 1250 3254 dicta
1263 3199 1428 3254 vinea
1447 3198 1648 3252 vinum
1673 3214 1802 3269 pro-

1843 1917 1890 1980 B

1923 641 2296 713 permitteret.
2330 645 2472 696 Acta
2519 646 2660 696 sunt
2710 641 2827 697 hzec
2871 642 3066 697 omnia
3113 641 3559 713 inspicientibus

1924 729 2146 784 idoneis
2175 729 2444 797 testibus,
2479 729 2644 784 Patre
2693 733 2749 784 et
2800 727 2941 784 Filio
2985 733 3041 785 et
3089 729 3309 802 Spiritu
3339 736 3560 800 sancto,

1924 815 2207 888 Philippo,
2241 817 2515 889 Gregorio
2543 822 2601 872 et
2635 817 2996 883 Gebehardo.
3063 865 3066 868 .

2613 905 2866 977 §xxue
3529 965 3532 968 .

1991 993 2124 1047 Post
2141 991 2259 1046 haec
2281 993 2501 1048 obortis
2523 994 2880 1065 quibusdam
2892 993 3108 1066 jurgiis
3124 995 3276 1050 inter
3295 995 3564 1051 abbatem

1921 1085 1976 1135 et
1996 1081 2265 1135 eumdem
2283 1081 2668 1148 Gisilfridum,
2685 1081 2932 1138 abstulit
2948 1081 3135 1137 filium
3158 1099 3334 1139 suum
3358 1084 3428 1139 de
3444 1100 3565 1139 mo-

1921 1168 2172 1223 nasterio
2191 1169 2312 1239 jam
2336 1169 2824 1235 monachizatum,
2857 1175 2914 1224 et
2955 1169 3310 1226 abalienavit
3342 1171 3564 1243 pradia

1921 1273 2047 1328 qua
2079 1257 2332 1324 dederat,
2385 1257 2440 1312 id
2483 1264 2570 1312 est
2608 1258 2887 1330 Turingin
2929 1263 2986 1314 et
3031 1258 3365 1314 Jetinhusin
3391 1277 3405 1328 ;
3432 1259 3560 1331 ipse

1921 1349 2115 1400 tamen
2132 1345 2189 1398 in
2213 1344 2414 1399 habitu
2432 1345 2806 1401 barbatorum
2832 1346 3168 1418 plerumque
3190 1348 3247 1402 in
3271 1352 3561 1404 monaste-

1921 1433 2006 1488 rio
2039 1434 2274 1499 mansit,
2309 1450 2373 1488 ac
2403 1451 2517 1489 non
2549 1433 2736 1489 multo
2768 1439 2898 1505 post
2927 1435 3070 1489 obiit
3108 1436 3279 1505 (954),
3310 1441 3368 1490 et
3397 1436 3555 1507 apud

1923 1523 2339 1576 monasterium
2374 1521 2646 1593 sepultus
2676 1526 2782 1577 est.
2818 1523 3000 1578 Filius
3046 1527 3237 1578 autem
3269 1523 3397 1592 ejus
3426 1526 3559 1594 post

1924 1614 2168 1664 mortem
2190 1612 2392 1680 patris,
2418 1611 2598 1665 armis
2622 1611 2876 1682 sumptis
2899 1610 3096 1680 inique
3111 1610 3446 1665 haereditate
3464 1628 3562 1682 po-

1923 1696 2068 1752 titus
2101 1703 2209 1752 est.

2633 1786 2854 1858 §xxx.

1996 1874 2101 1928 Per
2128 1873 2282 1929 idem
2315 1879 2570 1946 tempus,
2607 1891 2740 1929 cum
2773 1875 2903 1930 Utto
2933 1876 3115 1931 abbas
3142 1875 3568 1947 Waginhusen-

1923 1962 2005 2016 sis
2037 1963 2183 2032 (955)
2215 1963 2272 2017 in
2307 1963 2608 2017 infamiam
2657 1963 2978 2029 incidisset,
3004 1963 3308 2034 depositus
3365 1968 3476 2032 est,
3506 1967 3567 2019 et

1923 2049 2138 2104 Gebino
2163 2050 2235 2105 ab
2261 2050 2527 2105 Udalrico
2549 2051 2822 2122 episcopo
2846 2051 3102 2106 secundo
3143 2067 3178 2106 a
3216 2051 3566 2108 monasterio

1921 2143 2140 2193 Domus
2172 2139 2322 2193 Petri
2345 2139 2654 2206 adductus,
2678 2143 2733 2194 et
2753 2139 2943 2194 eidem
2965 2138 3090 2194 loco
3113 2139 3290 2194 abbas
3330 2139 3565 2195 ordina-

1921 2232 2016 2281 tus
2050 2231 2155 2282 est.
2189 2228 2374 2292 Quem
2407 2243 2539 2281 cum
2574 2244 2675 2299 per
2703 2227 2926 2298 aliquot
2955 2243 3142 2282 annos
3168 2227 3368 2283 idonee
3386 2227 3564 2282 rexis-

1921 2319 2029 2384 set,
2061 2315 2374 2370 commissa
2405 2321 2494 2370 est
2523 2316 2571 2370 ei
2605 2315 2779 2370 etiam
2813 2332 2960 2370 nova
2990 2314 3154 2381 cella,
3177 2331 3302 2386 quae
3327 2319 3565 2371 vocatur

1920 2402 2227 2458 Wiscbina
2257 2405 2403 2473 (956)
2435 2420 2559 2474 qua:
2592 2419 2694 2475 per
2724 2403 2890 2458 illum
2934 2404 3266 2459 monastice
3295 2403 3422 2458 vita:
3453 2403 3565 2459 ini-

1920 2491 2060 2545 tiata
2089 2496 2194 2545 est.

2528 2579 2965 2651 811§XXXL

1988 2669 2171 2732 Quam
2203 2684 2333 2722 cum
2368 2671 2497 2738 post
2526 2667 2824 2738 aliquanta
2854 2671 3140 2738 tempora,
3164 2667 3425 2723 laborem
3448 2683 3564 2723 non

1913 2755 2872 2822 suiferens,dimisisset,Conradus
2887 2756 3069 2810 abbas
3084 2760 3323 2827 rogatus
3345 2756 3561 2811 iterum

1916 2845 1990 2899 ab
2008 2843 2272 2899 Udalrico
2291 2844 2559 2916 episcopo
2574 2843 2882 2900 constituit
2903 2860 3009 2915 pro
3026 2860 3093 2898 eo
3107 2843 3561 2900 Waltrammum

1915 2932 2104 2987 eidem
2127 2933 2250 2987 loco
2272 2933 2563 2998 abbatem,
2589 2931 2686 3002 qui
2706 2931 2923 2986 ibidem
2973 2930 3278 2987 ecclesiam
3297 2948 3332 2986 a
3352 2931 3562 2987 funda-

1914 3020 2129 3075 mentis
2153 3023 2487 3075 construere
2508 3019 2702 3091 ccspit,
2730 3023 2787 3074 et
2817 3017 3008 3074 multa
3029 3023 3371 3075 ornamenta
3390 3018 3566 3075 eccle-

1915 3109 2014 3164 siae
2046 3111 2102 3163 et
2133 3106 2407 3163 utensilia
2441 3107 2767 3178 acquisivit.

2585 3195 2876 3268 g§xxxu.

161 3289 476 3360 pinaretur,
509 3293 566 3344 et
594 3289 724 3361 ipsa
752 3287 953 3354 missa,
999 3287 1231 3360 quando
1270 3291 1622 3355 cantaretur,
1656 3290 1790 3340 noto
1831 3277 1874 3342 C
1977 3285 2556 3340 Posthachonradus
2577 3285 3049 3341 abbasconduxit
3074 3286 3428 3341 monachum

161 3378 322 3450 signo
350 3381 585 3434 tantum
633 3394 749 3433 uno
801 3377 1189 3432 nuntiaretur.
1245 3376 1312 3430 Et
1354 3380 1418 3429 ut
1465 3375 1596 3446 ipsa
1633 3374 1798 3430 vinea

162 3467 376 3538 absque
408 3466 627 3520 damno
675 3463 1013 3520 monasterii
1069 3463 1247 3519 excoli
1315 3463 1619 3534 potuisset,
1663 3480 1795 3517 cum

165 3555 424 3625 quedam
450 3557 740 3618 matrona,
775 3553 1011 3609 nomine
1039 3551 1334 3616 Truitlint,
1360 3566 1460 3622 per
1482 3551 1632 3605 idem
1658 3555 1798 3605 tem-

162 3657 265 3713 pus
285 3642 567 3707 converti,
591 3645 650 3697 et
669 3657 873 3713 agrum
898 3658 1071 3696 suum
1113 3641 1265 3711 apud
1309 3639 1624 3710 Fiscbpach
1648 3640 1796 3709 (853)

158 3731 341 3786 offerri
370 3729 676 3798 voluisset,
704 3735 761 3785 et
783 3729 933 3785 hanc
955 3729 1139 3785 abbas
1167 3728 1463 3800 suscipere
1486 3728 1794 3795 rcnuisset,

156 3817 301 3876 idem
323 3819 667 3876 Gisilfridus
689 3819 850 3874 dedit
869 3819 1064 3874 abbati
1087 3819 1285 3872 decem
1310 3817 1544 3881 talenta,
1575 3820 1639 3870 ut
1665 3833 1796 3871 mu-

155 3905 345 3964 lierem
373 3923 512 3964 cum
545 3923 682 3979 agro
713 3906 1056 3977 susciperet,
1089 3910 1144 3961 et
1174 3906 1439 3962 eamdem
1472 3904 1796 3976 possessio-

1905 3373 2482 3444 quemdam,nomine
2494 3374 3114 3444 Aaron,presbyterum
3130 3375 3200 3429 de
3212 3374 3556 3430 Camberch'

1905 3462 2139 3516 musica:
2172 3462 2316 3516 artis
2343 3460 2791 3532 peritissimum,
2813 3462 2913 3531 qui
2941 3461 3078 3516 fecit
3099 3463 3148 3516 ei
3194 3477 3418 3532 organa
3437 3463 3553 3518 ele-

1905 3550 2265 3621 gantissimae
2301 3548 2740 3616 modulationis,
2767 3554 2825 3604 et
2859 3549 3163 3604 constituit
3187 3565 3254 3604 ea
3273 3551 3345 3604 ad
3374 3551 3550 3606 meri-

1907 3639 2139 3693 dianam
2173 3637 2403 3709 plagam
2437 3637 2701 3706 ejusdem
2735 3636 3010 3693 basilica.
3063 3638 3191 3710 Ipse
3219 3638 3395 3693 etiam
3421 3639 3548 3709 jam

1905 3731 2036 3782 ante
2073 3726 2336 3796 ejusdem
2368 3725 2598 3798 generis
2628 3725 3089 3782 instrumentum
3117 3727 3551 3784 Constantiensi

1905 3813 2169 3870 Ecclesiae
2213 3814 2445 3881 fecerat,
2492 3818 2760 3885 patrante
2809 3813 3164 3870 Herimanno
3211 3816 3550 3872 vicedomno

1905 3909 1962 3960 et
1993 3903 2236 3959 custode
2267 3908 2407 3958 tunc
2437 3902 2712 3958 ecclesias.

1372 4041 1710 4126 LIBER
1781 4037 2322 4153 QUINTUS.

709 4165 997 4227 INCIPIT
1041 4167 1143 4226 DE
1185 4164 1791 4225 TRANSLATIONE
1833 4164 2064 4224 BEATI
2111 4162 2559 4223 GEBEHARDI
2605 4160 2974 4222 EPISCOPI.

926 4298 1023 4366 δι

305 4389 586 4461 Cumjam
599 4404 700 4461 per
713 4403 896 4444 annos
911 4386 1141 4442 circiter
1156 4389 1386 4440 centum
1409 4384 1797 4457 quadraginta

159 4477 293 4535 duos
315 4479 465 4552 (957)
501 4479 562 4534 B.
601 4475 952 4533 confessoris
995 4474 1211 4530 Christi
1252 4473 1575 4529 Gebehardi
1609 4489 1794 4545 quon-

158 4564 279 4622 dam
303 4565 681 4624 Constantien
693 4565 775 4621 sis
799 4563 1076 4637 episcopi,
1100 4562 1426 4618 fundatoris
1445 4578 1580 4616 vero
1604 4579 1796 4617 mona-

1907 4292 2289 4360 obliviscitur,
2345 4292 2643 4349 miraculis
2692 4293 3052 4360 illustraret;
3094 4310 3228 4351 cum
3254 4296 3382 4366 jam
3420 4294 3552 4369 ipsa

1905 4382 2166 4449 basilica,
2196 4387 2317 4437 tam
2353 4397 2421 4437 ex
2452 4383 2798 4454 antiquitate
2829 4399 3006 4454 quam
3056 4399 3123 4438 ex
3176 4385 3549 4440 fundamenti

1904 4471 2243 4542 fragilitate,
2271 4469 2528 4542 undique
2542 4486 2645 4541 per
2662 4471 2944 4526 rimarum
2967 4471 3548 4544 scissurasjamjam-

1903 4576 2016 4632 que
2039 4575 2240 4614 casum
2267 4559 2611 4625 minaretur,
2631 4576 2758 4615 ven.
2785 4561 2968 4617 abbas
2991 4561 3306 4628 Conradus,
3331 4561 3547 4616 adhor-

157 4655 305 4711 sterii
335 4655 492 4727 quod
515 4654 730 4709 dicitur
750 4653 971 4709 Domus
1016 4650 1188 4718 Petri,
1229 4667 1440 4722 corpus
1472 4651 1582 4705 sub
1612 4649 1792 4705 humo
1901 4649 2119 4704 tatione
2146 4646 2410 4719 Hugonis
2449 4648 2752 4704 Constant.
2799 4649 3070 4706 Ecclesiae
3111 4650 3394 4718 canonici,
3417 4664 3547 4706 eam

157 4756 304 4800 more
335 4747 710 4798 mortuorum
747 4741 1057 4813 quisceret,
1091 4744 1148 4794 et
1179 4743 1375 4794 tamen
1407 4738 1678 4793 eumdem
1709 4737 1792 4793 lo-

160 4845 280 4886 cum
309 4829 524 4888 tumuli
558 4831 688 4901 ejus
719 4831 1052 4901 frequenter
1098 4827 1287 4883 fidelis
1334 4831 1504 4894 Deus,
1550 4827 1649 4898 qui
1681 4843 1793 4883 non
1824 4832 1871 4896 D

221 4974 362 5045 (851)
398 4971 604 5045 Procul
637 4971 819 5045 dubio
846 4970 1058 5045 nobilis
1094 4969 1211 5023 haec
1243 4968 1381 5045 ol_i_m
1417 4969 1657 5045 familia
1689 4969 1798 5024 fuit

160 5041 212 5097 in
230 5041 386 5118 pago
421 5043 846 5124 Linzgoviepsi,
880 5043 937 5096 in
971 5058 1091 5121 quo.
1130 5047 1247 5095 tam
1290 5041 1586 5112 'l‘uringen
1619 5058 1795 5111 quam

161 5114 571 5170 Jettenhausen
605 5119 662 5169 et
693 5113 1012 5169 Flscbhach
1049 5117 1159 5166 suta
1191 5116 1372 5166 erant.

193 5119 571 5170 ettenhausen
605 5119 662 5169 et
693 5119 1012 5169 Fiscbhach
1049 5119 1159 5166 sita
1191 5119 1372 5166 erant.

225 5188 368 5258 (952)
403 5185 1049 5258 HodieJettenhausen,
1071 5183 1127 5258 in
1153 5181 1406 5258 capilulo
1433 5181 1793 5254 Thuringen.

402 5256 754 5334 Fischbacb,
787 5257 846 5334 in
879 5253 1436 5334 capituloﬂltipagau.

249 5329 366 5398 954)
403 5329 464 5382 In
500 5327 837 5398 Necrologio
868 5332 1102 5382 notatur
1127 5327 1162 5378 6
1195 5325 1350 5380 Maii.

245 5398 368 5471 955)
399 5398 546 5471 vid.
573 5415 752 5471 supra
782 5398 818 5471 §
842 5402 928 5471 42.

224 5463 736 5551 (956)}‘ischinga,
762 5463 1125 5551 piscinaseu
1167 5465 1362 5551 augis,
1501 5463 1795 5551 ,ΜΨ-ἱρείη

163 5537 442 5613 Turgovia
455 5537 904 5613 moneaterium,
924 5540 1094 5613 cujus
1107 5537 1295 5613 brevis
1307 5537 1551 5590 historia
1571 5537 1614 5613 si
1623 5537 1797 5613 stitur

163 5607 214 5674 in
236 5607 419 5667 Gallia
441 5611 678 5676 Christ,
704 5616 744 5666 t'
769 5611 838 5677 Υ,
873 5607 927 5677 p.
966 5607 1119 5674 1027,
1151 5609 1243 5662 ubi
1286 5616 1471 5662 tamen
1499 5607 1654 5660 nulla
1687 5607 1791 5661 Ge-

1902 4753 2178 4794 renovare
2210 4751 2521 4808 aggressus
2551 4741 2755 4794 est...-..

1905 4967 1998 5022 rit.
2035 4969 2200 5042 Forte
2229 4966 2322 5021 hic
2373 4966 2489 5042 vita
2546 4968 2868 5042 monastica
2925 4969 3004 5024 ibi
3056 4971 3284 5026 initiata
3313 4972 3551 5042 dicitur,

1905 5040 2057 5120 quod
2093 5038 2544 5120 consuetudines
2572 5039 3019 5120 Ilirsaugienses
3071 5059 3139 5096 ex
3164 5043 3365 5120 _Domo
3399 5038 3552 5101 Petri

1906 5109 2877 5192 per‘Gebinonem‘introdurtaisint
2901 5113 3059 5182 ;jam
3083 5114 3236 5168 enim
3259 5115 3357 5169 diu
3376 5121 3551 5173 antea

1905 5180 2245 5234 institutum
2278 5185 2397 5234 erat
2431 5180 2538 5234 hoc
2577 5182 2924 5236 coenobium.

1976 5253 2124 5320 (957)
2146 5257 2201 5303 S.
2226 5250 2564 5305 Cebebardo
2588 5252 2634 5305 Il
2661 5252 2812 5306 circa
2835 5271 2928 5307 an.
2952 5254 3058 5308 996
3081 5261 3331 5322 mortuo,
3354 5273 3547 5313 annus

1907 5325 2262 5377 centesimus
2277 5323 2762 5393 quadragesimus
2781 5327 3075 5380 secundus
3093 5344 3308 5381 annum
3330 5327 3544 5383 Christi

1907 5394 2058 5467 143?
2075 5398 2255 5458 notat,
2281 5398 2548 5467 ettamen
2574 5395 2768 5467 prima
2795 5394 2915 5450 haec
2950 5399 3255 5452 translatio
3278 5403 3406 5467 post
3437 5415 3541 5454 an-

1906 5482 2011 5538 nos
2028 5465 2058 5538 Vl
2070 5465 2441 5538 52Aacondilo
2459 5466 2811 5520 monasterio
2829 5468 2904 5535 (a.
2919 5468 3066 5538 983),
3088 5465 3340 5536 adeoque
3353 5468 3424 5522 ad
3439 5484 3536 5538 an.

1906 5537 2042 5589 1134
2066 5536 2327 5589 refertur.
2362 5535 2464 5590 Hic
2492 5552 2624 5590 vero
2660 5541 2890 5592 tantum
2938 5539 3006 5592 de
3028 5535 3034 5538 ’
3056 5535 3259 5606 prima
3288 5537 3532 5592 transla-

1906 5607 2058 5678 tione
2082 5607 2133 5660 S.
2165 5607 2487 5661 Gebehardi
2516 5625 2614 5660 seu
2650 5608 2718 5659 (lo
2757 5611 3012 5678 corporis
3051 5611 3174 5675 ejus
3205 5624 3234 5659 ρ
3271 5613 3424 5678 terra
3455 5608 3532 5661 le-

163 5679 382 5760 binonis
413 5683 658 5760 mentio,
690 5676 1247 5760 sed_Walt_rﬁammus
1296 5696 1446 5760 nono
1492 5678 1796 5760 loco‘iuter
1903 5676 2364 5760 vationeagitur,
2388 5695 2421 5733 a
2443 5695 2556 5760 qua
2577 5679 2703 5760 ejus
2724 5676 3162 5760 cultu‘shabsque
3186 5677 3418 5760 turmali
3443 5693 3531 5760 ca-

165 5751 390 5821 abbates
422 5747 684 5846 ponitur,
715 5754 817 5840 qui
848 5771 900 5812 a.
926 5754 1064 5814 1138
1085 5749 1502 5811 monasterium
1526 5747 1793 5830 restitue-

1903 5743 2271 5837 nonizatio'ne
2293 5743 2579 5823 incepisse
2599 5743 2843 5808 videtur.
2878 5747 3003 5806 Vid.
3036 5743 3207 5832 supra
3243 5743 3280 5801 1.
3318 5761 3355 5815 ι,
3388 5749 3524 5827 διδ,
