3880 6380
311 419 425 478 367

1069 547 1198 614 §Il.

385 638 550 692 Anno
591 636 771 707 igitur
800 652 832 690 a
860 638 1026 706 partu
1065 634 1320 705 Virginis
1368 649 1616 689 mcxxnv
1656 651 1689 689 a
1718 632 1948 688 condito

317 728 514 782 autem
539 723 893 779 monasterio
915 723 1076 792 CLII,
1099 723 1300 777 indict.
1323 740 1424 789 xu,
1449 724 1630 778 abbas
1652 723 1950 777 Conradus

317 813 650 869 convocavit
673 811 1004 867 Udalricum
1028 811 1320 866 Constant.
1364 811 1623 865 Ecclesiae
1665 812 1817 866 818
1848 827 1948 866 ve-

319 900 638 956 nerabilem
662 901 1018 971 episcopum,
1041 899 1301 969 ejusdem
1329 899 1580 952 nominis
1603 899 1948 969 secundum,

319 993 378 1045 et
399 987 624 1060 aperuit
643 987 935 1042 tumulum
957 986 1348 1042 B.Gebehardi
1368 986 1710 1057 episcOpi,et
1734 985 1953 1040 invenit

321 1077 579 1148 corporis
591 1077 640 1146 ej
650 1092 717 1130 us
733 1075 1077 1130 thesaurum
1100 1075 1444 1146 pretiosum,
1459 1073 1618 1129 omni
1636 1073 1951 1144 margarita

320 1165 734 1220 chariorem....
749 1164 939 1218 adhuc
958 1163 1140 1218 sacris
1158 1163 1418 1218 vestibus
1434 1161 1946 1228 circumvolutum;

319 1253 573 1307 maxima
590 1251 804 1324 quippe
825 1269 893 1306 ex
915 1257 1076 1322 parte
1097 1255 1262 1306 erant
1300 1251 1654 1321 putrefacta},
1679 1250 1778 1303 sed
1800 1249 1948 1304 ossi-

319 1341 432 1396 bus
477 1340 793 1410 haarehant,
827 1340 966 1410 quia
1013 1355 1111 1394 eas
1138 1354 1350 1393 manus
1397 1355 1509 1391 non
1558 1337 1840 1407 tetigerat.
1880 1341 1951 1390 At

319 1445 456 1484 cum
478 1443 657 1484 manu
679 1428 841 1498 tangi
865 1428 1198 1497 cmpissent,
1222 1425 1376 1480 illico
1413 1427 1766 1491 defecerunt,
1788 1441 1946 1480 exce-

318 1521 420 1588 pta
439 1515 564 1570 sola
582 1521 642 1570 et
665 1516 964 1586 superiore
1006 1520 1166 1585 parte
1193 1513 1457 1584 planetae,
1499 1529 1611 1584 que
1649 1513 1720 1567 de
1751 1529 1948 1569 croceo

318 1603 510 1660 fuerat
540 1603 738 1674 pallio,
771 1619 839 1658 ex
867 1603 960 1657 his
990 1618 1124 1674 ergo
1157 1602 1352 1673 aliqua
1397 1618 1532 1674 pars
1562 1601 1846 1656 remansit
1868 1601 1950 1655 in-

318 1696 499 1763 tegra.

391 1782 556 1834 Anno
575 1797 609 1834 a
629 1779 860 1834 condito
879 1779 1227 1834 monasterio
1239 1778 1377 1834 CLII
1393 1779 1626 1832 advenit
1649 1777 1949 1834 Udalricus

321 1868 650 1940 episcopus,
675 1872 731 1922 et
751 1884 818 1922 ex
841 1867 1210 1922 monasteriis
1231 1867 1415 1922 Patris
1435 1869 1582 1938 (958)
1616 1872 1838 1938 septem
1861 1867 1948 1921 in-

319 1955 480 2012 vitati
505 1972 539 2010 a
559 1957 818 2011 Conrado
841 1956 1049 2010 abbate
1079 1957 1205 2026 jam
1243 1973 1394 2026 saepe
1418 1956 1558 2010 dicti
1594 1955 1950 2010 monasterii.

321 2045 429 2100 Sed
453 2048 509 2099 et
524 2046 693 2099 turba
709 2043 1050 2099 clericorum
1066 2049 1123 2098 et
1135 2044 1551 2099 monachorum
1563 2083 1576 2108 ,
1591 2043 1956 2114 aliorumque

321 2131 585 2186 ﬁdelium
608 2132 795 2187 adfuit
813 2148 926 2186 non
949 2133 1198 2196 modica,
1221 2137 1278 2186 et
1305 2147 1439 2186 cum
1480 2131 1719 2185 immani
1743 2131 1956 2201 gaudio

319 2236 388 2275 ex
409 2220 810 2287 exsultatione,
834 2236 966 2273 cum
990 2220 1223 2290 hymnis
1261 2224 1318 2274 et
1351 2219 1622 2273 laudibus
1644 2219 1957 2274 honoriﬁce

319 2307 747 2364 transtulerunt
775 2323 909 2361 ossa
933 2324 998 2361 ac
1028 2306 1252 2362 cineres
1283 2307 1342 2360 B.
1367 2307 1716 2362 confessoris
1745 2307 1955 2360 Christi

322 2399 498 2464 atque
520 2395 812 2466 pontiﬁcis
833 2395 1156 2449 Gebehardi
1186 2397 1256 2448 de
1277 2394 1400 2449 loco
1435 2395 1643 2466 prioris
1681 2393 1954 2466 sepulcri,

325 2487 382 2538 et
397 2481 458 2535 in
481 2482 841 2553 sarcophago
859 2483 1078 2552 posita;
1100 2483 1383 2536 ambitum
1399 2483 1731 2538 monasterii
1744 2483 1956 2538 lustra-

321 2574 552 2636 verunt,
572 2575 628 2624 et
645 2575 843 2640 postea
861 2587 990 2625 cum
1017 2587 1226 2642 magno
1250 2571 1463 2626 honore
1482 2571 1540 2625 in
1565 2589 1708 2626 novo
1731 2569 1955 2627 tumulo

324 2659 727 2716 conciderunt.

391 2748 456 2803 In
480 2747 606 2819 ipsa
629 2747 740 2814 die,
765 2747 872 2803 hoc
889 2752 994 2814 est,
1021 2765 1073 2802 v1
1096 2747 1218 2803 Kal.
1245 2752 1398 2820 Sept.
1434 2749 1532 2820 qui
1573 2753 1660 2803 est
1697 2749 1821 2804 dies
1851 2766 1954 2804 na-

322 2834 682 2907 talisipsius,
720 2836 922 2891 indict.
964 2853 1068 2904 xu,
1106 2837 1436 2892 dedicatum
1473 2841 1561 2893 est
1599 2835 1779 2893 altare
1800 2839 1954 2909 quod

323 2929 412 2980 est
429 2941 609 2994 supra
626 2925 822 2996 ipsum
843 2925 1232 2980 tumulum....
1257 2926 1528 2996 Sequenti
1551 2925 1640 2980 die
1662 2926 1958 2980 dedicave-

327 3018 469 3067 runt
498 3013 686 3083 ipsam
728 3013 1148 3068 hasilicam.....

398 3105 609 3156 Actum
633 3101 994 3171 temporibus
1009 3101 1326 3156 Innocentii
1341 3118 1500 3174 papae
1513 3103 1560 3158 ΙΙ
1573 3108 1629 3158 et
1643 3103 1955 3158 Lothariill

328 3189 596 3260 imperat.
617 3187 892 3260 Augusti,
915 3205 1067 3244 anno
1089 3189 1316 3260 imperii
1358 3192 1484 3260 ejus
1506 3208 1540 3245 x
1561 3192 1728 3261 (959),
1749 3191 1949 3247 indict.

326 3295 431 3347 xu,
460 3278 553 3334 die
592 3295 625 3332 v
654 3277 778 3332 Kal.
814 3277 970 3348 Sept.
1004 3277 1246 3332 feliciter
1284 3295 1415 3334 cum
1446 3279 1647 3352 gloria.

397 3458 500 3514 His
511 3457 720 3514 diebus
732 3455 969 3529 grandis
984 3456 1292 3512 inﬁrmitas
1308 3457 1362 3511 in
1378 3457 1506 3528 ipsa
1517 3458 1961 3530 congregatione

329 3547 732 3622 grassabatur,
759 3561 822 3600 ea
845 3562 963 3616 qua
987 3545 1276 3616 meipsum
1301 3545 1526 3602 meritis
1547 3547 1609 3600 B.
1636 3545 1960 3602 Gebehardi

329 3635 683 3694 mirabiliter
708 3635 886 3689 fateor
904 3633 1308 3689 liberatum....
1333 3636 1466 3690 Post
1510 3635 1628 3690 haec
1661 3636 1962 3690 Conradus

331 3727 514 3783 abbas
531 3724 666 3779 fecit
686 3739 1035 3794 campanum
1051 3723 1194 3778 satis
1207 3723 1614 3792 honoriﬁcum,
1635 3730 1693 3780 et
1706 3724 1964 3780 Heriber-

330 3819 428 3871 tus
462 3818 657 3869 custos
687 3811 939 3868 ecclesia:
972 3813 1314 3880 secundum,
1359 3830 1464 3886 ego
1515 3829 1746 3885 quoque
1776 3829 1960 3868 unum

329 3903 706 3977 parvulum...
723 3901 938 3956 Deinde
953 3902 1333 3958 fecitdomum
1351 3918 1768 3974 campanarum
1786 3917 1964 3974 super

329 3992 658 4059 ecclesiam,
681 3991 819 4062 quia
844 3989 1006 4062 prius
1027 3991 1356 4062 pendebant
1375 3991 1434 4046 in
1470 3995 1721 4062 quatuor
1740 3989 1960 4046 colum-

329 4083 426 4138 nis
447 4081 616 4152 juxta
651 4078 973 4135 ecclesiam.

1986 3264 2030 3332 C

1061 4171 1088 4236 §
1134 4169 1227 4225 IV.

404 4265 572 4314 Anno
605 4258 674 4314 ab
707 4259 990 4314 Incarnat.
1022 4259 1188 4314 Dom.
1222 4275 1491 4322 mcxxxw,
1523 4257 1707 4314 indict
1734 4275 1849 4328 xxv,
1872 4258 1966 4315 die

330 4365 427 4405 xv:
457 4348 580 4403 Kal.
618 4348 907 4414 Decemb.,
958 4347 1292 4403 dedicatum
1349 4351 1438 4403 est
1491 4345 1670 4403 altare
1723 4349 1779 4402 S.
1813 4348 1965 4404 Petri

332 4437 576 4511 apostoli
617 4439 870 4493 secundo
923 4454 957 4492 a
1019 4437 1286 4492 Conrado
1337 4436 1599 4492 Curiensi
1659 4453 1783 4492 ven.
1842 4437 1964 4509 epi-

332 4543 505 4600 scopo
535 4527 700 4599 (960).

1085 4613 1205 4680 §V.

401 4706 552 4762 379
584 4707 821 4762 Factum
852 4707 943 4760 est
984 4707 1178 4759 autem
1210 4706 1274 4758 ut
1300 4702 1606 4758 Heinricus
1641 4703 1963 4776 presbyter,

333 4793 434 4864 qui
473 4795 788 4850 oratorium
821 4794 880 4849 S.
915 4791 1107 4847 Mariae
1131 4792 1282 4864 apud
1333 4792 1505 4847 Rotse
1535 4793 1902 4864 procurabat,
1933 4808 1964 4848 e

332 4884 550 4938 mundo
581 4883 877 4954 migraret,
901 4885 958 4934 et
978 4879 1260 4935 confestin
1290 4879 1588 4936 Conradus
1601 4881 1779 4936 abbas
1803 4881 1964 4936 misit

331 4969 471 5028 illuc
499 4971 872 5027 Adelbertum
923 4967 1295 5034 monachum,
1341 4969 1531 5024 virum
1580 4970 1777 5026 utione
1819 4968 1962 5026 satis

403 5182 844 5256 (958)_Totidem
893 5181 1132 5236 abbates
1178 5182 1498 5239 vicinorum
1540 5185 1961 5241 monasterium

330 5254 738 5328 intelligimus.

402 5323 553 5395 (957)
587 5323 894 5379 Lotharius
927 5323 972 5378 ΙΙ
997 5324 1216 5380 electus
1245 5330 1334 5379 est
1364 5327 1436 5379 30
1475 5327 1622 5395 Aug.
1675 5341 1768 5379 an.
1804 5327 1962 5392 1125,

333 5401 643 5455 coronatus
675 5395 926 5466 primum
959 5397 1200 5450 an.4133
1244 5395 1596 5466 imperator;
1644 5396 1797 5448 unde
1827 5399 1962 5452 anni

333 5468 562 5542 imperii
585 5464 698 5542 _hic
731 5485 830 5538 pro
861 5467 1031 5542 annis
1057 5464 1586 5542 regniaccipieudi.

405 5535 552 5610 (960)
583 5535 745 5593 Forte
793 5539 929 5609 quia
971 5535 1463 5610 tuncA—Udalricus
1508 5536 1815 5609 episcopus
1838 5538 1964 5609 jam

336 5607 579 5668 dimissa
611 5618 741 5664 sedc
773 5607 839 5666 ad
875 5611 933 5664 S.
969 5607 1226 5662 Blasium
1263 5611 1597 5660 recesserat.

408 5682 554 5754 (961)
586 5683 645 5754 L.
683 5699 764 5748 IIl,
797 5682 943 5754 §_/io.

407 5746 551 5838 (962)
583 5753 646 5811 In
668 5746 933 5826 margine
964 5746 1279 5804 recentiore
1309 5762 1486 5807 manu
1517 5762 1711 5807 comes
1727 5748 1797 5807 de
1820 5751 1969 5828 Rap-

1001 413 1400 475 APPENDIX
1444 413 1549 474 AD
1593 410 2035 474 CHRONICON
2079 409 2494 472 HERMANNI
2535 405 3000 472 CONTRACTI.

1975 545 2030 610 Α
2059 543 2356 614 idoneum,
2388 544 2437 598 si
2467 543 2612 598 forte
2637 543 2760 598 ﬁeri
2788 543 2986 614 posset
3015 543 3082 595 ut
3103 537 3380 595 divinum
3394 535 3736 604 servitium

2057 648 2159 703 per
2187 647 2320 688 eum
2353 631 2411 686 in
2443 631 2645 686 eodem
2689 629 2812 685 loco
2867 628 3241 700 aliquatenus
3284 627 3736 683 succrescerct.

2056 721 2162 784 Qui
2197 735 2326 775 cum
2360 724 2489 791 post
2528 735 2744 790 paucos
2791 733 2977 773 annos
3023 715 3288 784 obiisset,
3339 715 3581 772 missus
3608 715 3732 770 est.

2056 807 2196 863 illuc
2226 807 2376 864 alius
2400 808 2479 862 Ad
2489 806 2745 863 clbertus
2759 805 2984 876 junior,
3009 805 3216 859 eadem
3236 803 3584 860 intentione
3605 817 3740 875 qua

2057 901 2116 951 et
2134 897 2419 968 superior.
2443 896 2607 950 Hunc
2627 910 2762 964 ergo
2804 893 3022 962 locum,
3053 892 3207 948 sicut
3235 891 3412 964 longe
3429 891 3738 964 superius

2058 985 2315 1039 diximus
2352 984 2522 1054 (96!),
2561 981 2908 1038 venerabilis
2935 981 3325 1053 Ratperonius
3351 981 3600 1052 primus
3630 980 3738 1035 inc-

2057 1073 2240 1128 colere
2273 1072 2464 1143 coepit,
2487 1075 2544 1126 et
2564 1070 2865 1126 basilicam
2889 1069 3234 1126 construxit.
3259 1074 3340 1126 De
3371 1071 3559 1142 cujus
3579 1069 3738 1126 actio‘

2057 1163 2168 1216 bus
2185 1161 2322 1216 huic
2337 1161 2497 1233 operi
2519 1158 2634 1230 aliq
2645 1176 2715 1214 ua
2729 1159 3023 1214 innectere
3038 1158 3288 1231 dignum
3315 1159 3638 1228 ducimus,
3654 1173 3738 1214 nc

2055 1250 2298 1305 virtutes
2317 1250 2462 1304 tanti
2484 1249 2590 1303 viri
2614 1247 2848 1319 penitus
2889 1246 3164 1303 oblivioni
3201 1247 3552 1316 tradantur,
3573 1261 3737 1320 qua-

2058 1355 2186 1392 rum
2219 1337 2504 1393 memoria
2545 1336 2701 1408 apud
2729 1335 3000 1392 homines
3041 1336 3168 1406 jam
3207 1336 3268 1390 in
3301 1351 3598 1408 supremo
3628 1334 3741 1392 vix

2058 1427 2391 1498 permodica
2420 1425 2688 1480 habetur.

2546 1516 2662 1570 Vita
2701 1515 2845 1570 beati
2872 1514 3208 1586 Ratparom‘i.

2798 1603 2826 1670 §
2855 1601 2950 1656 vr.

2058 1691 2156 1747 Vir
2184 1692 2412 1748 Domini
2441 1691 2828 1763 Ratperonius
2848 1689 3150 1747 nobilibus
3191 1695 3249 1746 et
3283 1689 3587 1764 religiosis
3619 1706 3736 1764 pt-

2058 1781 2320 1836 rentibus
2359 1781 2507 1850 (962)
2539 1779 2609 1834 de
2639 1779 2922 1852 Turinga,
2981 1783 3048 1834 ut
3103 1779 3310 1848 fertur,
3371 1782 3465 1835 est
3523 1781 3738 1836 ortus.

2059 1869 2231 1932 Quasi
2257 1885 2432 1922 aurea
2452 1866 2632 1922 ﬁbula
2653 1871 2772 1922 tota
2793 1867 2921 1937 ejus
2954 1866 3251 1938 generatio
3280 1866 3341 1922 in
3363 1883 3432 1923 eo
3453 1867 3738 1924 creditur

2065 1963 2266 2012 ornata
2285 1960 2343 2010 et
2365 1954 2661 2010 conclusa.
2688 1953 2790 2010 Hic
2815 1955 3018 2026 itaque
3039 1954 3243 2010 relicta
3261 1955 3458 2028 patria
3477 1957 3738 2013 transiit

2064 2045 2122 2099 in
2146 2043 2574 2111 Alemanniam,
2599 2060 2775 2114 seque
2793 2043 3166 2098 sanctissimo
3179 2043 3417 2116 pmsuli
3439 2043 3742 2102 Udalrico

2066 2132 2419 2203 Augustensi
2452 2133 2772 2202 conjunxit,
2806 2135 2864 2187 et
2891 2133 3003 2186 sub
3033 2133 3164 2202 ejus
3196 2131 3490 2204 regimine
3519 2133 3632 2188 diu
3664 2135 3740 2194 il

2066 2221 2312 2292 regulari
2334 2220 2564 2274 tramite
2583 2219 2722 2274 vixit
2746 2237 2758 2288 ;
2783 2219 3061 2290 quoniam
3101 2219 3260 2275 idem
3283 2221 3555 2292 pontifex
3577 2227 3736 2278 me

2067 2308 2343 2380 temporis
2371 2309 2835 2379 Campidonense
2880 2308 3306 2364 monasterium
3359 2309 3520 2365 rexit
3538 2308 3730 2384 (963).

2069 2397 2246 2468 Igitur
2265 2414 2396 2452 cum
2423 2397 2609 2452 eidem
2633 2401 2834 2452 sancto
2845 2396 3078 2468 praesuli
3108 2396 3485 2454 familiariter
3496 2397 3734 2472 junga-

2064 2491 2184 2540 retu
2197 2487 2386 2548 r,etab
2399 2501 2464 2539 eo
2486 2486 2542 2539 in
2557 2501 2726 2540 omne
2739 2501 2888 2556 opus
2899 2485 3116 2541 bonum
3133 2485 3740 2558 informaretur,con~

2065 2576 2194 2646 tigit
2215 2580 2279 2630 ut
2308 2575 2562 2645 quodam
2597 2579 2854 2646 tempore
2874 2573 3048 2629 simul
3084 2579 3414 2646 pergerent,
3441 2580 3632 2648 atque
3663 2576 3734 2632 in

2064 2663 2188 2718 loca
2214 2663 2408 2718 Rubro
2425 2668 2629 2734 stagno
2647 2662 2961 2734 contingua
2976 2662 3332 2735 devenirent,
3351 2663 3632 2737 Cumque
3661 2665 3733 2722 in

2065 2752 2314 2824 quodam
2333 2755 2496 2822 prato
2514 2756 2645 2822 post
2673 2751 3043 2806 refectionem
3072 2751 3336 2823 corporis
3356 2751 3729 2825 aliquandiu

2065 2842 2508 2912 requiescerent,
2529 2840 2836 2911 episcopus
2859 2843 2990 2911 post
3002 2838 3254 2910 quietem
3269 2842 3742 2915 expergefactus

2065 2929 2294 3000 priedixi
2308 2934 2430 3000 tper
2443 2928 3318 3000 spiritumB.Ratperonio,quod
3333 2929 3412 2985 ibi
3428 2929 3491 2985 in
3504 2931 3738 2989 vicinia

2065 3017 2304 3089 quidam
2327 3017 2487 3072 locus
2509 3023 2664 3072 esset
2679 3017 2778 3088 qui
2796 3017 2924 3088 ejus
2945 3015 3144 3074 labore
3162 3017 3530 3078 excolendus
3549 3021 3734 3091 foret,

2065 3106 2163 3162 ubi
2189 3107 2364 3160 etiam
2389 3105 2539 3160 diem
2557 3105 2765 3176 judicii
2805 3105 3254 3177 praestolaturus
3275 3112 3452 3164 esset.
3476 3107 3588 3164 Vir
3617 3123 3735 3167 au-

2065 3200 2184 3250 tem
2205 3195 2434 3250 Domini
2451 3193 2860 3266 Ratperonius,
2882 3194 2992 3250 hoc
3007 3194 3245 3250 oraculo
3263 3202 3562 3269 percepto,
3579 3198 3746 3256 huic-

2067 3285 2265 3338 statim
2288 3283 2548 3338 animum
2571 3282 3170 3339 constanterintendit
3185 3284 3440 3358 negotio,
3463 3287 3525 3342 et
3542 3285 3746 3361 ccepit

2069 3373 2354 3444 sagaciter
2373 3371 2525 3442 apud
2550 3387 2813 3442 proceres
2846 3372 3200 3428 earumdum
3223 3372 3379 3429 880
3403 3373 3737 3449 regionum

2069 3476 2236 3533 agere
2269 3464 2558 3532 quatenus
2598 3459 2708 3514 sibi
2764 3458 2958 3514 locum
3010 3460 3083 3514 ad
3142 3475 3291 3533 opus
3345 3462 3738 3522 destinatum

2067 3549 2276 3604 vellent
2330 3549 2661 3603 concedere.
2711 3547 2975 3620 Cumque
3035 3548 3109 3604 ab
3171 3550 3258 3606 eis
3307 3549 3522 3608 fuisset
3579 3566 3738 3612 oon-

2069 3642 2344 3708 temptus,
2381 3637 2600 3692 eisdem
2633 3637 2877 3691 adversa
2902 3639 2991 3691 est
3049 3636 3433 3710 imprecatus,
3483 3655 3557 3696 ac
3585 3655 3740 3714 pro~

2070 3729 2197 3797 pter
2234 3724 2342 3778 hoc
2383 3729 2577 3780 actum
2631 3725 2886 3780 creditur
2941 3723 3095 3796 quod
3153 3727 3473 3798 posteritas
3512 3745 3736 3789 eorum

2071 3815 2260 3870 deleta
2304 3817 2414 3882 est,
2456 3813 2610 3868 sicut
2666 3811 2950 3886 scriptum
2980 3817 3108 3870 est:
3167 3813 3366 3872 Semen
3417 3818 3741 3890 impiorum

2066 3903 2288 3975 peribit.
3341 3925 3350 3931 α

2798 3994 2826 4060 §
2855 3991 2972 4046 vn.

2146 4081 2324 4152 Igitur
2353 4084 2420 4134 ut
2451 4080 2730 4135 Dominus
2768 4079 3142 4152 omnipotens
3178 4081 3528 4141 vaticinium
3561 4087 3737 4158 quod

2071 4187 2173 4242 per
2189 4185 2255 4225 os
2277 4167 2480 4224 famuli
2503 4168 2594 4223 sui
2617 4167 2871 4224 Udalrici
2894 4184 3057 4226 servo
3072 4183 3181 4226 sue
3200 4170 3560 4244 Ratperonio
3582 4191 3738 4248 pre-

2073 4258 2262 4314 dicere
2282 4257 2556 4329 dignatus
2572 4260 2660 4312 est
2683 4256 3050 4330 adimpleret,
3070 4259 3313 4316 tandem
3353 4260 3598 4319 cuidem
3621 4280 3736 4322 no-

2071 4345 2174 4403 bili
2193 4346 2315 4401 viro
2328 4344 2562 4402 nomine
2581 4345 2893 4418 Berngario
2911 4345 3220 4418 inspiravit
3236 4352 3304 4404 ut
3335 4350 3472 4422 ejus
3483 4353 3736 4426 negotio

2071 4441 2127 4492 et
2147 4433 2431 4491 desiderio
2455 4438 2760 4501 annueret,
2783 4437 2840 4490 et
2857 4435 2931 4490 de
2952 4435 3077 4492 suis
3117 4435 3354 4510 prmdiis
3393 4439 3651 4498 donavit
3678 4441 3738 4499 ei

2072 4524 2264 4580 locum
2284 4523 2385 4594 qui
2406 4539 2563 4578 nunc
2601 4522 2814 4577 dicitur
2852 4523 3116 4579 Rubrum
3160 4529 3438 4598 stagnum
3473 4527 3740 4608 (Rotas).

1990 4626 2040 4692 D
2073 4618 2213 4669 tunc
2244 4612 2483 4684 quidem
2512 4611 2791 4676 sterilem,
2843 4628 3000 4667 nunc
3051 4616 3269 4683 autem,
3318 4621 3625 4692 quantum
3655 4620 3730 4676 ad

2073 4703 2252 4758 situm
2273 4701 2546 4774 regionis,
2569 4701 2817 4756 fertilem
2840 4705 2897 4756 et
2915 4717 3236 4758 ammnum.
3261 4687 3462 4761 Inhoc
3480 4703 3640 4776 loco,
3663 4710 3738 4764 ut

2071 4789 2503 4862 fertur,pridem
2517 4789 2756 4861 quidam
2769 4789 2916 4845 latro
2929 4790 3376 4849 crudelissimus
3388 4792 3736 4866 habitabat,

2072 4877 2622 4951 quiimmanissima
2661 4877 3115 4950 circumquaque
3163 4879 3476 4938 latrocinia
3523 4899 3730 4941 excer-

2070 4971 2236 5024 bat...
2270 4971 2480 5023 Beatus
2511 4969 2707 5022 autem
2737 4967 3146 5039 Ratperonius,
3180 4968 3312 5040 ipso
3353 4969 3472 5026 sibi
3504 4971 3728 5030 tradito

2071 5182 2348 5308 genberg,
2375 5179 2519 5236 alias
2547 5180 2991 5264 Landtgrayius.
3046 5180 3284 5265 Frustra
3333 5187 3538 5270 autem
3587 5185 3730 5244 alibi

2115 5269 2314 5308 musce
2337 5253 2666 5308 Ratneromi
2689 5257 2894 5306 notitia
2915 5257 3214 5308 ducentur.
3239 5253 3312 5308 de
3341 5269 3523 5308 cuius
3553 5263 3730 5308 nata-

2115 5251 2316 5323 ujuscé
2337 5251 2666 5326 Ratperonii
2689 5251 2894 5306 notitia
2915 5253 3214 5326 quaeritur,
3239 5253 3312 5309 de
3341 5255 3523 5326 cujus
3553 5263 3730 5315 nata-

2072 5325 2222 5380 libus
2245 5340 2314 5378 ex
2340 5323 2647 5397 traditione
2664 5327 2893 5397 tantum
2919 5325 3124 5397 scribit
3140 5329 3344 5380 auctor
3361 5323 3595 5397 noster,
3622 5345 3730 5387 nec

2072 5397 2244 5451 etiam
2277 5397 2334 5449 in
2356 5395 2486 5450 Vita
2510 5395 2567 5448 S.
2605 5393 2853 5448 Udalrici
2883 5393 3092 5450 alicubi
3127 5402 3514 5454 memoratur.

2143 5468 2292 5538 (963)
2315 5465 2399 5519 Ab
2417 5481 2571 5520 anno
2590 5466 2900 5538 94tusque
2919 5467 3044 5531 942,
3075 5467 3170 5520 ubi
3199 5469 3276 5523 ab
3298 5467 3728 5538 ingruentibus

2075 5536 2360 5607 “nugaris
2391 5536 2813 5592 monasterium
2845 5537 3003 5594 istud
3037 5538 3228 5594 fuerat
3255 5536 3426 5596 n.950
3451 5541 3732 5602 devasta-

2071 5607 2384 5736 ζυηῖὸὸνίά.
2436 5607 2621 5664 Gallia
2658 5607 2898 5679 Christ.,
2947 5613 2991 5665 t.
3021 5608 3092 5680 v,
3141 5625 3200 5686 p.
3234 5611 3380 5682 993;
3441 5611 3752 5698 Brusch...
