3880 6348
169 425 281 502 818

1055 436 1497 511 CBBONICON
1540 438 2256 512 PETERSHUSANUM.
2281 477 2361 494 --
2387 440 2538 513 LIB.
2582 443 2689 513 VI.

3419 441 3537 513 374
3558 466 3561 469 ‘

168 564 598 640 Bﬂvghabebat
615 570 678 632 in
695 572 856 646 villa,
879 575 1264 635 Miminhusin
1286 580 1461 636 dicta.
1484 583 1632 653 Ergo
1653 598 1795 653 quo-
1823 583 1878 650 Α
1906 580 2025 637 sive
2054 580 2277 638 naviter
2304 582 2537 639 fuerant
2563 579 2845 639 fabricata
2862 576 2952 638 vel
2972 583 3336 655 congregata,
3359 583 3540 642 abbas

167 657 320 719 niam
338 665 605 719 nostrum
628 666 1047 722 monasterium
1067 668 1125 723 in
1143 668 1344 724 eadem
1360 668 1496 725 villa
1515 670 1796 742 praedium

168 748 431 817 habebat,
453 752 609 822 quod
631 752 681 808 ei
705 753 986 810 Geroldus
1005 756 1163 810 bona:
1189 758 1477 812 memoriae
1501 759 1797 830 quondam

169 838 398 895 dederat
427 854 560 895 cum
593 856 655 896 se
674 841 800 913 ipso
827 847 884 898 et
905 842 1035 899 aliis
1061 844 1292 915 praediis
1317 845 1462 911 suis,
1486 846 1618 901 Ruti
1651 846 1800 901 scili-

167 930 273 992 cet,
302 930 360 983 et
389 926 884 986 Efkirchiswilare
915 936 1089 1003 atque
1118 932 1401 1003 Niwiron,
1435 934 1647 988 idcirco
1679 940 1798 989 toto

167 1013 295 1072 nisu
324 1014 620 1071 nitebatur
643 1020 705 1072 ut
725 1022 780 1073 et
800 1018 908 1075 hoc
931 1019 1279 1091 acquireret.
1310 1022 1389 1075 Ea
1412 1022 1481 1075 de
1505 1037 1563 1075 re
1581 1022 1797 1077 factum

168 1106 255 1160 est
282 1106 346 1159 ut
373 1104 595 1170 tabula,
626 1123 753 1177 quae
785 1106 844 1162 in
894 1107 1198 1179 principali
1250 1108 1416 1163 altari
1448 1109 1506 1164 S.
1541 1110 1798 1181 Gregorii

167 1207 231 1249 ex
259 1191 525 1249 orientali
555 1192 733 1251 latere
762 1201 963 1251 contra
1001 1196 1243 1252 chorum
1276 1199 1544 1269 apposita
1573 1203 1714 1267 erat,
1744 1205 1797 1255 et

165 1282 283 1336 erat
301 1296 442 1336 auro
462 1286 515 1336 et
534 1283 784 1355 gemmis
800 1284 1208 1341 decentissime
1230 1291 1517 1357 cooperta,
1537 1304 1677 1343 auro
1697 1305 1800 1342 nu-

164 1368 456 1426 daretur...
482 1370 666 1443 Igitur
687 1372 797 1428 hoc
820 1389 981 1441 auro,
1010 1376 1162 1445 quod
1188 1376 1396 1445 dejam
1418 1375 1573 1431 dicta
1602 1376 1800 1431 tabula

162 1462 456 1531 sumptum
488 1464 593 1527 est,
631 1466 1035 1533 comparatum
1068 1466 1157 1517 est
1188 1463 1471 1535 praedium
1504 1466 1656 1537 apud
1691 1464 1796 1519 Mi-

163 1545 641 1619 minhusin,quod
672 1547 1092 1605 habueratillic
1115 1552 1534 1607 monasterium
1560 1552 1796 1607 S.Geor-

161 1632 509 1708 gii.Insuper
527 1636 729 1691 datum
748 1642 835 1693 est
854 1655 955 1708 pro
976 1654 1041 1693 eo
1076 1641 1358 1711 praedium
1400 1642 1553 1711 quod
1586 1641 1795 1695 habui-

161 1738 287 1779 mus
307 1724 464 1796 apud
484 1724 764 1781 Asilheim
781 1728 1108 1799 (979),quod
1124 1728 1357 1783 dederat
1371 1730 1662 1799 quondam
1682 1730 1798 1785 dux

161 1810 443 1870 Bcrtolfus
474 1813 545 1869 de
574 1813 1055 1887 Zaringin,t'rater
1076 1815 1396 1871 Gebehardi
1421 1817 1677 1889 episCOpi
1700 1817 1795 1882 III,

162 1915 259 1973 pro
288 1899 543 1975 hospitio
572 1902 855 1958 violenter
885 1904 1038 1975 apud
1071 1921 1176 1959 nos
1208 1908 1462 1977 sumpto.

473 1990 509 2060 ς
538 1990 706 2046 ΧΧΙΙ.
741 1992 812 2047 De
861 1993 1114 2048 incendio
1157 1996 1482 2049 monasterii

226 2077 407 2150 Igitur
434 2094 570 2134 cum
589 2079 716 2150 jam
748 2080 1028 2137 inusitato
1074 2082 1245 2137 modo
1290 2084 1361 2137 ab
1393 2083 1552 2137 omni
1581 2083 1794 2151 debito,

160 2167 420 2240 quamvis
443 2183 577 2223 cum
596 2169 801 2242 grandi
824 2170 1058 2239 damno,
1084 2171 1333 2227 absoluti
1359 2177 1577 2237 essent,
1601 2177 1657 2227 et
1677 2176 1796 2228 tam

157 2253 310 2313 locus
341 2272 520 2330 quam
552 2258 970 2313 monasterium
1023 2260 1241 2331 optime
1288 2260 1581 2315 excultum
1623 2266 1795 2327 esset,

158 2343 359 2402 accidit
385 2345 542 2401 sicut
572 2346 854 2418 scriptum
878 2352 1000 2402 est:
1028 2372 1054 2396 ‹‹
1080 2350 1226 2403 Ante
1250 2348 1479 2403 ruinam
1518 2349 1799 2405 exaltabi-

157 2436 248 2490 tur
274 2449 372 2490 cor
397 2435 584 2504 (Prov.
614 2435 859 2505 uv,t2).
899 2458 925 2484 »
958 2436 1093 2491 Erat
1121 2437 1335 2508 quippe
1365 2437 1612 2493 aedicula
1640 2438 1795 2493 inﬁr-

159 2520 343 2577 marim
364 2522 690 2592 adhaerens,
711 2523 770 2578 in
794 2541 909 2596 qua
930 2525 1219 2591 caminus,
1240 2527 1480 2596 etjuxta
1498 2529 1791 2581 caminum

160 2626 223 2667 ex
249 2614 496 2683 utraque
527 2614 689 2683 parte
718 2616 1044 2667 stramenta
1078 2613 1134 2667 in
1158 2614 1371 2683 quibus
1401 2614 1605 2669 fratres
1631 2632 1791 2669 recu-

160 2698 435 2755 babant...
475 2699 558 2754 Ibi
581 2700 777 2772 itaque
800 2702 960 2772 pueri
986 2703 1319 2756 monasterii
1347 2704 1536 2772 ignem
1568 2704 1795 2758 incaute

160 2788 553 2855 accendentes,
583 2787 741 2861 ignis
780 2794 1101 2845 stramenta
1117 2792 1299 2861 juxta
1345 2792 1530 2862 posita
1561 2792 1791 2856 invasit,

159 2879 212 2933 et
236 2876 295 2933 in
324 2881 624 2934 momento
652 2881 839 2933 totum
862 2880 1113 2949 pervasit
1138 2880 1577 2945 monasterium,
1599 2880 1794 2935 basili-

160 2980 278 3023 eam
304 2982 540 3038 quoque
558 2967 616 3021 S.
635 2967 893 3037 Gregorii
916 2972 973 3022 et
992 2968 1189 3023 omnia
1210 2968 1384 3023 simul
1409 2970 1650 3023 mditicia
1673 2987 1792 3024 mo-

157 3056 381 3112 nasterii
405 3056 647 3112 ﬂamma
668 3058 1101 3128 consumpsit...
1128 3060 1271 3126 (080‘)
1296 3058 1569 3113 Sacristia
1600 3062 1793 3113 tamen

160 3143 309 3201 88.
326 3148 385 3201 et
414 3144 704 3201 librorum
736 3145 1147 3216 repositorium
1194 3145 1288 3200 vix
1335 3152 1627 3200 reservata
1658 3151 1795 3201 sunt

161 3247 283 3290 cum
311 3232 408 3290 his
433 3249 566 3304 quas
598 3234 759 3289 intus
791 3238 974 3289 erant.
1033 3234 1169 3289 Erat
1208 3236 1362 3289 enim
1395 3234 1587 3289 videre
1620 3237 1791 3289 mise-

1828 1944 1875 2008 B

1906 670 2204 726 Conradus
2234 675 2290 725 et
2341 670 2735 727 Herimannus
2790 668 2951 742 prior
3004 674 3418 742 consurgentes
3448 686 3543 730 ac-

1906 758 2211 813 cinxerunt
2239 776 2300 813 se
2329 758 2570 814 viriliter
2611 759 2684 814 ad
2720 758 3204 814 restaurationem
3244 758 3545 831 praedicta-

1907 863 2036 901 rum
2070 864 2283 902 rerum.
2317 848 2385 902 Et
2408 848 2758 918 adjuverunt
2802 863 2901 903 eos
2949 846 3157 919 reliqui
3188 847 3416 916 fratres,

1908 934 2139 1006 quidem
2174 951 2351 995 onera
2380 935 2663 1007 portando
2695 935 3267 1001 cum‘exsultatione,
3292 934 3392 992 alii
3414 952 3546 994 vero

1907 1024 2170 1094 regiones
2200 1022 2611 1079 circumeundo
2641 1040 2776 1079 cum
2807 1027 3142 1079 sanctorum
3174 1023 3458 1096 reliquiis,
3490 1028 3549 1081 et

1911 1111 2151 1179 petendo
2165 1116 2283 1166 tam
2302 1111 2505 1165 divites
2523 1128 2701 1182 quam
2722 1112 3097 1182 pauperiores
3119 1112 3454 1168 subsidium
3473 1112 3546 1168 ad

1906 1198 2389 1254 instaurationem
2422 1199 2687 1257 incendio
2717 1200 3048 1271 consumpti
3072 1200 3433 1256 monasterii.
3463 1202 3547 1257 Ex

1906 1285 2008 1341 tali
2030 1304 2165 1357 ergo
2188 1286 2491 1342 collatione
2506 1294 2802 1358 coeperunt
2820 1288 3101 1343 aediﬁcare
3126 1288 3398 1359 primitus
3420 1289 3547 1359 qui-

1907 1377 2040 1431 dem
2074 1374 2405 1430 habitacula
2431 1376 2678 1443 abbatis,
2708 1376 2855 1431 duas
2884 1374 3134 1447 capellas
3157 1394 3335 1432 unam
3366 1393 3546 1450 super

1907 1462 2174 1532 alteram,
2204 1464 2565 1534 superiorem
2610 1462 2845 1534 quidem
2884 1464 2941 1518 in
2972 1464 3187 1520 honore
3217 1466 3273 1521 8.
3307 1465 3545 1522 Martini

1905 1556 1963 1608 et
1991 1551 2049 1606 S.
2086 1550 2381 1618 Oswaldi;
2419 1551 2751 1606 inferiorem
2775 1567 2907 1607 vero
2938 1551 2996 1605 in
3026 1551 3243 1607 honore
3273 1554 3331 1608 S.
3357 1553 3548 1610 Mariis

1908 1639 2283 1710 Magdalenen,
2317 1643 2372 1695 et
2401 1640 2458 1694 S.
2494 1639 2650 1695 Fidis
2681 1640 2823 1711 virg.
2857 1642 2913 1695 et
2960 1644 3132 1695 mart.
3164 1640 3459 1697 Dedicatio
3489 1642 3545 1698 S.

1910 1728 2063 1782 Fidis
2096 1727 2475 1799 perseveravit
2504 1728 2658 1782 sicut
2686 1728 2849 1799 prius
2871 1732 2995 1784 erat
3024 1746 3055 1783 ι
3088 1728 3211 1784 Kal.
3230 1729 3389 1795 Dec.,
3412 1746 3553 1801 quo-

1906 1816 2064 1871 niam
2096 1815 2239 1871 illud
2266 1814 2445 1871 altare
2475 1816 2771 1887 integrum
2803 1820 3097 1889 repertum
3119 1821 3227 1887 est,
3248 1822 3305 1874 et
3324 1817 3405 1874 ibi
3425 1833 3553 1891 age-

1906 1903 2121 1960 bantur
2151 1903 2347 1960 divina
2376 1902 2584 1959 ofﬁcia.

2596 2038 2623 2105 §
2659 2036 2845 2095 XXIV.

1976 2169 2358 2225 [Ediﬁcabant
2384 2186 2617 2242 quoque
2645 2171 2760 2226 duo
2791 2170 3111 2241 refectoria,
3142 2189 3327 2229 unum
3372 2190 3550 2247 super

1908 2257 2181 2325 alterum,
2214 2262 2272 2313 et
2300 2257 2633 2330 coquinam,
2666 2264 2725 2313 et
2745 2258 3067 2327 cellarium,
3086 2265 3142 2316 et
3156 2260 3433 2332 torcular,
3455 2279 3551 2320 ca-

1906 2347 2274 2402 lefactorium
2306 2364 2539 2419 quoque
2568 2352 2625 2402 et
2654 2347 3058 2416 infirmariam,
3091 2354 3148 2405 et
3177 2350 3461 2422 capellam
3491 2352 3552 2407 S.

1908 2436 2125 2500 Mariae,
2161 2434 2485 2507 capitulum
2518 2451 2751 2507 quoque
2790 2440 2965 2508 atque
3008 2437 3437 2495 dormitorium.
3471 2441 3556 2496 Ad

1905 2524 2015 2580 hoc
2066 2526 2261 2595 itaque
2312 2525 2761 2580 combusserunt
2809 2525 3028 2581 calcem
3068 2542 3281 2598 magno
3314 2532 3555 2600 sumptu

1898 2614 2070 2683 juxta
2101 2613 2397 2684 Tettingin
2433 2612 2490 2667 in
2524 2613 2689 2680 silva,
2723 2617 2778 2668 et
2807 2629 3087 2686 magnum
3110 2613 3411 2687 liquamen
3439 2633 3557 2673 ma-

1904 2719 2155 2775 gnarum
2186 2702 2440 2756 trabium
2473 2707 2525 2757 et
2558 2702 2805 2756 aliorum
2838 2701 3132 2774 lignorum
3172 2705 3555 2761 conciderunt

1905 2792 1961 2846 in
1995 2790 2141 2846 silva
2175 2792 2347 2861 juxta
2394 2789 2778 2861 Brigantium,
2813 2791 2966 2861 quod
2998 2790 3366 2847 adduxerunt
3384 2792 3550 2865 plus-

1904 2895 2079 2949 quam
2113 2876 2540 2949 quinquaginta
2562 2878 2811 2950 remiges
2832 2878 3133 2950 perlatum
3153 2883 3427 2952 stagnum
3449 2898 3548 2937 us-

1904 2983 2017 3037 que
2046 2967 2117 3021 ad
2152 2984 2277 3020 nos.
2311 2966 2660 3021 Monasteria
2690 2983 2926 3038 quoque
2955 2966 3068 3022 alia
3099 2968 3387 3024 miserunt
3414 2986 3549 3026 cum

1904 3055 2055 3110 bona
2086 3055 2384 3109 voluntate
2432 3071 2540 3109 sua
2594 3055 2767 3121 dona,
2826 3054 3272 3127 Hirsaugienses
3313 3057 3552 3129 quidem

1904 3142 2148 3215 pallium
2181 3144 2401 3198 bonum
2453 3147 2509 3198 et
2558 3144 2800 3198 carrada
2849 3143 2986 3209 vini,
3033 3146 3106 3199 de
3137 3144 3282 3201 cella
3309 3150 3365 3201 8.
3398 3147 3552 3203 Petri

1904 3232 2050 3303 (981)
2079 3250 2259 3287 unum
2282 3230 2540 3299 calicem,
2558 3231 2988 3288 Zwivaldenses
3010 3249 3187 3288 unam
3210 3225 3472 3291 casulam
3493 3240 3549 3291 et

161 3320 316 3379 riam.
348 3322 701 3379 Dormitoria
728 3326 849 3378 tam
889 3323 1309 3379 monachorum
1342 3340 1519 3395 quam
1549 3325 1797 3379 exterio-
1826 3305 1867 3370 (Σ
1902 3321 2095 3376 albam
2127 3326 2297 3391 atque
2329 3320 2560 3385 stolam,
2594 3320 2692 3374 alii
2720 3337 2853 3376 vero
2877 3320 2992 3376 alia
3016 3322 3387 3392 munuscula,
3416 3339 3544 3396 quae

162 3424 282 3468 rum
301 3411 552 3469 fratrum
573 3416 927 3485 consumpta
948 3418 1169 3481 sunt,et
1191 3413 1360 3469 multi
1386 3412 1793 3469 miserabiliter

162 3497 448 3558 denudati.
512 3500 920 3559 Habitaculum
978 3518 1233 3574 namque
1290 3519 1577 3567 sororum,
1636 3502 1790 3573 quod

163 3584 389 3646 ﬂamma
406 3606 527 3645 nun
543 3587 958 3661 tetigit,statim
975 3594 1171 3645 tamen
1186 3608 1424 3662 prorsus
1442 3591 1791 3662 dissipatum

161 3679 260 3743 est,
275 3681 332 3734 et
344 3677 488 3750 ipsas
511 3694 935 3751 usquequaque
956 3679 1250 3751 dispersas.
1274 3680 1385 3734 Sed
1408 3684 1464 3735 et
1485 3679 1793 3735 monacho-

162 3778 282 3822 rum
310 3766 577 3838 quidam,
615 3783 967 3838 quacunque
1004 3772 1296 3840 poterant,
1330 3769 1389 3822 in
1422 3768 1792 3823 monasteriis

161 3854 480 3912 transmissi
529 3859 687 3912 sunt.
727 3858 934 3912 Actum
973 3874 1125 3912 anno
1164 3857 1236 3912 ab
1278 3859 1563 3913 lncarnat.
1626 3858 1788 3912 Dom.

161 3955 318 3999 manu
336 3960 371 4000 a
388 3944 670 4017 primitus
690 3945 919 4000 condito
940 3944 1066 4016 ipso
1093 3946 1445 4002 monasterio
1477 3946 1787 4013 CLXXVII,

161 4027 347 4088 indict.
389 4049 498 4103 vn,
545 4033 638 4089 die
682 4034 939 4089 secunda
977 4035 1198 4090 mensis
1245 4035 1426 4100 Junii,
1480 4038 1585 4089 hoc
1617 4039 1705 4091 est
1734 4052 1791 4090 1v

160 4116 637 4190 Non.Junii,t‘eria
648 4122 817 4178 tertia
834 4124 1243 4179 sacratissima:
1261 4123 1637 4179 hebdomade:
1652 4124 1791 4179 Pen-

159 4210 432 4268 tecostes..
447 4252 461 4267 .

825 4303 852 4370 §
893 4302 1095 4357 XXIII.

220 4388 590 4464 Consumptis
618 4389 801 4464 igitur
823 4405 969 4463 pene
999 4390 1274 4447 omnibus
1306 4407 1434 4462 qua:
1466 4389 1791 4461 antiquitus

1902 3409 2099 3465 omnia
2128 3414 2241 3465 Deo
2271 3408 2390 3464 sint
2421 3412 2671 3480 accepta.

1974 3499 2120 3556 881
2152 3500 2315 3553 Anno
2342 3498 2414 3553 ab
2438 3497 2835 3553 lncarnatione
2859 3497 3087 3552 Domini
3115 3515 3307 3565 MCLXI,
3332 3499 3536 3556 indict.

1904 3605 1979 3654 1x,
2012 3588 2105 3643 die
2136 3605 2191 3643 v1
2225 3586 2357 3643 Idus
2406 3586 2562 3653 Dec.,
2586 3586 2853 3641 dedicata
2882 3590 2970 3642 est
3000 3586 3224 3659 capella
3252 3588 3309 3643 S.
3340 3588 3536 3645 Maria

1895 3678 2064 3747 juxta
2086 3675 2467 3731 inﬁrmariam
2486 3692 2518 3730 a
2531 3674 2845 3730 venerabili
2867 3675 3221 3733 Herimanno
3238 3677 3537 3735 Constant.

1901 3766 2193 3837 episcopo,
2222 3768 2485 3836 patrante
2514 3763 2721 3819 abbate
2750 3762 3079 3820 Conrado...

1972 3855 2188 3909 Eadem
2218 3854 2310 3909 die
2339 3852 2625 3909 dedicavit
2647 3852 2797 3907 idem
2822 3852 3130 3924 episcopus
3151 3854 3543 3912 Herimannus

1898 3943 2181 4016 capellam
2238 3942 2298 3999 S.
2333 3940 2586 4008 Martini,
2636 3945 2692 3995 et
2732 3942 3058 3997 recondidit
3102 3941 3219 3997 illic
3266 3943 3544 4016 reliquias

1900 4050 2027 4105 quas
2058 4036 2115 4087 et
2144 4037 2314 4087 antea
2342 4030 2422 4086 ibi
2447 4032 2690 4086 fuerant.
2719 4031 2803 4086 Ab
2826 4030 2933 4086 hoc
2960 4030 3052 4086 die
3075 4036 3319 4103 egerunt
3348 4032 3546 4089 divina

1899 4122 2091 4178 officia
2119 4120 2179 4176 in
2210 4118 2549 4192 supradicta
2578 4118 2796 4190 capella
2824 4119 2881 4175 S.
2916 4118 3127 4175 Mariae.
3161 4120 3243 4176 Ad
3273 4119 3393 4175 haec
3413 4120 3545 4175 aedi-

1900 4211 2031 4265 ficia
2058 4225 2379 4280 expensum
2411 4212 2502 4263 est
2532 4224 2704 4263 omne
2751 4224 2959 4263 aurum
2992 4210 3145 4281 quod
3178 4208 3546 4281 superiuerat

1899 4298 2179 4371 emptioni
2211 4296 2408 4369 praedii
2440 4298 2595 4369 apud
2626 4296 3028 4354 Miminhusin.

1173 4542 1581 4630 INCIPIT
1644 4541 1982 4628 LIBER
2042 4538 2528 4628 SEXTUS.

910 4712 1018 4780 §I.

223 4799 417 4855 Sed
450 4802 510 4857 et
539 4806 693 4869 ante,
755 4798 864 4855 hoc
913 4804 1024 4868 est,
1076 4818 1228 4855 anno
1292 4800 1457 4855 Dom.
1506 4800 1792 4857 lncarnat.

161 4887 721 4945 lcu‘Herimannus
749 4888 1210 4945 Constantiensis
1237 4890 1545 4961 episcopus
1570 4890 1794 4944 dedica-

158 4970 231 5028 Vit
254 4976 537 5049 capellam
568 4978 626 5035 S.
658 4977 900 5035 Joannis
943 4978 1211 5050 Baptistae
1246 4979 1303 5033 in
1337 4980 1685 5044 ccemeterio,
1719 4996 1791 5033 v11

162 5058 269 5118 Kal.
297 5064 477 5122 Jan...
560 5070 569 5077 ’

573 5156 602 5222 §
636 5156 708 5212 ΙΙ.
742 5157 1074 5212 Instauratio
1104 5156 1366 5211 ecclrsa'rz.

222 5238 380 5297 Anno
401 5241 476 5299 ab
508 5246 802 5302 lncarnat.
826 5244 988 5300 Com.
1017 5261 1235 5309 mcaxu,
1261 5244 1462 5298 indict.
1485 5261 1542 5309 x,
1564 5245 1657 5298 die
1679 5262 1791 5298 xvn

163 5322 385 5385 Kalend.
416 5330 601 5402 Junii,
634 5338 912 5406 regnante
945 5332 1234 5388 Friderico
1256 5332 1623 5404 imperatore,
1648 5349 1791 5403 pra:-

161 5411 371 5475 Iidente
391 5420 828 5478 Constantiensi
847 5420 1110 5477 Ecclesiae
1126 5420 1477 5477 Herimanno
1498 5421 1788 5492 episcopo,

220 5557 365 5636 (979)
389 5561 761 5636 assenheim,
795 5562 852 5636 in
882 5563 1136 5636 capitulo
1165 5561 1477 5636 Villingen.

221 5628 361 5710 (980)
378 5633 474 5710 De
506 5628 914 5710 hoc_i_nce_ndi_o
937 5628 994 5690 et
1014 5628 1788 5710 monasteri{restauratione

163 5703 270 5770 gait
296 5703 504 5761 notitia
535 5704 918 5764 dedicationis
948 5724 1105 5763 novae
1138 5705 1391 5761 basilica:
1434 5703 1786 5762 Petershusii

1815 4714 1861 4777 D
1896 4710 2007 4766 sub
2039 4708 2247 4764 abbate
2268 4707 2552 4771 Conrado,
2581 4707 2639 4760 in
2662 4705 2859 4778 vigilia
2886 4707 3261 4763 Ascensionis
3290 4705 3542 4778 Domini,

1906 4797 2158 4853 locatum
2193 4800 2279 4852 est
2311 4796 2565 4869 primum
2592 4795 3040 4851 fundamentum
3063 4814 3217 4852 novas
3244 4800 3547 4852 structurae

1904 4886 2159 4943 ecclesiae
2189 4886 2447 4956 Gregorii
2481 4902 2642 4956 papae
2693 4886 2749 4938 in
2798 4883 2925 4940 loco
2974 4885 3033 4939 8.
3070 4885 3394 4941 Gebehardi
3426 4886 3546 4958 epi-

1903 4976 2062 5048 scopi
2088 4976 2414 5031 fundatoris
2437 4974 2607 5046 primi
2631 4974 2894 5045 ejusdem
2913 4972 3188 5039 ecclesiae,
3212 4979 3269 5029 et
3292 4975 3547 5043 positum

1902 5069 1992 5122 est
2021 5065 2199 5120 limen
2231 5064 2385 5132 ostii,
2416 5063 2567 5135 quod
2599 5063 2784 5135 vergit
2813 5063 2871 5117 in
2921 5062 3267 5131 claustrum,
3302 5080 3372 5119 ex
3400 5064 3550 5120 occi-

1903 5154 2122 5210 dentali
2156 5158 2339 5225 parte,
2372 5151 2539 5208 tertio
2580 5169 2732 5207 anno
2782 5156 3092 5223 postquam
3124 5151 3430 5209 incensum
3462 5155 3551 5209 est

1901 5244 2055 5299 idem
2076 5240 2518 5296 monasterium.

1972 5333 2049 5386 Eo
2082 5337 2338 5401 tempore
2370 5328 2632 5384 Romana
2661 5327 2920 5385 Ecclesia
2946 5328 3223 5385 destituta
3251 5333 3374 5384 erat
3392 5331 3544 5382 certo

1900 5424 2140 5485 rectore,
2174 5418 2309 5490 quia
2362 5418 2478 5473 duo
2526 5434 2654 5474 eam
2705 5416 2815 5473 sibi
2866 5418 3252 5489 usurpabant,
3294 5415 3401 5471 hoc
3431 5417 3539 5478 est,

1898 5563 2055 5634 apud
2087 5561 2347 5634 Gerbert,
2384 5559 2525 5634 Hist.
2562 5560 2751 5632 Nigrae
2780 5559 2962 5623 Silvae,
2997 5562 3036 5613 t.
3070 5558 3162 5621 III,
3192 5574 3249 5626 p.
3287 5555 3403 5609 118.

1970 5636 2117 5707 (981)
2150 5634 2210 5687 In
2243 5631 2420 5703 Nigra
2448 5630 2620 5686 Silva.
