3880 6348
361 431 482 504 878

1053 442 1451 512 APPENDIX
1494 446 1599 511 AD
1642 436 2086 511 CHRONIGON
2129 437 2546 506 HERMANNI
2587 432 3049 505 GONTRACTI.

354 572 686 631 Alexander
738 580 795 632 et
844 576 1070 647 Victor;
1126 582 1442 653 imperator
1498 580 1725 636 favebat
1752 576 1988 644 Victori,
2022 577 2074 643 Α
2102 576 2362 642 recessit,
2379 578 2437 630 et
2453 573 2638 630 multa
2656 564 3372 644 monasteriainliaﬂouﬁa
3386 570 3737 644 pervagatus

357 662 685 719 Alexandro
711 665 1020 722 orientales
1050 669 1305 723 ecclesiae
1330 670 1494 739 (982).

1103 755 1133 826 ξς
1171 756 1266 811 III.

429 844 539 896 Per
568 840 720 896 idem
749 846 982 913 tempus
1011 844 1337 899 Fridericus
1375 845 1688 915 imperator
1718 842 1995 898 Mediola-

356 944 600 985 nensem
648 929 937 985 civitatem
984 932 1308 998 obsederat,
1360 934 1605 1004 jamque
1659 933 1811 987 cives
1867 931 1995 1001 ejus

359 1033 574 1090 magna
593 1018 679 1073 vis
703 1018 872 1073 famis
894 1019 965 1073 ad
986 1020 1338 1075 deditionem
1364 1024 1646 1092 coegerat.
1677 1021 1870 1091 Itaque
1894 1034 1996 1090 per

358 1107 512 1163 388
542 1106 719 1177 hujus
764 1106 1011 1161 civitatis
1057 1107 1368 1175 excidium,
1417 1109 1556 1179 quia
1600 1107 1752 1162 inter
1792 1123 1995 1162 omnes

354 1192 621 1249 civitates
652 1193 823 1248 Italiae
856 1195 1263 1265 potentissima
1292 1201 1436 1261 erat,
1467 1196 1677 1250 timore
1698 1199 1992 1265 correptae,

355 1298 557 1338 omnes
587 1282 846 1337 civitates
876 1300 1002 1354 quae
1025 1288 1194 1339 antea
1220 1288 1707 1355 repugnaverant,
1736 1283 1993 1337 inﬁnitas

353 1370 633 1443 pecunias
662 1370 995 1443 imperatori
1028 1388 1131 1442 pro
1162 1372 1349 1443 gratia
1377 1373 1504 1443 ejus
1526 1372 1881 1426 deferebant.
1914 1372 1995 1425 Ex

354 1456 452 1513 his
478 1474 616 1529 ergo
645 1463 702 1513 et
730 1474 799 1513 ex
820 1458 949 1513 aliis
976 1476 1123 1530 quas
1154 1464 1322 1515 antea
1342 1466 1399 1515 et
1420 1465 1618 1531 postea
1646 1474 1995 1531 quacunque

354 1545 691 1601 conditione
706 1546 1076 1618 acquisierat,
1096 1546 1435 1602 deliberavit
1454 1548 1711 1603 decimas
1734 1546 1857 1602 dari
1879 1563 1995 1603 mo-

357 1633 631 1689 nasteriis
660 1633 720 1687 in
766 1633 1193 1705 eleemosynam
1241 1639 1359 1690 tam
1408 1652 1509 1705 per
1557 1634 1781 1689 Italiam
1815 1650 1991 1705 quam

356 1721 798 1779 Theutonicam.
834 1722 947 1778 Hac
978 1723 1047 1777 de
1077 1739 1249 1777 causa
1277 1722 1452 1777 etiam
1476 1722 1643 1777 nobis
1662 1727 1800 1777 tunc
1822 1722 1991 1793 quin-

360 1825 474 1880 que
496 1826 720 1865 marcas
740 1811 965 1865 direxit.
997 1810 1215 1865 Dehinc
1238 1811 1519 1881 paulatim
1546 1812 1617 1866 de
1643 1811 1735 1865 die
1756 1810 1813 1865 in
1835 1811 1992 1865 diem

354 1896 657 1954 basilicam
686 1902 741 1951 S.
771 1898 1028 1969 Gregorii
1050 1899 1397 1953 exstruendo
1420 1899 1785 1966 reformatur,
1809 1899 1990 1955 Wezi-

355 1986 505 2041 done
535 1985 787 2056 quodam
818 1986 888 2039 de
917 1985 1251 2041 Constantia
1279 2002 1349 2041 ex
1379 1986 1586 2042 clerico
1608 1987 1831 2057 opifice.

426 2074 531 2128 Per
560 2073 714 2127 idem
745 2078 979 2143 tempus
1010 2074 1333 2129 resolutum
1365 2079 1455 2130 est
1478 2074 1815 2146 praediolum
1838 2076 1991 2146 apud

353 2160 826 2232 Liutprehtisruti
847 2162 994 2232 (983)
1015 2178 1114 2216 sex
1132 2161 1389 2225 talentis,
1412 2163 1565 2233 quod
1589 2163 1828 2217 dederat
1849 2163 1996 2218 Ruo-

351 2248 589 2321 digerus
621 2265 753 2304 cum
778 2265 957 2304 manu
981 2248 1083 2303 filii
1105 2250 1195 2304 sui
1220 2249 1555 2321 Egilwardi,
1581 2256 1638 2305 et
1658 2250 1877 2305 domini
1902 2251 1991 2305 sui

347 2336 597 2395 Conradi
627 2336 887 2393 advocati
919 2338 989 2393 de
1017 2339 1230 2393 Sancto
1261 2342 1478 2393 monte.

1097 2429 1126 2495 §
1162 2428 1253 2481 IV.

425 2515 638 2570 Eodem
659 2530 833 2578 anno,
856 2514 966 2570 hoc
986 2520 1075 2569 est
1095 2530 1309 2581 manu,
1333 2515 1650 2585 imperator
1668 2513 1994 2570 Fridericus

354 2604 586 2659 rediens
614 2604 686 2658 de
713 2603 1093 2658 subversione
1125 2602 1570 2658 Mediolaneusis
1600 2602 1874 2668 civitatis,
1895 2603 1995 2658 ha-

350 2690 479 2747 buit
507 2690 867 2762 colloquium
899 2692 1051 2763 apud
1091 2691 1382 2745 civitatem
1416 2709 1542 2763 quae
1585 2697 1822 2748 vocatur
1849 2692 1995 2748 Tula

350 2779 520 2851 (984),
540 2780 680 2835 item
704 2779 860 2835 aliud
884 2778 1082 2846 Ulmze,
1108 2780 1343 2835 tertium
1369 2797 1601 2852 quoque
1622 2780 1990 2837 Constantia.

353 2870 634 2940 Tuncque
656 2870 867 2923 iterum
892 2870 1059 2924 nobis
1084 2869 1242 2923 dedit
1265 2869 1521 2941 quinque
1544 2869 1724 2925 libras
1745 2870 1991 2941 argenti.

352 2950 511 3010 Alias
542 2972 774 3027 quoque
804 2955 1061 3027 quinque
1090 2957 1252 3011 dedit
1273 2957 1440 3011 nobis
1462 2957 1767 3011 Heinricus
1786 2958 1904 3012 dux
1923 2959 1994 3013 de

352 3044 627 3111 Saxonia,
661 3044 759 3115 qui
789 3048 847 3099 et
874 3048 1012 3099 tunc
1033 3061 1093 3099 se
1115 3046 1406 3117 separavit
1426 3046 1497 3099 ab
1522 3061 1695 3100 uxore
1718 3062 1843 3101 sua.
1865 3046 1995 3116 Ipso

363 3147 515 3187 anno
545 3131 706 3187 dedit
736 3132 900 3188 nobis
930 3134 1232 3189 Heinricus
1262 3135 1333 3189 de
1364 3133 1622 3189 Niwiron
1654 3133 1994 3206 praediolum

364 3222 517 3294 quod
549 3221 756 3276 habuit
780 3223 933 3293 apud
964 3225 1182 3277 Mose...

1110 3313 1137 3377 §
1179 3310 1242 3364 v.

520 3398 822 3453 Conradus
879 3399 1059 3453 abbas
1116 3400 1353 3454 fratrem
1404 3415 1576 3453 suum
1618 3400 1689 3454 de
1719 3399 1988 3455 Vrisberc

349 3486 495 3559 (985)
527 3488 912 3553 subtraxerat,
946 3488 1039 3541 ubi
1072 3487 1346 3559 primitus
1371 3488 1638 3543 habitum
1669 3492 1989 3546 commuta-

346 3579 523 3644 verat,
556 3580 611 3631 et
642 3577 713 3629 ob
736 3575 859 3633 haec
889 3580 1062 3647 atque
1108 3582 1343 3650 propter
1370 3577 1515 3632 alias
1553 3594 1733 3632 noxas
1765 3579 1985 3649 ejectus

347 3668 437 3719 est
465 3664 536 3719 de
567 3663 845 3735 prioratu,
880 3682 945 3719 ac
981 3682 1113 3720 cum
1160 3672 1359 3737 postea
1409 3667 1594 3722 factus
1622 3672 1777 3723 esset
1802 3668 1985 3724 abbas

345 3750 500 3823 apud
535 3750 894 3822 Fischinum,
927 3758 1060 3826 post
1102 3755 1256 3810 389
1305 3755 1603 3809 modicum
1646 3754 1820 3810 etiam
1848 3756 1986 3810 inde

2101 668 2209 731 est,
2231 680 2300 719 ac
2320 668 2611 736 postremo
2629 664 2783 736 apud
2806 662 3165 737 Brigantium
3189 661 3372 719 abbas
3391 658 3740 716 constth

2100 756 2257 807 est...

2846 856 2876 930 §
2905 856 2998 913 v1.

2172 977 2496 1044 Antequam
2519 973 2705 1028 factus
2726 975 2878 1029 esset
2899 971 3198 1029 Conradus
3215 969 3416 1037 abbas,
3436 985 3621 1027 manu
3641 984 3744 1029 sua

2102 1061 2339 1133 scripsit
2354 1061 2711 1117 Hexameron
2734 1058 3047 1126 Ambrosii,
3072 1064 3244 1131 atque
3267 1075 3409 1115 auro
3431 1063 3489 1114 et
3506 1060 3742 1131 argento

2103 1150 2329 1222 operuit
2358 1148 2664 1204 brachium
2721 1152 2775 1202 S.
2832 1146 3086 1219 Philippi
3117 1145 3388 1219 apostoli.
3423 1146 3739 1218 Postquam

2100 1243 2295 1293 autem
2325 1238 2511 1293 factus
2542 1242 2632 1292 est
2652 1236 2853 1303 abbas,
2876 1235 3064 1292 multa
3093 1234 3369 1307 praeclara
3393 1250 3571 1307 opera
3593 1234 3743 1302 fecit,

2102 1343 2228 1398 quae
2260 1330 2453 1383 tamen
2483 1325 2636 1398 ignis
2658 1325 3041 1395 consumpsit.
3075 1325 3284 1381 Postea
3306 1328 3503 1379 tamen
3537 1322 3749 1385 institit

2102 1414 2601 1486 quantumjpotuit
2645 1430 2747 1486 pro
2793 1412 3192 1471 restaurandis
3241 1411 3504 1469 adificiis
3535 1415 3595 1467 et
3623 1410 3747 1469 aliis

2104 1501 2471 1559 utensilibus.
2502 1500 2711 1574 Aliqua
2739 1518 2971 1573 quoque
2992 1499 3263 1572 praediola
3287 1500 3442 1571 apud
3473 1497 3748 1559 Niuheim

2103 1590 2386 1647 alibertis
2426 1590 2751 1645 tributariis
2811 1588 3189 1661 comparavit,
3248 1605 3316 1643 ex
3372 1587 3594 1660 quibus
3620 1589 3748 1651 ,tam

2104 1695 2276 1734 suum
2309 1695 2485 1750 quam
2516 1677 2960 1749 praedecessoris
2989 1675 3083 1731 sui
3120 1674 3463 1732 Theodorici
3493 1673 3748 1741 abbatis,

2102 1765 2193 1821 sui
2227 1766 2452 1838 nepotis
2500 1766 2667 1837 (986),
2717 1765 3179 1825 anniversarium
3223 1762 3500 1820 celebrari
3526 1761 3750 1820 consti-

2102 1854 2216 1909 tuit
2239 1848 2409 1911 z'etin
2434 1870 2538 1910 suo
2562 1853 2797 1925 quidem
2832 1851 3251 1920 anniversario,
3271 1851 3374 1923 qui
3390 1858 3556 1907 est...
3582 1848 3750 1922 (.987),

2020 1942 2070 2007 Β
2099 1943 2299 1997 decem
2330 1941 2567 2009 solidos,
2600 1941 2659 1995 in
2691 1941 2917 2013 nepotis
2947 1957 3080 1996 vero
3110 1940 3203 1996 sui
3237 1944 3356 1997 tres
3384 1937 3630 2001 ,solidos
3660 1953 3751 1993 ex-

2103 2032 2272 2104 pendi
2308 2031 2578 2087 decrevit.
2611 2030 2730 2085 Sub
2779 2031 2908 2101 ejus
2959 2033 3219 2101 tempore
3249 2032 3305 2084 et
3335 2026 3556 2091 auxilio
3588 2041 3752 2083 reno-

2101 2126 2242 2176 vata
2269 2124 2406 2175 sunt
2433 2118 2687 2175 ecclesiae
2710 2123 2767 2173 et
2787 2117 3085 2184 dedicatae,
3108 2121 3165 2173 et
3184 2116 3437 2172 oratoria
3466 2114 3756 2181 aedificata

2102 2207 2257 2280 apud
2287 2206 2643 2279 Eychstettin
2666 2210 2722 2261 et
2745 2206 2898 2276 apud
2922 2203 3238 2277 Epﬁndorf,
3262 2204 3413 2276 apud
3439 2203 3755 2269 Obirwanv

2101 2294 2199 2369 gin
2232 2310 2461 2367 quoque
2491 2297 2547 2349 et
2571 2293 2724 2365 apud
2758 2292 3163 2357 Miminbusin,
3196 2291 3296 2357 sed
3331 2295 3386 2347 et
3415 2292 3581 2362 apud
3611 2290 3757 2346 Neu-

2100 2383 2256 2439 heim
2289 2386 2345 2438 et
2372 2382 2524 2454 apud
2567 2381 2833 2437 Rinhart.
2887 2380 3012 2436 Duo
3061 2396 3293 2453 quoque
3340 2378 3659 2437 thuribula
3688 2379 3751 2436 de

2100 2470 2432 2528 aurichalco
2464 2474 2520 2525 et
2549 2469 2775 2542 aliquos
2805 2468 3056 2536 codices,
3095 2469 3195 2524 sed
3240 2472 3296 2523 et
3345 2465 3665 2523 aediculam
3697 2466 3750 2525 in

2102 2560 2437 2615 novissimis
2467 2559 2537 2614 ad
2570 2559 2934 2631 reponendus
2967 2557 3149 2613 libros
3182 2554 3446 2629 patravit.

2827 2673 2858 2745 §
2897 2673 3019 2727 vn.

2168 2783 2333 2836 Anno
2364 2779 2544 2853 igitur
2571 2780 2642 2835 ab
2678 2780 2962 2835 Incarnat.
2981 2778 3148 2833 Dom.
3172 2793 3404 2844 mccxw,
3430 2778 3752 2835 mensem-

2099 2869 2218 2937 nio,
2252 2869 2423 2939 cmpit
2450 2869 2631 2922 abbas
2663 2867 2962 2921 Conradus
3010 2865 3315 2931 inﬁrmari,
3371 2871 3431 2920 et
3470 2881 3618 2922 eum
3648 2880 3751 2922 nec

2101 2957 2365 3012 adhibita
2392 2956 2700 3023 medicina,
2724 2971 2830 3011 nec
2845 2954 3041 3026 aliqua
3057 2971 3235 3010 causa
3254 2954 3304 3009 si
3324 2953 3599 3017 adhibita
3619 2971 3750 3028 pos-

2102 3050 2191 3101 set
2214 3047 2578 3117 proﬁcere,et
2590 3046 2978 3115 jnu‘ujamque,
2996 3043 3263 3115 quamvis
3284 3043 3750 3117 invitus,c<npis-

2104 3139 2192 3189 set
2211 3134 2535 3204 desperare,
2551 3133 2710 3188 dedit
2729 3131 2899 3187 nobis
2918 3148 3098 3187 unam
3114 3130 3329 3187 stolam
3346 3131 3494 3187 satis
3504 3132 3749 3204 bonum,

2104 3227 2161 3278 et
2179 3223 2425 3278 redemit
2444 3238 2627 3276 unum
2649 3225 3009 3293 gemmatum
3028 3225 3092 3275 et
3110 3221 3458 3281 (inauratum
3479 3220 3747 3292 calicem,

2025 3305 2068 3371 C
2105 3327 2279 3382 quem
2291 3310 2429 3365 olim
2441 3310 2796 3365 vendiderat.
2810 3309 3745 3383 Advocavitquoqueepiscopum,

2095 3400 2189 3455 cui
2222 3399 2526 3454 familiaris
2556 3398 2765 3466 fuerat,
2807 3403 2865 3452 et
2911 3396 3057 3455 alios
3088 3413 3353 3469 quosque
3382 3398 3664 3468 optimos,
3696 3402 3750 3455 et

2095 3505 2230 3544 cum
2262 3490 2368 3555 eis,
2400 3492 2464 3542 ut
2492 3488 2683 3554 credo,
2716 3502 2954 3541 causam
2999 3501 3167 3541 suam
3211 3490 3483 3542 accurate
3512 3486 3747 3545 locutus

2094 3582 2181 3634 est
2198 3596 2211 3645 ;
2228 3582 2283 3632 et
2297 3576 2567 3649 migravit
2583 3592 2736 3630 anno
2752 3573 3143 3630 ordinationis
3160 3574 3455 3630 tricesimo
3465 3576 3744 3648 septimo,

2092 3666 2185 3721 die
2216 3683 2269 3722 ιν
2300 3666 2424 3720 Kal.
2457 3664 2620 3734 Julii,
2653 3669 2711 3719 et
2738 3664 2867 3734 ipso
2898 3662 2992 3719 die
3023 3662 3340 3725 honoriﬁce
3362 3664 3749 3735 sepultusest

2083 3756 2254 3825 juxta
2281 3754 2498 3809 ostium
2531 3752 2784 3808 basilica;
2814 3752 2875 3808 in
2907 3750 3235 3809 claustro...
3265 3753 3453 3823 (988).

1326 3878 1733 3972 INCIPIT
1794 3882 2104 3968 LIBER
2167 3878 2751 3967 SEPTIMUS.

1108 4004 1217 4071 §l.

411 4092 565 4148 890
592 4092 755 4147 Anno
787 4094 857 4148 ab
908 4092 1315 4148 Incarnatione
1365 4090 1597 4146 Domini
1628 4106 1855 4157 ucaxw,
1889 4092 1982 4148 die

339 4179 659 4247 Dominico,
692 4180 748 4235 id
780 4186 869 4237 est
902 4181 964 4236 Η
999 4179 1122 4236 Kal.
1172 4179 1323 4234 Junii
1373 4179 1543 4248 (989),
1590 4185 1984 4236 convenerunt

410 4302 555 4371 (982)
586 4303 713 4360 Vid.
749 4303 1071 4360 Radevicus
1094 4303 1163 4357 de
1184 4302 1365 4373 gestis
1390 4301 1660 4357 Friderici
1683 4301 1824 4375 imp.
1849 4302 1978 4371 1.11,

336 4391 388 4518 ὲ.
405 4374 1097 4518 (ῗὲἒῗἙῖδθῐ-ᾳῑετθυὶδβ
1122 4443 1181 4498 in
1213 4443 1468 4518 capitulo
1493 4443 1787 4518 Lintzgeu,
1806 4461 1844 4518 _a
1863 4461 1978 4516 quo

334 4514 457 4571 loco
488 4518 628 4572 adeo
657 4514 871 4573 nobilis
903 4515 1123 4569 familia
1160 4531 1369 4570 nomen
1420 4514 1697 4571 habuisse
1729 4514 1974 4570 videtur.

405 4588 551 4657 (934)
584 4589 753 4643 Teste
785 4588 993 4642 Ottone
1026 4586 1403 4656 Frisingensi,
1436 4586 1477 4640 Ι.
1513 4604 1572 4647 ιι,
1597 4604 1645 4640 c.
1669 4588 1760 4656 26,
1785 4587 1975 4641 Fride-

2090 4002 2297 4059 fratres
2327 4001 2737 4067 communiter,
2759 4004 2818 4055 et
2835 3999 3020 4056 libera
3038 3998 3341 4068 electione,
3363 3997 3529 4067 nullo
3544 3998 3744 4067 alieno

2088 4090 2145 4145 in
2156 4094 2492 4157 teressente,
2513 4089 2815 4161 elegerunt
2829 4088 3237 4146 Gebehardum
3251 4087 3740 4155 virumidonsum

2089 4182 2145 4234 et
2172 4178 2764 4250 irreprehensibilem,
2788 4182 2845 4232 et
2865 4177 3300 4233 constituerunt
3320 4176 3436 4232 sibi
3466 4177 3739 4239 abbatum

2087 4302 2210 4358 erui
2234 4301 2471 4374 nequit;
2505 4302 2563 4356 in
2592 4306 2797 4357 neutro
2824 4301 2985 4374 enim
3017 4299 3279 4356 ccenobio
3310 4299 3405 4355 hic
3436 4301 3736 4374 assignato

2088 4372 2464 4443 cognomines
2486 4374 2722 4428 abbates
2745 4374 2900 4428 circa
2918 4372 3041 4429 haec
3052 4376 3325 4443 tempora
3338 4372 3732 4443 reperiuntur.

2200 4390 2464 4429 nomines
2486 4390 2722 4428 aonates
2745 4390 2900 4428 circa
2919 4390 3041 4429 naso
3052 4390 3325 4443 tempora
3338 4390 3732 4443 reponuntur.

2158 4390 2306 4516 E986)
2339 4445 2414 4499 De
2438 4445 2543 4499 hac
2565 4443 3069 4516 consanguinitate
3091 4443 3327 4498 aliunde
3345 4460 3461 4516 non
3484 4448 3732 4500 constat.

2084 4514 2442 4588 Theoderico
2464 4520 2690 4588 patrem
2714 4514 2894 4570 fuisse
2910 4516 3211 4588 Cunonem
3233 4514 3533 4588 comitem,
3558 4532 3734 4588 supra

2086 4587 2186 4642 lib.
2216 4604 2299 4653 ιιι,
2331 4590 2358 4655 §
2390 4588 2441 4647 4,
2461 4584 3031 4653 vidimus,incertum
3056 4586 3225 4655 cujus
3248 4584 3505 4652 familiae,
3531 4584 3732 4658 quam-

332 4649 489 4730 ricus
518 4649 659 4730 imp.
694 4660 764 4713 ab
795 4659 1157 4729 expeditione
1184 4649 1514 4729 italicaper
1546 4649 1887 4730 Tridentum
1916 4662 1976 4713 et
2008 4649 2052 4713 D
2082 4659 2167 4713 vis
2198 4649 2509 4713 Buce'linus
2541 4658 2597 4711 in
2629 4649 2898 4713 Chronol.
2921 4649 3221 4730 Constant.
3245 4658 3316 4730 ad
3341 4673 3435 4711 an.
3469 4649 3602 4713 {iii
3629 4662 3733 4730 ΚΥ-

330 4727 653 4799 Bajoariafn
686 4727 953 4785 rediit‘in
1006 4727 1428 4795 Germaniam,‘
1452 4735 1515 4783 ut
1563 4731 1704 4784 adeo
1736 4727 1881 4783 Tula
1914 4730 1972 4783 in

329 4798 446 4854 illis
471 4801 733 4872 partibus
756 4801 1065 4872 quaerenda
1083 4802 1176 4856 sit.
1194 4800 1437 4856 Videtur
1452 4806 1648 4855 autem
1670 4816 1799 4872 esse
1819 4799 1972 4854 Tuln

329 4887 429 4952 seu
475 4871 659 4952 iIjulna
703 4871 998 4952 inferioris
1050 4873 1295 4952 Austrize
1326 4871 1763 4952 oppidum,ubi
1795 4872 1971 4952 etiam

328 4941 461 4997 Otto
495 4942 539 4998 ΙΙ
573 4960 667 4997 an.
700 4947 804 4999 983
831 4947 1180 4998 conventum
1206 4941 1624 4998 babuit..luxta
1644 4942 1969 4997 Chronicon

327 5011 732 5084 Urspengeuse
789 5020 845 5069 et
900 5013 1300 5084 Weingartese
1356 5014 1543 5083 (Hsss.
1590 5014 1711 5069 Μοη
1744 5012 1965 5084 Guelph.

326 5100 384 5155 p.
420 5082 507 5152 4'9)
558 5082 913 5164 colloquium
959 5082 1397 5164 Constantiense
1441 5085 1596 5167 circa
1644 5082 1878 5140 festum'

325 5153 638 5209 Clementis
666 5155 736 5207 23
765 5155 899 5208 Nov.
933 5153 1042 5207 fuit
1073 5154 1357 5210 habitum.
1390 5155 1489 5209 ubi
1522 5156 1737 5210 factum
1765 5159 1851 5210 est
1881 5156 1967 5209 d1-

326 5186 638 5209 υιῠωῦυιιο
669 5186 736 5207 au
768 5186 899 5208 μυν.
937 5186 1042 5207 ιυιια
1073 5186 1357 5221 ιιαυιιυιιι,
1393 5186 1489 5209 υυι
1523 5186 1737 5210 ιαυιυιιι
1765 5186 1851 5210 σοι
1881 5186 1963 5209 υι·

324 5223 577 5279 vortium
612 5223 839 5294 Henrici
879 5223 1097 5288 Leonis,
1134 5225 1383 5278 Bavariie
1414 5229 1470 5278 et
1496 5226 1753 5278 Saxonis:
1776 5226 1963 5294 ducis,

325 5312 360 5351 a
379 5293 715 5365 Clementia,
738 5294 982 5349 Conradi
1003 5294 1374 5365 Zaringensis
1393 5295 1561 5365 ducis
1583 5295 1720 5358 filia,
1743 5298 1814 5351 ob
1838 5293 1968 5353 san?

325 5364 524 5439 guinis
585 5366 1074 5439 prepinquitstem
1124 5364 1341 5437 (Origin
1397 5364 1614 5434 Guelﬁc.
1675 5370 1815 5422 tom.
1866 5368 1963 5432 III,

326 5437 807 5580 pa(%8g?%)irletur
836 5507 931 5561 hic
983 5503 1227 5558 indicari
1263 5503 1589 5558 coenobium
1625 5506 1928 5631 Friensper

326 5595 427 5631 seu
459 5583 683 5631 Aurora
713 5580 835 5631 0rd.
870 5578 1129 5631 (sistere,
1166 5575 1219 5627 in
1254 5576 1469 5628 (litione
1496 5574 1766 5631 Bernensi
1802 5583 1814 5631 ί
1852 5580 1928 5631 ἀΙι

324 5574 427 5634 seu
459 5574 683 5633 Aurora
713 5580 835 5633 0rd.
870 5578 1129 5648 Cistetyn,
1166 5575 1219 5627 in
1254 5576 1469 5628 (litione
1496 5574 1766 5648 Bernensi
1802 5574 1961 5648 (Gali.

325 5650 523 5730 .Ctrisi-
555 5656 704 5730 tom;
731 5649 959 5730 Varus-
993 5646 1157 5710 “33W
1193 5662 1307 5715 ειυο
1333 5662 1462 5699 νετο
1489 5646 1718 5730 ιδρηλίτιεδ
1748 5646 1967 5730 tenent

325 5717 436 5778 iste
464 5721 707 5778 Conradi
732 5716 961 5778 abbatis
994 5732 1331 5789 germanus,
1366 5731 1433 5771 ex
1463 5717 1559 5772 cit.
1586 5716 1730 5772 Gall.
1755 5719 1963 5776 Christ.

2082 4731 2432 4800 burgensom
2466 4730 2741 4800 assignet.
2784 4727 3307 4800 Conradi_abbatis
3354 4733 3525 4799 pater
3552 4727 3730 4786 Hesso

2080 4798 2321 4855 vocatur
2346 4799 2405 4853 in
2438 4798 2774 4869 Necrologio
2803 4800 2863 4854 2|
2903 4798 3091 4871 April.

2150 4872 2297 4942 (987)
2318 4872 2395 4925 Ex
2417 4871 2636 4925 omisso
2659 4868 2752 4925 hic
2770 4868 3291 4940 obitus'die,supra
3309 4868 3371 4923 in
3392 4869 3728 4942 praefatione

2081 4940 2424 5014 scriptarem
2453 4947 2585 5014 ante
2614 4942 2945 4998 Conradum
2973 4942 3090 5014 vita
3118 4942 3385 5014 functum
3420 4940 3727 5014 conjectati

2081 4957 2424 5014 scriptorem
2453 4957 2585 4996 ante
2614 4957 2945 4998 uonrauum
2973 4957 3090 4997 Vita
3118 4957 3385 4996 iunctum
3420 4957 3724 5068 confectam

2079 5030 2307 5068 sumus.
2342 5012 2715 5084 Supplendus
2746 5019 2939 5068 autem
2973 5012 3065 5084 hic
3096 5018 3186 5084 est
3211 5012 3336 5067 dies
3363 5029 3417 5084 I_v
3440 5013 3522 5073 Ka
3553 5056 3565 5068 .
3587 5011 3724 5081 Jul.,

2077 5089 2249 5157 prout
2280 5082 2605 5157 moxginfra,
2637 5089 2693 5138 et
2712 5084 2776 5157 in
2808 5082 3620 5157 Necrologioﬂetershusanp.

2147 5156 2294 5236 (988)
2327 5155 2545 5236 Exinde
2577 5156 2956 5236 corrigehndus
2998 5154 3087 5236 est
3116 5154 3399 5236 abbatum
3431 5154 3722 5236 catalogus

2076 5227 2229 5300 apud
2256 5226 2631 5300 Bruschium,
2655 5226 2754 5297 qui
2778 5226 3153 5282 Gebhardum
3178 5227 3301 5300 jam
3333 5226 3720 5284 an.v4059.ib-

2076 5298 2269 5352 hatem
2304 5298 2529 5352 statuit.

2144 5368 2293 5437 (989)
2326 5374 2456 5423 Haec
2486 5367 2765 5439 temporis
2796 5372 2941 5439 nota
2961 5366 3130 5439 fallit,
3156 5381 3345 5439 neque
3392 5367 3552 5424 enim
3600 5367 3719 5425 dies

2074 5436 2299 5494 48’Jun.
2332 5440 2390 5493 in
2428 5436 2784 5493 Dominicam
2834 5438 3128 5510 incidebat
3174 5436 3283 5493 hoc
3327 5454 3505 5510 anno,
3537 5453 3718 5510 neque

2075 5510 2375 5590 Coqrudus
2396 5514 2521 5590 tum
2539 5510 2659 5590 jam
2681 5510 2927 5590 obierat.
2952 5509 3113 5565 Unde
3139 5509 3477 5590 ponendum
3496 5508 3720 5590 videtur

2074 5596 2136 5633 ιη
2170 5581 2313 5635 Non.
2349 5596 2449 5635 seu
2479 5582 2514 5634 5
2545 5581 2666 5635 dies
2697 5581 2856 5649 Julii,
2893 5598 3019 5649 quae
3052 5579 3225 5636 unica
3262 5579 3376 5636 fuit
3423 5581 3717 5638 Dominica

2074 5668 2107 5704 a
2129 5656 2311 5724 morte
2337 5651 2580 5724 Conradi
2634 5669 2817 5724 usque
2868 5650 2936 5709 ad
2970 5670 3023 5709 x1
3054 5650 3217 5719 Julii,
3270 5667 3386 5722 qua
3417 5652 3715 5711 ordinatus

2074 5728 2162 5778 est
2192 5721 2591 5780 Gebehardus.
