3880 6344
107 465 224 537 ιθῊ

958 463 1403 530 ΟΗΒΟΝῙΟΟΝ
1443 460 2159 531 PETERSHUSANUM.
2192 500 2271 515 -
2299 467 2446 533 LIB.
2491 466 2625 535 VII.

3350 467 3477 536 'm

116 596 372 664 mesico
389 594 809 673 etregular'rter
822 613 958 656 cum
984 614 1199 673 magna
1251 599 1536 656 libertate.
1599 599 1734 672 Epi-
1764 599 1821 665 Α
1849 615 1916 655 ex
1942 601 2167 673 integro
2189 604 2485 676 reciperet.
2520 604 2650 661 Haec
2680 601 2879 660 omnia
2907 602 3114 661 tandiu
3143 604 3482 679 importuna

121 706 559 767 scopusquoque
582 690 980 746 Heremannus
993 690 1281 745 ordinavit
1300 706 1434 745 eum
1448 706 1579 745 cum
1604 706 1731 746 ma-

116 784 261 842 ximo
281 781 494 838 honore
515 779 575 835 in
587 778 989 835 Translatione
1011 779 1391 846 S.Benedicti,
1407 779 1734 834 astantibus

122 875 171 929 et
195 868 510 928 faventibus
538 884 672 923 cum
704 868 862 923 omni
888 867 1185 922 alacritate
1244 867 1515 923 omnibus
1561 884 1732 922 cano-

110 960 253 1018 ‘nicis
270 959 568 1015 Constant.
598 956 853 1012 ecclesias
880 973 1011 1011 cum
1048 956 1232 1011 multa
1263 956 1461 1027 plebe.
1497 957 1735 1010 Factum

122 1053 201 1105 est
218 1064 343 1120 ergo
365 1062 643 1118 magnum
665 1045 968 1117 gaudium,
991 1045 1117 1100 laus
1143 1050 1197 1099 et
1215 1045 1537 1117 tripudium
1556 1046 1612 1098 in
1635 1044 1737 1099 illa

122 1138 204 1193 die
232 1137 296 1192 de
322 1133 417 1190 tali
451 1150 740 1189 consensu
772 1134 1039 1198 fratrum,
1076 1133 1214 1204 quia
1244 1149 1311 1187 eo
1368 1138 1627 1203 tempore
1677 1133 1735 1185 in

123 1225 240 1283 aliis
267 1223 633 1279 monasteriis
664 1240 877 1294 magna
898 1222 1239 1294 disceptatio
1272 1223 1738 1293 interplerosque

122 1313 478 1371 versabatur:
513 1316 570 1366 et
598 1310 728 1366 ideo
761 1327 1112 1382 magnopere
1146 1311 1313 1365 nobis
1372 1310 1735 1380 congratula-

122 1403 334 1466 bantur,
367 1400 521 1471 quod
554 1398 751 1454 nullus
775 1401 1012 1455 omnino
1032 1415 1096 1453 ex
1121 1398 1285 1453 nobis
1301 1415 1401 1453 nec
1428 1400 1613 1469 major
1634 1415 1737 1453 nec

122 1491 296 1547 minor
324 1506 357 1544 a
384 1488 607 1543 ceteris
633 1488 1025 1559 discrepabat.

874 1603 977 1671 §II

182 1711 428 1769 Annoab
462 1710 746 1766 incarnat.
770 1710 939 1766 Dom.
961 1727 1180 1766 meum
1209 1710 1553 1781 Rudulphus
1612 1727 1739 1765 mo-

118 1800 327 1859 mlius
349 1805 547 1863 noster
562 1800 864 1871 presbyter
893 1816 960 1853 ex
990 1798 1295 1855 collatione
1329 1800 1587 1854 fidelium
1634 1817 1739 1854 suo

123 1894 310 1962 rogatu
341 1887 774 1960 aliquantulum
809 1889 1062 1959 pecunim
1096 1889 1163 1941 ad
1225 1906 1371 1959 opus
1403 1888 1736 1943 monasterii

114 1976 368 2049 contulit,
398 1982 460 2033 et
483 1978 660 2033 etiam
683 1977 983 2033 brachium
1010 1978 1186 2032 unius
1210 1978 1411 2031 militis
1434 1995 1501 2032 ex
1522 1976 1742 2045 legione
1773 1967 1819 2032 Β

121 2066 484 2123 Thebanorum
510 2070 855 2137 martyrum,
880 2066 1169 2120 sociorum
1204 2072 1259 2119 S.
1292 2067 1564 2134 Mauritii,
1600 2082 1739 2121 auro

124 2160 173 2211 et
188 2160 417 2227 argento
440 2160 616 2227 atque
633 2154 925 2226 lapidibus
948 2155 1382 2211 decoravit.lioc
1400 2155 1594 2226 itaque
1615 2156 1741 2209 bra-

123 2242 299 2301 chium
323 2243 572 2301 contulit
601 2244 952 2299 manasterio
985 2249 1184 2298 nostro
1215 2244 1619 2299 Ileremannus
1647 2261 1740 2297 se-

124 2331 855 2403 niordeHirzisegge(990),
890 2332 1044 2403 quod
1080 2332 1317 2403 quidem
1370 2333 1491 2403 ipse
1542 2333 1740 2403 acqui-

125 2420 593 2494 sierataquodam
619 2420 925 2492 praeposito
952 2425 1087 2473 noto
1111 2420 1740 2489 sibiAgaunensisloci,

124 2511 338 2581 quando
361 2510 489 2582 ipse
521 2510 589 2564 de
614 2509 776 2563 Italia
806 2524 1052 2579 pergens
1076 2509 1346 2563 eumdem
1378 2508 1571 2563 locum
1624 2526 1745 2580 per-

122 2597 392 2656 transivit.
430 2597 622 2654 Isdem
654 2596 998 2668 Rudolphus
1027 2603 1168 2652 tunc
1190 2597 1468 2669 temporis
1502 2599 1744 2654 redemit

121 2685 279 2743 etiam
300 2686 539 2742 calicem
573 2688 815 2752 bonum,
850 2703 1023 2758 quem
1051 2688 1349 2741 Conradus
1402 2688 1583 2741 abbas
1617 2689 1741 2758 jam

120 2773 327 2831 dudum
356 2775 719 2831 vendiderat.

177 2865 336 2921 Anno
366 2882 579 2923 iucan
610 2863 909 2921 Conradus
942 2864 1123 2919 abbas
1181 2864 1510 2920 melioravit
1559 2870 1742 2923 rotam

121 2952 172 3008 S.
191 2951 467 3025 Gregorii,
496 2958 552 3008 et
584 2953 716 3009 Otto
747 2954 1043 3025 presbyter
1074 2955 1376 3010 brachium
1401 2955 1458 3009 S.
1493 2954 1742 3027 Philippi

123 3042 369 3114 apostoli,
395 3043 495 3098 ubi
528 3043 890 3097 confractum
920 3043 1125 3109 fuerat,
1160 3044 1525 3097 instauravit.

850 3158 995 3224 §III.

179 3266 283 3322 Nec
311 3268 501 3322 adhuc
532 3267 602 3321 de
635 3265 915 3321 memoria
963 3266 1155 3321 dilecti
1207 3267 1437 3321 abbatis
1494 3268 1741 3323 Conradi

1843 690 2202 747 exactioneet
2223 693 2565 749 multimoda
2596 693 2985 766 promissione
3026 694 3231 768 exegit,
3266 711 3482 767 quous-

1843 795 1954 850 que
1984 782 2387 851 supradictum
2420 784 2688 837 abbatem
2713 784 2824 838 sibi
2852 788 2908 838 et
2928 784 3135 838 fratres
3158 783 3485 840 consentire

1845 869 2154 939 persuasit,
2188 876 2245 925 et
2276 872 2472 925 decem
2505 872 2744 943 quidem
2806 871 3028 927 talenta
3088 888 3148 926 se
3205 873 3483 928 daturum

1844 958 2173 1027 spopondit,
2224 975 2540 1030 eorumque
2572 959 2840 1031 aliquam
2885 965 3110 1031 partem
3168 960 3349 1030 dedit,
3385 960 3489 1017 ali-

1843 1060 2019 1115 quam
2052 1063 2182 1101 vero
2214 1048 2401 1103 adhuc
2433 1048 2687 1113 retinuit,
2714 1050 3141 1120 possessionem
3163 1066 3296 1104 vero
3330 1050 3484 1121 apud

1844 1134 2285 1203 Rinisgimunde
2306 1138 2413 1190 sibi
2448 1138 2779 1207 contiguam
2816 1139 2871 1191 in
2904 1154 3071 1192 suam
3133 1143 3483 1209 potestatem

1844 1224 2345 1295 contraxit.Super
2374 1225 2465 1279 his
2496 1226 2768 1280 omnibus
2798 1243 2933 1296 ergo
2956 1226 3069 1281 tale
3110 1226 3482 1299 privilegium

1845 1312 2134 1365 conscribi
2170 1314 2319 1377 fecit,
2353 1314 2527 1384 idque
2559 1331 2663 1367 suo
2687 1314 2878 1385 sigillo
2910 1316 3257 1371 obfirmavit.

1920 1400 1980 1454 In
2014 1402 2247 1455 nomine
2279 1409 2489 1455 sancta:
2521 1403 2841 1468 Trinitatis,
2874 1404 3059 1459 Patris
3105 1404 3369 1461 videlicet
3424 1409 3484 1459 et

1849 1487 1976 1543 Filii
2010 1494 2063 1543 et
2095 1490 2346 1561 Spiritus
2379 1492 2584 1545 sancti.

1919 1578 2035 1647 Ego
2070 1579 2409 1650 Rudolphus
2441 1596 2635 1635 comes
2668 1581 2736 1635 de
2768 1579 3208 1635 Rammisberch
3282 1585 3485 1636 notum

1846 1664 1993 1721 facio
2026 1668 2300 1724 omnibus
2332 1668 2479 1723 scire
2511 1668 2862 1734 volentibus,
2922 1672 3039 1723 tam
3100 1669 3488 1740 praesentibus

1848 1770 2024 1825 quam
2058 1762 2111 1810 et
2144 1757 2371 1822 futuris,
2409 1756 2658 1835 qualiter
2685 1774 2811 1829 ego,
2845 1756 3276 1813 divinafavente
3298 1757 3490 1830 provi-

1847 1844 2061 1907 dentia,
2086 1847 2229 1917 coepi
2255 1863 2423 1917 agere
2454 1863 2590 1900 cum
2626 1846 3113 1901 abbateConrado
3136 1852 3193 1901 et
3210 1846 3489 1907 fratribus

1850 1932 2113 2002 ejusdem
2149 1934 2483 1989 monasterii
2517 1936 2574 1990 S.
2610 1935 3067 2007 Gregoriipapaa,
3094 1935 3250 2006 quod
3277 1936 3491 1990 dicitur

1851 2022 2239 2090 Petrishusin,
2294 2028 2359 2078 ut
2411 2024 2556 2079 mihi
2617 2026 2999 2078 concederent
3027 2022 3143 2078 tale
3201 2023 3484 2095 praedium

1852 2110 2021 2180 quale
2054 2111 2242 2165 visum
2277 2117 2363 2167 est
2396 2113 2548 2167 idem
2582 2112 3004 2167 monasterium
3037 2111 3251 2167 habere
3276 2106 3486 2167 inloco

1851 2199 2189 2269 quidicitur
2219 2202 2699 2272 Rinisgimunde;
2749 2202 2887 2271 quia
2942 2201 3143 2255 eadem
3194 2200 3487 2272 possessio

1853 2290 1993 2343 mihi
2019 2290 2207 2343 vicina
2237 2295 2326 2343 est
2356 2295 2409 2343 et
2441 2295 2768 2361 opportuna
2806 2290 2877 2343 ad
2911 2288 3120 2344 alenda
3151 2305 3377 2361 pecora,
3431 2294 3491 2344 et

1853 2378 2122 2433 homines
2152 2378 2262 2433 mei
2296 2396 2409 2433 non
2442 2377 2705 2432 valebant
2734 2379 2988 2433 devitarc
3021 2379 3163 2449 quin
3219 2384 3494 2433 nocerent

1853 2467 1940 2522 eis
1961 2484 1974 2533 ;
2002 2472 2058 2521 et
2088 2467 2193 2521 hoc
2209 2468 2353 2521 mihi
2375 2468 2561 2521 visum
2578 2473 2666 2521 est
2688 2466 2918 2532 melius,
2940 2471 3004 2521 ut
3024 2483 3128 2538 ego
3149 2466 3494 2538 Rudolphus

1858 2556 2053 2609 darem
2087 2556 2282 2610 abbati
2315 2556 2579 2611 Conrado
2600 2556 2752 2612 392
2784 2557 2854 2610 de
2886 2555 3249 2611 Petrishusin
3281 2560 3336 2611 et
3375 2556 3496 2612 fra-

1856 2645 2044 2699 tribus
2068 2646 2334 2715 ejusdem
2363 2645 2699 2700 monasterii
2750 2646 2948 2699 decem
2992 2643 3231 2709 talenta,
3280 2648 3337 2699 et
3381 2644 3492 2716 ipsi

1856 2732 1999 2787 mihi
2030 2734 2409 2787 concederent
2434 2734 2558 2803 jam
2578 2732 2797 2787 dictum
2818 2732 3100 2803 praedium
3123 2732 3277 2807 apud
3303 2732 3493 2788 Binis-

1854 2822 2133 2893 gimunde
2157 2822 2585 2888 ;eaconditione
2609 2826 2671 2877 ut
2688 2820 2900 2893 ipsi,ob
2921 2820 3260 2877 memoriam
3283 2824 3490 2879 etcon-

1853 2912 2245 2965 ﬁrmationem
2260 2911 2439 2981 hujus
2453 2911 2627 2982 pacti,
2644 2909 3107 2965 anniversarium
3125 2909 3329 2965 matris
3351 2926 3490 2966 mea:

1851 2999 2165 3054 Adelheide
2187 3017 2321 3054 cum
2340 3000 2618 3053 fratribus
2641 3000 2765 3054 suis
2788 3003 3142 3053 annotarent
3164 3003 3221 3053 et
3241 2998 3493 3055 celebra-

1855 3095 1999 3155 rent,
2025 3093 2081 3144 et
2113 3106 2216 3161 ego
2247 3090 2375 3161 ipsa
2404 3089 2495 3144 die
2524 3090 2593 3144 de
2615 3106 2743 3143 meo
2774 3088 3024 3143 facerem
3066 3087 3374 3160 propinare
3409 3088 3494 3142 vi-

1855 3196 1995 3234 num
2029 3180 2307 3235 fratribus
2338 3178 2587 3250 singulis
2640 3177 2833 3242 annis,
2879 3178 3070 3249 quoad
3122 3176 3394 3250 viverem,
3440 3186 3497 3233 et

1853 3268 1960 3321 hoc
1989 3285 2090 3338 pro
2113 3268 2331 3323 tributo
2358 3274 2413 3323 et
2458 3267 2739 3322 memoria
2790 3267 3093 3337 praesentis
3122 3265 3493 3321 conditionis.

121 3354 893 3425 conticescam,sedquzedam
911 3354 981 3409 de
1007 3356 1131 3424 ejus
1151 3355 1438 3409 industria
1453 3359 1742 3412 memorias
1772 3332 1815 3397 (ἶ
1856 3356 1988 3411 Post
2021 3358 2243 3411 obitum
2268 3363 2463 3411 autem
2500 3372 2695 3411 meum
2720 3354 2917 3409 nullus
2940 3353 3175 3409 omnino
3194 3354 3488 3409 heredum

118 3442 347 3499 tradam.
368 3444 504 3500 Erat
532 3444 688 3499 enim
720 3444 939 3515 peritus
976 3444 1223 3499 metricae
1258 3449 1315 3501 et
1336 3446 1482 3503 89]
1506 3448 1742 3503 musicae

121 3531 337 3600 artium,
360 3531 827 3605 optimiingenii,
854 3548 1059 3588 serena
1076 3548 1232 3599 voce,
1267 3533 1520 3588 aﬂ'abilis
1577 3534 1744 3590 collo—

118 3619 258 3689 quio,
291 3622 622 3677 veneranda
647 3620 879 3689 canitie,
916 3622 1217 3676 modestus
1252 3622 1511 3676 moribus
1542 3627 1597 3676 et
1618 3641 1741 3678 ver-

118 3705 214 3763 bis.
235 3708 415 3767 Multa
434 3710 819 3766 mdiﬁcaverat
833 3709 1107 3782 praeclara
1128 3726 1253 3781 qua:
1284 3710 1437 3783 ignis
1466 3728 1739 3769 consum-

116 3803 307 3866 pserat.

839 3890 866 3955 §
900 3890 989 3943 IV.

175 3975 246 4031 Eo
274 3979 537 4050 tempore
560 3976 916 4049 Budolphus
948 3993 1143 4034 comes
1180 3977 1252 4034 de
1299 3978 1737 4036 Rammisberch

114 4059 241 4130 (99!)
271 4065 412 4121 emit
441 4083 476 4122 a
496 4066 756 4121 Conrado
787 4066 857 4120 de
888 4067 1100 4121 Sancto
1151 4071 1347 4122 monte
1406 4067 1734 4135 castellum,

114 4151 248 4221 quod
270 4159 510 4211 vocatur
541 4154 815 4227 Rinegge,
850 4156 1005 4227 quod
1039 4154 1134 4210 ille
1166 4154 1449 4210 habuerat
1481 4156 1539 4211 in
1563 4157 1735 4213 bene-

108 4237 291 4299 ﬁcium
322 4260 356 4299 a
384 4244 814 4301 Constantiensi
849 4242 1122 4300 Ecclesia.
1158 4243 1422 4315 Cumque
1451 4244 1559 4300 hoc
1580 4246 1733 4302 idem

109 4328 396 4391 ρωωιιιιω
428 4330 728 4398 incoleret,
758 4332 957 4405 ibique
977 4336 1255 4400 maneret,
1278 4334 1548 4405 cognovit
1578 4336 1733 4406 quod

110 4421 514 4477 monasterium
537 4421 883 4493 S.Gregorii,
920 4422 1071 4492 quod
1100 4421 1459 4477 Petrishusin
1476 4428 1731 4491 vocatur,

109 4502 178 4560 ibi
205 4506 259 4563 in
290 4510 555 4582 proximo
580 4510 1008 4582 possessionem
1025 4510 1262 4565 haberet
1284 4528 1409 4582 quae
1432 4511 1541 4565 sibi
1570 4510 1733 4567 valde

108 4603 415 4667 opportuna
444 4602 636 4667 esset;
660 4603 716 4653 et
746 4598 921 4671 ccepit
959 4615 1127 4670 agere
1159 4616 1293 4655 cum
1327 4600 1535 4657 abbate
1581 4601 1732 4657 Con-

1855 3462 2115 3500 meorum
2132 3445 2595 3516 qualemcunque
2616 3447 2960 3515 potestatem
2975 3442 3185 3497 habeat
3205 3443 3261 3496 in
3286 3443 3487 3498 eadem

1854 3534 2238 3607 possessione,
2272 3534 2357 3591 vel
2382 3518 2439 3588 in
2470 3533 2744 3597 omnibus
2775 3546 2900 3604 qua:
2932 3534 3067 3585 tunc
3096 3529 3334 3585 inventa
3366 3531 3486 3586 fue-

1852 3624 1970 3678 rint
2002 3624 2058 3677 in
2087 3639 2173 3688 ea,
2208 3622 2397 3677 tamin
2415 3621 2737 3693 pecudibus
2766 3620 3020 3692 quamin
3044 3618 3174 3674 aliis
3198 3618 3487 3692 suppelle-

1851 3712 2085 3768 ctilibus
2105 3712 2191 3767 vel
2217 3713 2272 3766 in
2305 3711 2697 3783 qualicunque
2729 3708 3060 3765 substantia
3093 3726 3105 3776 ;
3156 3709 3257 3764 sed
3306 3710 3490 3766 abbas

1850 3800 1951 3871 qui
1966 3805 2101 3856 tunc
2122 3801 2297 3856 fuerit
2318 3800 2634 3872 praesidens
2661 3797 3014 3854 monasterio
3032 3797 3487 3867 Petrishusensi,

1847 3895 1903 3945 et
1924 3890 2130 3957 fratres
2154 3890 2417 3959 ejusdem
2439 3888 2571 3955 loci,
2592 3887 2903 3959 exintegro
2919 3890 3106 3949 totum
3124 3887 3347 3958 absque
3368 3887 3489 3943 ulla

1848 3977 2300 4034 contradictione
2324 3976 2687 4049 possideant,
2708 3992 2812 4048 pro
2830 3975 3087 4033 remedio
3110 3974 3316 4029 animae
3340 3990 3482 4031 mea:

1845 4072 1903 4122 et
1934 4067 2136 4123 matris
2167 4083 2305 4121 meae
2335 4071 2392 4121 et
2422 4066 2684 4119 omnium
2718 4068 3023 4135 parentum
3073 4079 3358 4120 meorum.
3417 4065 3487 4121 Et

1845 4154 2723 4227 egoRudolphustestamentum
2739 4152 2893 4207 istud
2913 4152 3199 4207 conscribi
3218 4153 3482 4226 praecepi;

1844 4260 1913 4299 ea
1944 4244 2166 4299 scilicet
2197 4244 2416 4298 ratione
2449 4248 2513 4297 ut
2542 4240 2738 4296 nullus
2756 4258 2819 4299 ex
2853 4240 3185 4297 heredibus
3207 4242 3356 4298 meis
3374 4242 3486 4299 hoc

1845 4333 2063 4389 factum
2097 4349 2291 4389 meum
2323 4332 2655 4404 infringere,
2688 4330 2775 4385 vel
2807 4330 3116 4402 praedictos
3168 4330 3379 4387 fratres
3424 4331 3482 4387 in

1844 4421 2057 4493 praedio
2079 4422 2191 4476 isto
2222 4420 2545 4493 inquietare
2573 4420 2782 4474 audeat
2811 4423 2942 4490 post
2989 4418 3212 4475 obitum
3263 4434 3480 4477 meum.

1843 4515 2053 4565 Actum
2086 4527 2237 4565 anno
2280 4511 2566 4564 Incarnat.
2595 4508 2760 4562 Dom.
2786 4524 3023 4575 mourn,
3056 4510 3336 4578 regnante
3358 4506 3480 4562 Fri-

1841 4599 2033 4656 derico
2064 4600 2435 4670 imperatore,
2458 4598 2814 4652 Ilerimanno
2837 4596 3135 4651 Constant.
3182 4595 3477 4668 episcopo,

106 4683 250 4755 rado,
274 4692 574 4759 quatenus
596 4688 798 4743 eadem
821 4687 1273 4759 possessio,quze
1288 4692 1525 4744 vocatur
1546 4688 1733 4744 Rinis-
1760 4699 1809 4763 Β
1840 4692 1951 4743 sub
1969 4687 2177 4745 abbate
2207 4686 2492 4742 Conrado.
2515 4690 2581 4743 Et
2602 4702 2706 4757 ego
2739 4684 3115 4743 Gebehardus
3176 4683 3483 4756 presbyter

102 4770 383 4844 gimunde,
417 4776 532 4832 sibi
564 4792 670 4849 pro
700 4776 950 4849 pecunia
974 4777 1389 4833 concederetur
1419 4793 1605 4849 usque
1656 4779 1726 4832 ad

104 4856 263 4918 ﬁnem
285 4864 417 4920 vita;
446 4882 591 4929 sue,
616 4869 681 4920 ut
711 4865 790 4920 ibi
824 4864 1055 4937 peculia
1082 4866 1367 4921 enutriret
1422 4870 1479 4922 et
1525 4866 1732 4922 exinde

103 4948 299 5017 pabula
312 4958 370 5010 et
400 4970 628 5026 pascua
640 4952 855 5011 habere
874 4954 1183 5026 potuisset,
1211 4958 1461 5026 postque
1479 4959 1726 5012 mortem

102 5031 270 5105 ipsius
299 5045 423 5097 tam
456 5041 650 5115 ipsam
674 5040 1129 5114 possessionem,
1161 5058 1342 5114 quam
1374 5043 1574 5099 omnia
1603 5060 1730 5115 qua:

101 5125 394 5193 tuncinibi
427 5128 852 5199 invenirentur,
885 5130 1103 5204 absque
1127 5129 1245 5187 ulla
1273 5131 1731 5189 contradictione

100 5312 302 5513 mg;
318 5315 898 5460 ἔδῗίοῖῒὶίιῖέόἱέιζί
918 5387 990 5443 de
1017 5387 1372 5459 Ramesberg
1384 5387 1534 5443 inter
1552 5390 1727 5444 testes

258 5458 437 5513 rinsit
457 5460 525 5513 in
546 5458 777 5513 nomine
807 5458 1127 5513 diplomate
1157 5458 1405 5513 Conradi
1452 5458 1525 5513 ΙΙΙ
1580 5458 1721 5513 imo.

168 5458 255 5513 bac
290 5458 302 5470 '
351 5458 540 5516 sitio;
583 5458 777 5515 emine
807 5458 1127 5530 diplomate
1157 5458 1405 5515 Conradi
1452 5458 1525 5515 ΙΙΙ
1580 5458 1721 5530 imp.

168 5566 181 5579 .
204 5473 347 5586 ’1-1Ἷὶι
375 5536 437 5586 et
460 5530 520 5585 11
539 5476 606 5586 £2
630 5531 789 5586 apud
819 5531 1091 5586 Herraott
1111 5535 1254 5585 tom.
1294 5532 1363 5586 II.
1380 5547 1511 5586 οδε.
1557 5532 1650 5585 ι65
1670 5535 1726 5585 et

100 5538 181 5579 an.
204 5528 338 5612 ’1-1ιί
375 5536 440 5613 et_
460 5528 606 5615 11
630 5531 789 5656 alpud
819 5528 1091 5658 Herrgott
1111 5535 1254 5585 tom.
1294 5532 1511 5603 II,pag.
1557 5532 1650 5585 ι65
1668 5528 1720 5585 et

100 5593 392 5683 ξϐδίιῒθω
426 5619 488 5657 in
515 5602 645 5683 alio
699 5603 933 5683 riderici
996 5617 1136 5683 ,_an.
1390 5608 1500 5683 etc.
1554 5602 1720 5673 Apud

96 5666 343 5747 Fannium
367 5691 429 5747 p.
458 5673 767 5747 1n,_lib.gv,
802 5690 855 5747 c.
876 5673 1033 5747 5,_ad
1059 5688 1155 5747 an.
1180 5673 1320 5728 1359
1378 5674 1570 5730 adhuc
1606 5666 1723 5729 ἠο-

96 5739 239 5800 titur
254 5739 422 5803 alitis
450 5739 813 5819 Budolphus
826 5745 898 5803 de
919 5739 1261 5817 Ramsberg.

375 5536 437 5587 et
460 5530 520 5585 11

1838 4775 2046 4847 scripsi
2069 4776 2177 4830 hoc
2210 4775 2575 4846 privilegium
2607 4791 2759 4829 anno
2774 4774 2961 4846 primo
3000 4772 3323 4829 Gebehardi
3370 4772 3477 4828 ab-

1841 4864 2015 4921 batis.
2043 4866 2245 4920 Testes
2278 4864 2456 4934 hujus
2479 4862 2721 4919 actionis
2751 4879 2895 4918 uxor
2924 4876 3054 4917 mea
3084 4860 3377 4917 Elisabeth
3404 4865 3483 4916 'et

1839 4953 2048 5008 fratrer
2086 4968 2250 5008 meus
2303 4950 2614 5018 Arnoldus,
2675 4950 3019 5022 Rudolphus
3076 4950 3146 5007 de
3199 4949 3481 5023 Gutingin

1838 5043 2006 5114 (992),
2038 5040 2370 5097 Adilbertus
2394 5056 2587 5095 comes
2617 5041 2789 5111 (993),
2818 5042 3112 5110 Rupertus
3156 5038 3230 5099 de
3269 5038 3480 5101 Turin-

1837 5129 2309 5203 gin,Adilbertus
2335 5129 2635 5202 presbyter
2667 5128 2737 5183 de
2766 5126 2925 5195 Tale,
2977 5126 3179 5181 Diemo
3222 5126 3300 5182 de
3356 5126 3480 5209 liri-

1907 5311 2536 5391 (992)_Guting_en_olim
2569 5313 2870 5391 Turgoviaa
2891 5316 3170 5391 castrum,
3189 5327 3223 5365 a
3244 5324 3359 5391 quo
3380 5326 3479 5391 np-

1836 5378 1968 5442 men
1993 5378 2198 5442 habuit
2218 5378 2430 5442 nabilia
2454 5378 2771 5452 familiai»:
2793 5402 2907 5457 qua
2924 5378 3474 5457 Heinricu_s_hggiilis

1835 5457 2452 5532 senior_de_Gutingen
2485 5447 2939 5532 chartamdedit
2972 5472 3064 5510 an.
3112 5447 3466 5532 125ζλξξκιξ-

1834 5546 2012 5584 noo'rr
2043 5530 2111 5584 N.
2137 5530 2279 5597 414).
2314 5517 2377 5584 Ιῐῖ
2400 5529 2622 5585 Necrol.
2659 5530 2727 5583 to
2760 5528 2894 5583 Maii
2925 5526 3171 5597 occurrit
3210 5517 3467 5597 pigran-

1833 5617 1969 5655 mus
1999 5601 2069 5655 de
2102 5586 2418 5671 Gittipgen,
2480 5600 2634 5654 haud
2667 5598 2841 5653 dubie
2895 5596 3152 5670 ejusdem
3206 5586 3459 5671 familiae.

1906 5672 2056 5740 (993)
2087 5673 2236 5727 Num
2268 5660 2359 5727 hic
2388 5660 2530 5727 forte
2546 5670 2888 5727 Adelbertus
2909 5660 3094 5723 comes
3125 5660 3183 5714 in
3208 5660 3460 5715 Winter-

1831 5741 1972 5797 thur
2002 5749 2058 5798 et
2089 5743 2333 5814 Kiburg,
2368 5743 2438 5800 de
2470 5758 2584 5813 quo
2614 5742 2654 5798 l.
2686 5759 2723 5809 ι,
2756 5742 2786 5813 ἕ
2812 5744 2866 5794 8.
