3880 6342
425 429 546 502 379

1252 432 1664 502 HERMANNI
1711 435 2149 502 CONTRACTI
2190 435 2608 504 AUGIENSIS
2653 435 3033 504 MONACHI.

425 571 641 646 gentia,
675 565 890 628 Arnold
923 569 994 628 de
1017 567 1261 640 Criessa,
1287 571 1588 628 Bertoldus
1615 572 1684 628 de
1717 571 2058 628 Lustinowa
2086 578 2141 644 Α
2169 573 2512 631 charitative
2529 577 2704 647 atque
2723 572 2972 646 pleniter
2987 569 3810 647 ministraretur.lpsa'tamen

427 661 597 735 (994),
629 663 687 717 et
715 659 813 716 alii
845 657 1036 716 multi.

1176 747 1297 814 ἓν.

497 840 698 896 Eterat
717 837 870 908 apud
894 835 1284 890 Constantiam
1308 834 1596 892 civitatem
1617 840 1883 894 matrona
1903 855 2058 909 quaa-

425 925 830 994 dam,nomine
857 922 1156 990 Matbilda,
1173 923 1396 978 habens
1419 925 1574 995 apud
1600 942 1704 980 nos
1729 925 1938 994 ﬁlium,
1965 943 2061 982 no-

423 1017 580 1072 mine
601 1015 932 1072 Heinricum
965 1013 1364 1084 presbyterum
1399 1013 1543 1068 bene
1564 1011 1908 1080 litteratum,
1955 1016 2056 1070 sed

422 1105 574 1160 heu!
607 1104 708 1158 diu
735 1101 914 1156 nimis
937 1104 1335 1172 aegrotantem.
1363 1104 1489 1154 llaec
1522 1117 1657 1172 ergo
1701 1119 1804 1172 pro
1861 1119 2058 1158 amore

421 1193 683 1265 ejusdem
705 1190 808 1244 ﬁlii
841 1189 932 1244 sui
961 1189 1212 1244 Heinrici
1275 1189 1500 1244 diverso
1555 1189 1724 1243 modo
1781 1191 2060 1260 persolvit

419 1281 586 1337 nobis
609 1279 998 1352 quadraginta
1036 1277 1255 1332 talenta
1305 1278 1412 1330 sub
1447 1275 1546 1330 tali
1605 1277 1938 1332 conditione
1995 1283 2060 1332 ut

415 1369 571 1425 ﬁlius
591 1369 720 1440 ejus
741 1366 1046 1422 Heinricus
1073 1381 1246 1420 usum
1271 1364 1659 1420 fructuarium
1682 1366 1966 1436 acciperet
1988 1368 2058 1421 de

417 1457 568 1514 curti
586 1474 712 1528 quas
729 1459 969 1510 vocatur
994 1453 1328 1524 Ouwingin,
1354 1457 1643 1523 quatenus
1661 1454 1792 1508 inde
1815 1454 2060 1510 haberet

421 1546 744 1604 necessaria
773 1561 900 1615 quae
933 1559 1044 1598 non
1065 1547 1262 1613 posset
1293 1541 1505 1597 habere
1536 1543 1606 1597 de
1627 1544 1924 1598 communi
1953 1561 2054 1598 an-

419 1653 594 1704 nona,
625 1639 684 1692 et
713 1635 822 1690 hoc
854 1633 925 1688 ad
956 1632 1307 1698 subsidium,
1341 1649 1467 1702 quas
1499 1631 1859 1687 inﬁrmitatis
1909 1633 2057 1704 (995)

418 1726 574 1784 898
622 1725 844 1794 absque
898 1721 1284 1776 diminutione
1341 1721 1739 1776 indubitanter
1793 1721 2054 1788 haberet,

417 1814 681 1886 quandiu
703 1813 762 1868 in
784 1811 893 1866 hac
913 1810 1030 1866 vita
1053 1805 1329 1864 maneret.
1356 1809 1486 1864 Haec
1503 1808 1698 1864 omnia
1716 1809 2054 1866 ﬁrmissimo

2173 661 2456 718 Matbilda
2477 667 2608 735 post
2631 679 2846 735 paucos
2865 661 2989 720 dies
3011 663 3214 720 eodem
3235 679 3388 720 anno
3411 681 3474 720 ιιι
3489 663 3639 720 Idus
3655 663 3810 735 Apri-

2170 748 2246 806 lis
2293 751 2441 822 (966)
2474 751 2544 806 de
2575 751 2684 806 hac
2715 752 2832 807 vita
2880 751 3175 824 migravit,
3227 751 3522 824 nobisque
3605 751 3810 807 iterum

2169 837 2431 910 quinque
2453 838 2634 896 libras
2651 839 2873 911 argenti
2897 839 3153 906 donavit,
3193 856 3373 913 seque
3393 841 3556 914 apud
3591 855 3702 896 nos
3727 855 3811 896 se-

2169 925 2334 996 peliri
2357 929 2758 1000 rogavit,quod
2781 933 2837 982 et
2859 927 3074 983 factum
3091 933 3181 983 est
3192 945 3324 984 cum
3345 945 3568 1002 magno
3580 928 3812 984 honore.

2167 1015 2306 1068 Acta
2329 1015 2607 1070 sunthaec
2633 1033 2784 1072 anno
2809 1017 2879 1071 ab
2903 1018 3303 1074 Incarnatione
3327 1017 3570 1074 Domini
3593 1034 3813 1084 mcuiv,

2169 1109 2445 1174 regnante
2465 1104 2751 1160 Friderico
2769 1105 3137 1178 imperatore,
3163 1106 3521 1162 Herimanno
3547 1105 3815 1178 episcopo

2168 1191 2511 1260 praesidente
2541 1196 2834 1249 Constant.
2863 1192 3154 1263 Ecclesia,
3203 1196 3314 1250 sub
3355 1195 3578 1250 abbate
3639 1193 3816 1250 Gebe-

2169 1278 2350 1334 hardo
2385 1279 2648 1336 feliciter.
2683 1283 2884 1336 Amen.

2919 1413 3060 1482 §VI.

2241 1551 2408 1602 Anno
2441 1563 2627 1602 MCLxx
2649 1546 2844 1602 multae
2863 1546 3228 1604 calamitates
3249 1551 3688 1620 oppresserunt
3709 1564 3822 1604 mo-

2171 1635 2491 1690 nasterium
2517 1637 2574 1690 S.
2601 1636 2886 1708 Gregorii,
2921 1636 2992 1691 de
3013 1635 3227 1707 quibus
3243 1653 3335 1692 me
3359 1636 3534 1692 tmdet
3567 1634 3820 1708 amplius

2167 1721 2386 1794 aliquid
2412 1723 2654 1780 ulterius
2683 1725 2894 1780 dicere.
2928 1723 3121 1780 Abbas
3153 1724 3370 1797 quippe
3427 1724 3820 1782 Gebehardus

2165 1811 2464 1884 depositus
2496 1817 2583 1868 est
2603 1813 2842 1885 (997],et
2861 1812 3025 1869 locus
3045 1813 3152 1870 iste
3177 1811 3428 1886 graviter
3483 1829 3818 1886 Oppressus

415 1907 584 1976 pacto
615 1900 958 1957 conﬁrmata
987 1902 1126 1954 sunt
1154 1898 1212 1952 in
1243 1897 1552 1969 prasentia
1577 1897 1904 1995 tiebebardi
1955 1898 2053 1953 ab-
2085 1931 2130 1995 Β
2165 1905 2254 1956 est
2283 1905 2338 1956 et
2359 1899 2665 1973 spoliatus.

415 1991 570 2048 hstis
599 1994 658 2046 et
679 1990 926 2044 fratrum
956 1987 1219 2057 ejusdem
1251 1985 1610 2052 monasterii,
1635 1987 1745 2041 sub
1793 1986 1895 2042 tali
1917 2003 2051 2042 con-

413 2077 675 2136 clusione
703 2080 760 2134 et
789 2073 1228 2131 conﬁrmatione
1249 2079 1335 2140 ut,
1359 2075 1592 2146 quando
1611 2074 1857 2140 obirent,
1903 2081 2054 2130 utro-

413 2183 664 2238 rumque
693 2162 1125 2220 anniversarius
1157 2163 1215 2218 in
1250 2179 1356 2218 suo
1387 2167 1644 2232 tempore
1675 2179 1808 2217 cum
1859 2163 2051 2218 ofﬁcio

413 2256 822 2313 defunctorum
863 2250 1198 2308 memoriter
1251 2250 1656 2318 celebraretur,
1692 2261 1746 2306 et
1777 2251 2052 2306 fratribus

415 2345 538 2402 sive
571 2342 734 2400 omni
763 2339 1196 2413 congregationi
1227 2355 1294 2396 ea
1338 2339 1430 2394 die
1483 2340 1552 2394 de
1582 2339 1784 2396 eodem
1839 2340 2052 2412 praedio

2228 1991 2390 2045 Anno
2423 2007 2674 2046 MCLxxm
2704 1989 2892 2046 locata
2939 1995 3078 2046 sunt
3111 1989 3499 2046 fundamenta
3547 1989 3809 2047 ecclesiis

2161 2080 2216 2132 Β.
2243 2077 2500 2150 Gregorii
2526 2079 2597 2134 ab
2620 2077 2882 2134 orientali
2917 2083 3098 2150 parte.
3123 2081 3287 2134 Anno
3319 2095 3476 2134 MCC“
3501 2079 3819 2154 episcopus

2163 2165 2599 2238 Herbipolensis
2614 2167 2901 2222 occiditur
2929 2168 3098 2238 (998).
3457 2161 3466 2167 ’

2229 2255 2393 2310 Anno
2443 2273 2622 2310 meum
2679 2253 2982 2327 Philippus
3036 2255 3184 2326 (999)
3233 2255 3566 2312 exercitum
3621 2261 3819 2314 contra

2165 2343 2614 2416 Landlgravium
2649 2343 2846 2400 movit.
2881 2345 3084 2398 Amen.
3113 2353 3119 2358 ‘

1527 2480 1686 2518 EPLIC
1695 2481 1745 2518 IT
1774 2479 2096 2518 CHRONICON
2127 2482 2375 2524 PETERSH
2385 2484 2572 2524 USANU
2581 2487 2622 2524 Μ
2631 2509 2643 2523 .

487 2608 974 2687 (994)19ustinova
1005 2621 1108 2661 seu
1141 2605 1680 2687 Lustenovamurtis
1698 2604 1835 2685 olim
1869 2604 2048 2687 regia,

410 2686 470 2742 in
491 2675 641 2758 pago
673 2681 950 2758 Ringovve
983 2695 1157 2758 prope
1177 2677 1468 2758 libertum,
1497 2675 1730 2742 metatur
1762 2676 1818 2730 in
1843 2675 2048 2731 charta

419 2751 514 2813 an:
545 2751 670 2820 894,
705 2751 857 2823 apud
889 2751 1361 2823 HerrgottN._95.

481 2827 631 2900 (995)
657 2817 794 2900 ᾗδὲ.
812 2817 1164 2900 _inﬁrmatus_._
1180 2817 1532 2900 velhte—‘mpore
1547 2819 1926 2900 ﬁrmitatis.

661 2890 1206 2968 Haa'cinprzesentia
1233 2890 1586 2968 _Gebehardi
1633 2894 1796 2968 gesta
1847 2905 2048 2943 mense

407 2960 555 3042 Apri
583 2960 698 3042 liud
719 2964 858 3042 an._l
875 2960 972 3020 165
991 2962 1288 3042 referenda
1309 2965 1464 3042 sunt.
1493 2961 1638 3016 Cum
1653 2960 1744 3013 hic
1767 2976 1832 3014 eo
1847 2975 2047 3014 mense

418 3031 514 3098 an.
537 3039 676 3094 1464
690 3037 934 3092 necdum
969 3035 1148 3089 abbas
1179 3031 1371 3087 fuerit.

480 3111 626 3194 (997)
644 3109 786 3194 £1180
801 3106 1123 3194 consistere
1167 3105 1626 3194 nequeuutlcgrm
1650 3099 1858 3194 charta
1875 3097 2049 3194 vider-

412 3170 620 3242 manui
641 3181 942 3236 Constant.
1005 3170 1273 3245 episcopi
1303 3189 1396 3227 an.
1457 3171 1597 3226 4183
1649 3170 1806 3241 (Hist.
1867 3171 2048 3238 Nigra

1133 3325 1492 3334 ______—.—.—————

2161 2593 2328 2664 Siivae
2359 2597 2498 2650 tom.
2535 2593 2636 2657 Ill,
2669 2609 2802 2664 pag.
2841 2593 2986 2662 108),
3023 2589 3136 2664 ubi
3163 2590 3316 2646 inter
3351 2589 3714 2664 Tiepertum
3759 2595 3808 2652 S.

2159 2663 2338 2718 Blasii
2357 2669 2412 2719 et
2443 2661 2850 2720 Gebehardum
2885 2661 3390 2718 Petrishusensem
3404 2661 3666 2722 abbates
3688 2683 3814 2722 con-

2159 2737 2438 2791 troversia
2465 2737 2646 2808 fuisse
2666 2736 2910 2808 dicitur.
2935 2733 3520 2808 Theopertusautem
3557 2737 3816 2808 primum

2163 2750 2438 2791 troversna
2465 2750 2646 2791 tuisse
2677 2750 2910 2789 dieitur.
2935 2750 2969 2788 '1
2983 2750 3298 2858 neo‘pertus
3321 2750 3520 2790 autem
3557 2753 3814 2808 primum

2163 2823 2256 2863 an.
2287 2809 2422 2862 4474
2451 2807 2632 2862 abbas
2659 2807 2845 2862 factus
2867 2809 2972 2859 est.
2993 2805 3078 2859 Un
3125 2820 3155 2858 e
3184 2804 3537 2861 Gebhardus
3563 2809 3814 2864 necdum

2160 2896 2253 2934 an.
2287 2879 2428 2932 4170
2459 2877 2756 2948 depositus
2813 2881 2918 2942 est,
2962 2880 3062 2930 aut
3091 2880 3295 2946 postea
3349 2875 3574 2935 iterum
3641 2879 3814 2937 resti-

2159 2953 2341 3003 tutus.

2230 3021 2377 3156 (998g
2410 3019 2627 3090 Nempe
2653 3017 2950 3072 Conradus
2971 3021 3014 3070 Ι.

2230 3090 2354 3156 (999
2411 3091 2632 3145 Suevus
2665 3088 2903 3156 scilicet,
2937 3088 3014 3144 Ca

2229 3087 2376 3159 (999)
2411 3087 2632 3145 Suevus
2665 3088 2903 3156 scilicet,
2937 3088 3127 3144 Cesar
3149 3087 3388 3144 electus.

1709 3324 1716 3348 ,
1765 3312 3811 3348 πως-...Μ

976 3476 2000 3634 HERMANNI
2128 3464 3222 3672 CONTRACTI

1737 3729 2060 3787 MONACHI
2091 3725 2470 3784 AUGIENSIS

783 3907 1040 4030 DE
1161 3887 2093 4029 MENSURA
2227 3893 3416 4021 ASTBOLABII

1895 4095 2304 4203 LIBER,

399 4283 593 4359 (Apud
624 4283 690 4338 Β.
719 4282 777 4337 Ρ.
803 4281 1162 4337 Bernardum
1193 4279 1444 4346 Pezium,
1473 4277 1776 4334 Theseum:
1797 4275 2206 4342 Anecdotorum,
2239 4275 2381 4328 tom.
2416 4273 2512 4340 Ill,
2549 4273 2711 4343 parte
2739 4288 2799 4338 ιι,
2831 4285 2964 4396 pag.
2996 4269 3090 4336 94,
3143 4286 3212 4353 ex
3255 4269 3384 4356 cod.
3419 4285 3536 4326 ms.
3573 4267 3802 4354 Iinolyti

471 4353 806 4396 manantes-ii
841 4354 910 4396 nd
945 4353 1001 4396 ς,
1037 4351 1266 4396 Patrum
1300 4349 1622 4396 Salinhnra-
1648 4349 1772 4396 0rd-
1807 4348 1862 4396 S.
1887 4347 2026 4396 Ben.
2053 4349 2216 4396 eruta
2245 4345 2317 4396 ab
2335 4344 2490 4396 adm.
2524 4347 2590 4396 Β.
2622 4347 2677 4396 et
2699 4341 2770 4396 cl.
2805 4341 2871 4396 D.
2950 4379 2966 4396 .
3007 4340 3239 4396 Placido
3289 4341 3471 4396 Bokn.
3532 4341 3798 4396 eiusdem

471 4341 810 4412 monasterii
841 4354 912 4410 ad
945 4353 1002 4408 S.
1037 4351 1268 4408 Petrum
1300 4341 1622 4422 Salisburg.
1648 4349 1772 4404 ord.
1807 4348 1862 4403 S.
1887 4347 2026 4402 Ben.
2053 4341 2216 4402 eruto
2245 4345 2317 4402 ab
2335 4344 2490 4401 adm.
2524 4341 2590 4400 Η.
2622 4347 2677 4398 et
2699 4341 2770 4398 cl.
2805 4341 2871 4397 Π.

467 4427 582 4485 1οοὶ
604 4429 818 4484 asceta.

3007 4340 3239 4398 Placido
3289 4341 3471 4410 Bokn,
3532 4340 3798 4414 ejusdem

1897 4519 2304 4534 *ψ

1049 4627 1155 4720 Β.
1227 4626 1324 4718 Ρ.
1395 4623 2039 4718 BERNARDI
2109 4621 2449 4715 PEZZI
2519 4615 3132 4714 MONITUM.

657 4846 672 4860 .
751 4805 924 4860 Porro
953 4803 1026 4858 ad
1059 4801 1373 4858 Hermanni
1405 4805 1718 4872 praesentes
1749 4804 1827 4872 De
1851 4815 2106 4855 mensura
2135 4801 2186 4853 et
2205 4800 2445 4872 utilitate
2475 4795 2783 4872 Astrolqbii
2813 4795 3000 4860 libros,
3035 4811 3182 4872 quos
3216 4810 3285 4850 ex
3305 4791 3796 4872 bibliothecaiPej

393 4847 610 4934 trensis
639 4847 1256 4940 codiceni'embraneo,
1289 4889 1322 4926 a
1343 4847 1626 4928 se§centis
1657 4871 1825 4926 annis
1857 4876 2108 4938 exarato,
2145 4887 2296 4924 nunc
2319 4869 2574 4940 primum
2597 4867 2749 4940 typis
2781 4847 3283 4940 commendamus,
3316 4867 3472 4938 quod
3493 4868 3723 4934 attinet,
3755 4863 3792 4920 ii

393 4947 508 5021 ipsi
531 4951 670 5001 sunt
693 4947 792 5014 qui
821 4951 1046 5002 tantam
1077 4945 1128 5000 ei
1159 4937 1646 5000 existimationem
1679 4947 2046 5014 pepererunt,
2081 4947 2146 4996 ut
2179 4957 2212 4996 a
2237 4937 2460 5004 multis,
2487 4937 2838 5018 interjquos,
2863 4942 3008 4992 teste
3031 4937 3348 4993 Possevino
3373 4940 3654 5063 Apparet.
3673 4953 3790 5020 ssc.

393 5023 436 5063 ι-
464 5019 656 5063 Lnga-
682 5019 804 5063 731
855 5022 992 5063 sunt
1023 5017 1330 5063 Durandus
1363 5016 1442 5063 De
1470 5015 1678 5063 divinis
1701 5014 1908 5063 ofﬁciis
1939 5014 2038 5063 lib.
2073 5030 2146 5063 1v.
2169 5029 2219 5063 c.
2251 5015 2340 5063 22.
2375 5015 2431 5063 et
2455 5013 2739 5063 Antonius
2769 5008 3156 5063 Demochares
3177 5009 3257 5063 De
3285 5025 3436 5063 sacri
3483 5025 3576 5063 oio
3607 5023 3790 5063 missas

389 5008 438 5074 tt
463 5019 507 5082 Ι,
525 5033 657 5088 pag.
682 5008 806 5082 7'37,
855 5022 992 5072 sunt
1021 5017 1330 5088 Durandus
1362 5016 1442 5070 De
1470 5008 1908 5088 divinis-ofﬁciis
1939 5014 2038 5088 lib.
2073 5030 2146 5088 ιγ,
2169 5029 2219 5067 c.
2251 5015 2340 5080 22,
2375 5015 2431 5088 et
2455 5008 2739 5088 Antonius
2769 5008 3156 5088 Demochares
3177 5008 3436 5088 Desacri

617 5078 806 5158 6.715,
859 5095 1057 5142 auctor
1085 5087 1270 5158 ipsius
1300 5086 1610 5142 Astrolabii
1633 5085 1815 5140 fuisse
1845 5085 1920 5140 sit
1951 5078 2343 5158 existimatus.
2371 5085 2650 5158 Caeterum
2681 5079 3018 5158 distributio
3034 5085 3090 5135 et
3103 5079 3335 5158 partitio
3367 5078 3700 5158 libellorum
3723 5079 3788 5135 de

392 5093 436 5144 ι.
473 5089 567 5155 IV,

3483 5009 3576 5065 oio
3607 5009 3792 5065 misse

392 5151 704 5216 Astrolabii
735 5151 956 5213 ratione
987 5160 1057 5213 ab
1092 5151 1418 5213 llermanno
1450 5157 1816 5213 conditorum
1839 5173 1952 5211 non
1987 5154 2204 5209 nihilin
2219 5153 2414 5209 codice
2441 5151 2702 5208 Petrensi
2725 5151 3065 5222 perturbata
3091 5151 3374 5220 est,vitio,
3408 5157 3474 5207 ut
3496 5152 3784 5222 existimag

393 5247 547 5310 mus,
580 5229 822 5310 librarii,
857 5230 1335 5310 quiuposteriores
1366 5229 1511 5310 duos
1535 5229 1606 5310 [ξε
1635 5229 1874 5310 utilitate
1903 5226 2202 5310 Astrotubii
2233 5227 2455 5310 ti‘bettos‘
2477 5221 2803 5310 secundum
2821 5228 2878 5302 et
2902 5221 3148 5310 tertium
3164 5222 3420 5310 universi
3453 5227 3511 5279 et
3531 5221 3787 5310 perpetui

393 5293 701 5374 cujusdam
733 5293 921 5372 operis
950 5293 1166 5374 librum
1185 5299 1793 5374 esse_arbitratus_est,_
1819 5299 1973 5368 quod
2001 5297 2143 5374 satis
2161 5297 2372 5374 probat
2393 5295 2601 5374 titulus
2633 5293 2765 5374 libri
2789 5293 2987 5374 primi,
3006 5309 3140 5374 cum
3164 5293 3553 5374 tamen_unus:
3579 5293 3782 5374 unicus

391 5363 750 5430 De'mensura
771 5363 1078 5428 'Astrolahii
1109 5372 1253 5426 liber
1285 5367 1596 5424 Hermanni
1629 5367 1724 5422 sit.
1748 5363 1942 5439 Neque
1973 5369 2128 5423 enim
2159 5363 2480 5439 Trithemio
2512 5365 2612 5420 lib.
2637 5365 2718 5420 De
2746 5363 3490 5439 scr_ipt.ecoles.,cap._321,
3519 5364 3784 5439 ﬁdes__ha-

391 5445 585 5502 benda
615 5447 724 5510 est,
757 5443 855 5497 ubi
887 5444 965 5496 ait
999 5459 1010 5496 :
1037 5443 1436 5496 Hermannum
1455 5439 1528 5510 De
1555 5435 1940 5510 compositione
1980 5439 2273 5494 Astrotabii
2330 5437 2494 5510 libros
2544 5439 2619 5510 LII
2647 5435 2972 5510 scripsisse,
3007 5453 3072 5510 ac
3101 5435 3314 5510 iterum
3343 5435 3366 5492 Ι
3429 5437 3506 5493 De
3555 5437 3787 5492 utilitate

391 5507 721 5580 Astrolabii,
741 5530 809 5568 ex
831 5513 1046 5584 quibus
1071 5517 1187 5565 tres
1211 5510 1430 5580 priores
1461 5508 1739 5633 incipiant
1763 5526 1775 5564 :
1809 5511 1871 5564 In
1900 5511 2172 5565 mtienda
2200 5511 2378 5579 igitur
2405 5509 2522 5564 sub.
2553 5507 2622 5561 Et
2655 5507 2938 5578 posterior
2959 5507 3202 5564 unicus:
3239 5509 3560 5581 Quicunque
3615 5511 3782 5564 astro-

682 5587 812 5633 Dum
845 5599 1020 5633 uuam
1057 5581 1206 5633 male
1238 5581 1388 5633 inter
1420 5596 1480 5633 se
1509 5595 1574 5633 co
1618 5581 1935 5633 :nreantvel
1967 5582 2228 5633 insnocta
2259 5583 2461 5633 nostra
2487 5579 2738 5633 editione
2764 5577 2982 5633 nemini
3043 5595 3155 5633 non
3206 5579 3444 5633 natebit.
3507 5581 3674 5633 Eriza.
3725 5579 3782 5633 ut

391 5585 643 5642 uomicae.
682 5587 812 5649 Quo:
845 5581 1020 5654 quam
1057 5581 1206 5654 male
1238 5581 1388 5654 inter
1420 5596 1480 5634 se
1509 5595 1574 5654 co

1618 5581 1935 5635 :nreantvel
1967 5577 2238 5652 inspecta
2259 5583 2461 5652 nostra
2487 5577 2738 5652 editione
2764 5577 2982 5634 nemini
3018 5595 3155 5652 non
3205 5577 3480 5652 patebit,-
3507 5581 3691 5652 Ergo,_
3725 5579 3784 5633 ut

393 5657 586 5712 omnis
631 5649 908 5724 deinceps
937 5653 1200 5708 confusio
1217 5669 1339 5722 quae
1365 5653 1421 5706 in
1459 5651 1690 5721 scriptis
1719 5652 2030 5724 Hermanni
2057 5649 2126 5706 de
2157 5650 2775 5724 Astrolabioadmissa
2801 5656 2909 5718 est,
2944 5649 3222 5724 evitetur,
3241 5651 3324 5724 sic
3353 5649 3783 5724 semper—Primo

395 5727 578 5786 edidit
599 5719 966 5784 Hermaunus
986 5725 1190 5780 librum
1218 5719 1389 5780 unum
1421 5725 1491 5779 De
1521 5719 1776 5778 mensura
1809 5723 2128 5791 Astrotabii,
2165 5739 2340 5796 quem
2369 5720 2725 5780 Trithemius
2743 5721 2817 5779 De
2839 5723 3226 5794 compositione
3251 5719 3554 5781 Astrolabii
3583 5719 3782 5782 inscri-
