3880 6346
84 431 193 503 301
1090 432 1328 503 LIBER
1370 434 1473 504 DE
1513 436 1898 505 MENSURA
1939 431 2435 502 ASTROLABII.
3333 436 3452 505 Μ

82 569 213 647 psit,
252 578 547 699 quemge
570 566 810 629 hic’una
832 584 967 628 eum
998 572 1332 655 putatione
1360 589 1396 656 ρ
1425 572 1536 655 col.
1562 574 1870 656 381_usque
1892 571 1963 626 ad
1983 571 2091 626 390
2111 588 2389 653 excusum
2412 570 2613 627 habes.
2647 568 2762 654 Nec
2782 567 2939 654 hunc
2959 567 3175 628 librum
3200 572 3451 644 priorem

83 660 200 699 esse
218 641 414 699 aliaue
491 647 613 699 tero
632 643 899 699 eiusdem
920 660 1150 699 ueneris
1170 661 1236 699 ac
1249 645 1493 699 ordinis.
1518 644 1892 699 manifestum
1914 648 2081 698 estex
2102 644 2194 698 his
2214 644 2403 698 verbis
2426 642 2764 699 Hermanni.
2788 644 3005 699 quibus
3018 644 3289 699 eumdem
3310 661 3448 699 oon-

83 641 200 702 esse
218 641 414 715 aliquo
434 641 613 701 altero
632 643 899 715 ejusdem
920 641 1150 715 generis
1170 661 1236 699 ac
1249 645 1493 711 ordinis,
1518 641 1892 700 manifestum
1914 648 2081 698 estex
2102 643 2194 698 bis
2214 643 2403 698 verbis
2426 641 2764 709 Hermanni,
2788 642 3005 713 quibus
3018 641 3289 701 eumdem
3310 661 3448 701 oon-

82 714 253 772 oludit
268 719 441 786 :Quas
457 720 641 788 autem
660 724 953 788 quantasve
974 718 1237 771 utilitates
1263 733 1445 771 omnes
1469 721 1787 788 prae:an
1810 715 2043 788 habeant
2059 717 2520 788 fmensurationes,
2569 714 2818 769 libellum
2838 714 3189 787 Astrolapsus
3242 717 3459 788 legenti,

84 795 129 844 et
148 788 425 857 ingenium
448 787 507 841 in
535 786 845 857 hujusmodi
873 804 1058 841 rerum
1090 804 1193 842 usu
1222 786 1548 842 uer-citanti
1576 790 1716 841 alias
1744 787 1893 841 debet
1920 787 2211 853 noli/imri.

147 855 411 914 Secundo
442 855 675 928 scripsit
705 858 1072 913 Hermannus
1104 860 1174 913 De
1204 860 1563 913 utillitutibus
1582 859 1875 912 Astrolabii
1894 858 2057 911 libros
2081 859 2144 918 Il.
2169 872 2317 929 quos
2334 855 2690 910 'l‘rithemius
2713 857 2829 929 sub
2848 857 3053 912 eadem
3076 856 3457 929 inscriptione

82 927 197 984 loco
215 929 387 1000 citato
404 927 682 993 recenset,
706 929 813 984 etsi
835 946 950 984 non
973 929 1084 983 nisi
1106 946 1280 983 unum
1301 946 1427 983 esse
1452 931 1625 987 dicat.
1651 930 1921 1000 quocirca
1950 928 2070 981 viro
2095 929 2262 982 docto
2284 927 2444 1000 litem
2470 928 2995 1000 nonmovebimus.
3022 930 3188 1000 Certe
3221 927 3292 985 ex
3322 947 3456 987 mox

84 1000 339 1058 adductis
358 999 548 1069 ipsius
571 1000 886 1055 Hermanni
912 1017 981 1056 ex
1002 1001 1149 1055 libro
1195 1003 1266 1055 De
1302 1018 1560 1055 mensura
1589 998 1900 1063 Astrolabii,
1923 1000 2113 1054 verbis
2135 1000 2225 1053 vix
2250 999 2404 1053 aliud
2432 998 2773 1053 concludas.
2798 999 2923 1053 Non
2946 999 3104 1055 enim
3132 1002 3203 1056 ad
3227 1002 3460 1069 libellos,

83 1071 176 1129 sed
201 1069 487 1143 libellum,
517 1073 900 1143 Astrolapsus,,
937 1072 995 1126 id
1025 1076 1113 1126 est
1144 1073 1215 1126 De
1244 1074 1573 1126 utilitatibus
1603 1070 2209 1143 Astrolabii,1ectorem
2237 1086 2409 1125 suum
2434 1070 2695 1143 remittit.
2717 1071 2828 1125 Nec
2863 1088 2967 1125 nos
2991 1070 3167 1125 aliam
3190 1072 3453 1142 partitio-

84 1159 204 1198 nem
224 1141 712 1205 instituissemus,
730 1141 849 1197 nisi
874 1143 1054 1197 codex
1076 1144 1365 1197 Petrensis
1387 1160 1514 1197 eam
1540 1143 1705 1197 nobis
1725 1149 1977 1196 mentem
1998 1142 2313 1208 iniecisset.
2352 1143 2497 1195 Cum
2534 1142 2688 1196 enim
2713 1158 2779 1196 ea
2802 1159 2929 1212 quae
2952 1148 3131 1213 caput
3150 1141 3213 1197 21
3252 1160 3456 1200 conse-

89 1217 352 1285 quuntur,
385 1229 519 1269 cum
558 1214 1015 1284 praecedentibus
1048 1214 1208 1268 nulla
1236 1215 1456 1269 ratione
1487 1214 1841 1268 cohaererent
1870 1230 1885 1277 ;
1921 1214 1978 1266 in
2012 1214 2207 1285 codice
2235 1218 2426 1285 tamen
2452 1213 2661 1285 eadem
2696 1214 2894 1267 omnia
2924 1230 3098 1268 manu
3134 1220 3370 1270 exarata
3400 1218 3460 1271 et

89 1283 387 1356 conjuncta
416 1283 631 1350 essent,
665 1286 956 1355 integrum
981 1285 1149 1339 nobis
1167 1302 1296 1340 esse
1327 1303 1439 1339 non
1474 1286 1809 1356 putavimus
1831 1301 1898 1339 ea
1917 1285 2044 1338 sine
2084 1283 2250 1356 titulo
2273 1283 2401 1356 novi
2427 1283 2555 1356 libri
2579 1284 2866 1350 exhibere,
2897 1285 3015 1338 sive
3042 1301 3110 1340 ea
3129 1285 3303 1340 etiam
3327 1286 3462 1342 Her-

88 1353 410 1428 mannisive
432 1353 836 1427 cujuscunque
848 1356 1088 1411 alterius
1106 1361 1320 1411 essent.
1345 1353 1630 1428 Qua'derc
1656 1358 1799 1428 forte
1811 1356 2028 1428 melius
2051 1355 2147 1409 alii
2174 1355 2518 1417 censebunt,
2544 1354 2601 1428 in
2624 1371 2873 1428 quorum
2896 1372 3107 1411 manus
3130 1356 3297 1428 plura
3318 1357 3458 1412 Her-

87 1425 413 1498 mannianni
436 1424 628 1498 operis
650 1424 824 1483 manu
850 1434 1081 1483 exarata
1101 1427 1655 1498 exemplaincident.
1677 1427 1855 1482 Nobis
1872 1427 1930 1481 in
1955 1443 2013 1481 re
2039 1428 2292 1480 obscura
2321 1431 2377 1479 et
2415 1424 2684 1498 perplexa
2717 1425 2779 1498 id
2798 1424 3461 1483 sectandum—videbatur

89 1498 227 1570 quod
258 1496 492 1571 planius
514 1503 570 1553 et
599 1498 813 1553 clarius
840 1503 1012 1553 esset.
1058 1499 1203 1553 Nam
1241 1496 1413 1553 verba
1460 1498 1774 1553 Hermanni
1817 1498 2136 1571 admodum
2166 1496 2427 1571 obstant.
2470 1496 2663 1571 Potuit
2693 1496 2848 1571 enim
2881 1498 2989 1553 sub
3031 1498 3202 1553 finem
3234 1498 3367 1554 libri
3392 1500 3465 1554 De

84 1568 325 1642 Maura
353 1571 658 1642 Astrolabii
681 1572 1042 1642 propositum
1076 1570 1287 1625 habere
1320 1588 1431 1624 non
1466 1572 1575 1625 nisi
1608 1586 1792 1623 unum
1826 1568 2495 1642 libellumiAstrolapsus
2519 1568 2827 1642 condendi,
2851 1583 3022 1639 quem
3045 1573 3239 1642 tamen
3268 1574 3470 1642 postea

86 1639 430 1697 incressente
460 1639 702 1696 materia
727 1639 826 1697 aut
858 1642 988 1697 aliis
1013 1659 1081 1697 ex
1110 1643 1303 1697 causis
1336 1642 1513 1696 altero
1570 1641 1889 1705 adauxerit,
1950 1641 2103 1711 quod
2169 1640 2503 1711 frequenter
2561 1640 2902 1695 auctoribus
2932 1641 3160 1695 accidit.
3197 1639 3362 1697 Forte
3390 1640 3464 1694 li-

84 1712 208 1768 belli
236 1712 418 1784 hujus
446 1714 686 1769 secundi
720 1712 987 1785 epilogus
1018 1714 1260 1769 certiora
1293 1731 1396 1767 nos
1428 1714 1744 1776 docuisset,
1779 1712 1892 1766 nisi
1923 1728 1958 1766 a
1987 1712 2203 1776 codice,
2240 1712 2560 1777 nescimus,
2604 1727 2719 1782 quo
2749 1728 2914 1777 casu,
2966 1711 3203 1769 avulsus
3229 1712 3466 1769 fuisset.

87 1992 684 2105 HERMANNI
722 1993 1329 2106 PRZEFATIO
1365 1995 1483 2105 IN
1522 1994 1951 2104 LIBRUM
1982 1994 2131 2102 DE
2179 1990 2719 2181 MENSURA
2760 1992 3464 2106 ASTROLABIL

145 2198 750 2257 HsmuannusChristi
766 2216 1087 2273 pauperum
1102 2200 1437 2273 peripsima,
1454 2204 1509 2255 et
1528 2198 1711 2271 philo-
1743 2201 1797 2267 Α
1829 2198 2033 2253 borum
2059 2198 2487 2270 compositioni,
2512 2198 2611 2254 sed
2634 2198 2913 2254 intricatze
2927 2200 3007 2255 rei
3021 2200 3262 2257 studens
3282 2202 3465 2275 expli-

89 2286 287 2362 sophiea
309 2288 590 2353 tironum,
615 2288 816 2360 asello,
841 2290 958 2345 imo
980 2289 1208 2358 limace,
1230 2290 1452 2345 tardior
1472 2288 1713 2355 assecla,

90 2376 143 2432 B.
182 2393 284 2434 suo
307 2378 516 2451 jugem
549 2377 607 2433 in
638 2376 883 2433 Domino
916 2378 1185 2434 salutem.

148 2463 284 2524 Cum
303 2483 336 2523 a
353 2465 630 2539 plurimis
649 2483 799 2538 saepe
816 2466 1023 2523 amicis
1046 2484 1281 2539 rogarer
1294 2471 1357 2521 ut
1379 2482 1713 2521 mensuram

90 2554 364 2612 astrolabii
398 2571 528 2629 quis
568 2556 722 2627 apud
774 2559 1067 2612 nostrates
1105 2557 1349 2611 confusa
1389 2560 1444 2611 et
1466 2554 1593 2610 ideo
1615 2555 1715 2609 ob-

90 2656 243 2701 scura
270 2648 325 2701 et
355 2643 581 2718 passim
630 2644 899 2700 mutilata
947 2645 1261 2709 invenitur,
1313 2644 1563 2699 lucidius
1595 2643 1716 2714 ple-

90 2732 321 2805 niusque
344 2733 602 2789 scribere
617 2737 925 2799 tentarem,
946 2732 1121 2805 idque
1143 2733 1429 2788 hactenus
1449 2737 1571 2786 tum
1592 2749 1717 2803 pro-

91 2823 203 2893 pter
220 2820 616 2886 inscientiam,
645 2825 773 2875 tum
814 2821 988 2876 etiam
1035 2827 1270 2893 propter
1302 2821 1713 2893 pedisscquam

93 2907 213 2964 heul
237 2909 380 2965 mihi
406 2908 757 2967 familiarem
778 2910 1063 2965 desidiam
1088 2911 1716 2981 subterfugerem,tan-

92 2995 259 3055 dema
285 2997 372 3053 tui
413 2997 792 3071 potissimum
840 2998 1121 3054 instantia
1174 2999 1510 3071 perpulsus,
1546 3000 1719 3070 prout

91 3083 277 3142 inertia
297 3085 643 3158 desidiaque
684 3086 1053 3156 permittente
1092 3086 1275 3159 potui,
1319 3087 1417 3141 diu
1462 3086 1716 3157 seposito

94 3189 232 3231 more
251 3174 625 3231 mendacium
640 3173 937 3230 fabrorum
951 3176 1109 3246 Operi
1133 3174 1605 3229 cunctabundam
1625 3173 1719 3229 de-

94 3278 172 3320 ses
197 3280 434 3321 manum
469 3261 748 3337 applicui,
779 3281 896 3319 non
920 3263 1124 3337 lepori,
1155 3280 1271 3320 non
1303 3262 1553 3336 eleganti
1583 3279 1713 3318 ver-

1829 2287 2061 2342 cationi.
2095 2288 2157 2343 In
2190 2304 2307 2359 qua
2338 2287 2476 2365 reisi
2510 2287 2647 2359 quid
2679 2287 2911 2343 indocta
2934 2288 3310 2361 obsequentis
3330 2307 3469 2365 pec-

1830 2377 1978 2431 cavit
2011 2376 2334 2443 temeritas,
2367 2375 2620 2447 benigna
2650 2376 2985 2446 jubentium
3025 2378 3347 2435 amicorum
3379 2380 3469 2437 in-

1830 2464 2070 2535 dulgeat
2093 2464 2370 2531 cbaritas,
2394 2469 2703 2537 totumque
2724 2482 2830 2522 suo
2854 2466 3048 2538 potius
3079 2466 3353 2525 delictum
3377 2486 3468 2527 as-

1826 2552 2012 2608 cribat
2044 2553 2261 2620 studio,
2290 2571 2415 2626 quae
2448 2553 2727 2609 imbecilli
2757 2559 2878 2610 tam
2917 2571 3089 2628 grave
3120 2572 3235 2613 non
3267 2574 3472 2631 peper-

1826 2642 1902 2696 cit
1932 2660 2081 2697 onus
2114 2644 2409 2714 imponere
2441 2644 2635 2699 dorso.

1895 2732 1981 2786 Tu
2015 2731 2212 2801 igitur,
2244 2735 2305 2784 tu
2339 2731 2532 2785 anime
2564 2731 2663 2797 mi,
2699 2735 2996 2803 utcunque
3022 2732 3119 2788 alii
3143 2734 3330 2790 ferant
3348 2735 3469 2791 haec

1826 2836 1955 2874 mea
1983 2818 2197 2891 scripta
2226 2818 2504 2891 legentes,
2539 2823 2854 2891 gratanter,
2887 2825 2955 2876 ut
2989 2822 3243 2878 amicum
3276 2824 3464 2895 decet,

1826 2909 2352 2979 quomodocunque
2382 2908 2734 2980 descriptam
2766 2908 3091 2982 simplicem
3128 2911 3355 2982 praefati
3382 2913 3470 2971 in-

1826 2998 2137 3052 strumenti
2162 2997 2355 3069 accipe
2380 3014 2713 3053 mensuram
2743 3002 2861 3067 ;ut,
2878 3000 2993 3055 site
3008 3002 3384 3072 postmodum
3398 3004 3470 3060 de

1825 3087 1952 3157 ejus
1979 3086 2199 3141 ratione
2220 3086 2417 3158 aliqua
2438 3102 2759 3159 cognovero
2787 3104 3145 3160 permovere,
3187 3107 3256 3147 ea
3275 3094 3470 3148 tecum

1824 3173 2056 3241 alacris,
2088 3180 2435 3247 suppetente
2466 3175 2610 3232 alias
2641 3177 2777 3246 otio,
2829 3194 2934 3250 pro
2984 3195 3153 3251 posse
3195 3180 3468 3249 studeam

1825 3262 2129 3336 vestigare.

1111 3414 1514 3504 INCIPIT
1579 3414 1920 3503 LIBER
1983 3417 2426 3504 PRIMUS.

613 3582 843 3639 CAPUT
881 3583 1191 3640 PRIMUM.

100 3704 351 3773 Quomodo
387 3706 591 3763 circuli
637 3708 1058 3779 aequinoctialis,
1107 3708 1422 3764 colurorum
1467 3709 1721 3765 solstitio-

314 3793 551 3852 rumque
578 3779 634 3833 in
666 3779 960 3835 astrolabio
1002 3780 1317 3836 inveniendi
1346 3782 1477 3835 sint.

154 3936 212 3993 In
245 3938 542 3995 metienda
577 3938 760 4011 igitur
779 3938 1178 3996 subtilissimas
1201 3939 1555 3996 inventionis
1580 3939 1713 3995 Pto-

97 4020 264 4082 lomisi
299 4026 680 4094 Walzachora,
710 4028 769 4083 id
827 4032 935 4095 est,
994 4027 1172 4101 plana
1228 4028 1476 4100 sphaira,
1538 4045 1716 4100 quam

97 4110 442 4173 Astrolebium
472 4115 813 4185 vocitamus,
846 4121 965 4173 tres
990 4118 1246 4188 primum
1270 4116 1520 4173 circulos
1552 4116 1716 4173 inve-

98 4199 515 4272 niredebemus,
531 4220 780 4277 quorum
799 4204 1055 4261 medium
1078 4204 1592 4277 quiequinoctialis
1611 4223 1717 4261 coe-

98 4287 239 4348 lestia
263 4291 655 4365 (protenditur
674 4291 830 4349 enim
852 4309 955 4364 per
973 4294 1205 4350 Libram
1227 4297 1285 4348 et
1305 4293 1621 4364 Arientem)
1646 4311 1717 4350 ne

100 4380 399 4438 maximum
420 4382 707 4439 duntaxat
723 4382 1058 4454 prmpediat,
1082 4382 1152 4437 ad
1174 4381 1407 4437 libitum
1427 4384 1715 4439 moderari

100 4468 377 4525 convenit:
406 4485 586 4542 quem
607 4473 803 4526 centro
824 4488 859 4525 α
878 4469 1191 4543 diligenter
1203 4470 1715 4543 circumscriptum

97 4550 151 4610 in
180 4562 430 4629 quatuor
470 4574 639 4631 aqua
667 4558 942 4632 partiaris
973 4560 1211 4632 punctis
1242 4560 1272 4615 b
1299 4576 1328 4615 c
1354 4560 1389 4614 ά
1420 4576 1469 4625 e,
1495 4568 1550 4616 et
1580 4561 1657 4616 sit
1687 4562 1717 4617 b

98 4642 354 4703 oﬁentale
382 4651 671 4721 punctum
701 4664 736 4703 a
762 4648 1020 4704 sinistris
1044 4666 1059 4716 ;
1091 4665 1121 4703 c
1148 4647 1285 4703 huic
1315 4648 1652 4720 oppositum
1684 4666 1718 4706 a

98 4729 296 4791 dextris
317 4735 682 4793 occidentale
705 4754 719 4805 ;
741 4736 777 4791 d
798 4736 1043 4793 inferius
1066 4736 1552 4809 septentrionale;
1574 4754 1602 4794 θ
1625 4755 1719 4795 su-

97 4820 275 4890 perius
302 4824 724 4882 meridianum.

153 4907 383 4980 Dehinc,
407 4912 677 4986 apposita
694 4906 917 4987 regula,
941 4930 1042 4986 per
1062 4914 1092 4969 b
1134 4931 1169 4969 a
1186 4930 1215 4969 ε
1252 4919 1472 4986 puncta
1496 4914 1711 4971 lineam

97 5001 292 5057 rectam
312 5019 347 5057 a
364 5002 487 5058 {ine
503 5001 575 5059 ad
597 5002 774 5059 tinem
796 5002 1007 5060 tabulae
1032 5003 1354 5074 perducito,
1396 5003 1451 5059 id
1495 5008 1606 5071 est,
1639 5005 1712 5060 ab

98 5083 305 5145 Oriente
325 5090 386 5147 in
416 5089 791 5148 Occidentem
816 5108 832 5146 :
858 5091 1114 5163 itemque
1137 5108 1239 5163 per
1258 5093 1297 5147 ά
1325 5109 1360 5147 a
1379 5108 1425 5161 e,
1462 5092 1521 5147 id
1542 5097 1653 5159 est,
1685 5109 1719 5148 a

98 5171 480 5247 Septentrione
500 5179 560 5236 in
583 5180 907 5251 Meridiem,
930 5179 1171 5237 alteram
1192 5180 1429 5237 lineam.
1454 5180 1610 5244 Quas
1630 5181 1718 5236 vi-

99 5259 480 5326 delicetlineas
495 5268 849 5341 quadrifarie
865 5268 1152 5325 circulum
1164 5270 1488 5325 dividentes
1502 5270 1718 5326 Arabes

99 5350 301 5412 Abaton
330 5357 679 5427 nominant;
711 5375 841 5425 nos,
872 5359 1121 5415 Coluros.

160 5441 253 5500 Bis
277 5442 453 5503 lineis
494 5445 692 5519 itaque
734 5446 942 5520 positis
993 5462 1473 5517 unumquemque
1515 5444 1717 5502 circuli

101 5532 467 5599 quadrantem
490 5535 547 5591 in
568 5537 640 5591 90
659 5553 855 5609 aaquas
876 5539 1072 5609 partes
1092 5534 1303 5603 divide,
1331 5540 1388 5591 et
1425 5550 1493 5590 ex
1534 5534 1627 5589 his
1647 5537 1716 5590 24

101 5630 160 5674 ex
190 5624 439 5698 utroque
483 5624 663 5681 latere
706 5642 751 5693 c,
790 5642 993 5682 versus
1031 5624 1067 5678 d
1102 5623 1321 5681 scilicet
1363 5627 1420 5679 et
1459 5640 1506 5691 e,
1539 5624 1715 5681 debes

99 5708 355 5784 accipere.
383 5713 495 5770 Sed
528 5718 594 5769 ut
613 5712 722 5771 hoc
743 5714 971 5771 facilius
992 5714 1111 5782 ﬁat,
1135 5713 1489 5785 quadrantes
1510 5713 1713 5784 singu-

1750 3584 1797 3649 B
1828 3581 1916 3637 los
1945 3583 2003 3637 in
2034 3582 2147 3637 tria
2174 3582 2384 3649 divide,
2418 3587 2483 3638 ut
2515 3582 2735 3639 scilicet
2782 3600 3148 3659 unaquaeque
3195 3590 3369 3647 tertia
3394 3592 3467 3648 30

1831 3676 2023 3743 partes
2042 3671 2267 3743 capiat;
2291 3676 2349 3727 et
2385 3673 2533 3728 duas
2568 3673 2769 3729 tertias
2807 3690 2837 3728 c
2864 3676 3168 3750 contiguas
3196 3677 3253 3734 in
3283 3680 3320 3736 5
3343 3681 3466 3739 sin-

1829 3760 1997 3832 gulas
2027 3762 2263 3833 partire,
2285 3777 2765 3833 unamquamque
2786 3764 3101 3835 quinarum
3123 3768 3376 3839 partium
3401 3772 3469 3828 16

1829 3850 1899 3905 de
1932 3850 2003 3904 90
2032 3850 2297 3922 partibus
2329 3849 2774 3923 subintelligens
2805 3854 3094 3910 claudere.

1900 3939 1977 3993 Ex
2006 3938 2099 3993 his
2131 3938 2388 4010 quinque
2418 3939 2703 4011 partibus,
2737 3941 2768 3995 Δ
2818 3941 3090 4014 utrinque
3128 3943 3284 4001 circa
3310 3963 3340 4003 ε
3366 3964 3457 4004 se-

1829 4044 2018 4094 cerne,
2050 4031 2107 4083 et
2136 4028 2366 4101 punctis
2423 4027 2694 4100 superius
2722 4030 2766 4100 f,
2819 4030 3066 4088 inferius
3112 4050 3147 4102 g
3184 4033 3461 4095 inscribe.

1826 4116 2034 4187 Sicque
2072 4116 2224 4172 inter
2252 4134 2281 4173 c
2308 4120 2366 4172 et
2400 4118 2443 4188 f,
2486 4117 2739 4189 itemque
2768 4118 2922 4175 inter
2947 4135 2977 4176 c
3004 4124 3063 4177 et
3087 4139 3141 4194 g,
3168 4124 3239 4178 24
3268 4129 3463 4197 partes

1826 4205 1897 4261 de
1924 4204 1995 4259 90
2022 4204 2280 4261 inclusas
2320 4205 2547 4262 noveris
2587 4222 2735 4262 esse.
2778 4207 2981 4264 Postea
3016 4210 3076 4265 in
3116 4218 3381 4284 punctae
3408 4220 3465 4273 et

1823 4296 1867 4364 /.
1898 4292 2008 4358 vel,
2042 4292 2091 4347 si
2123 4293 2329 4361 mavis,
2358 4294 2391 4348 d
2420 4297 2476 4348 et
2492 4312 2545 4365 g,
2592 4294 2782 4367 posita
2822 4296 3041 4370 regula,
3089 4300 3222 4358 vide
3266 4303 3326 4359 in
3348 4321 3464 4377 quo

1826 4380 1951 4437 loco
1972 4380 2210 4448 lineam,
2230 4383 2302 4437 ab
2323 4382 2541 4439 oriente
2560 4382 2620 4438 in
2656 4384 3014 4442 occidentem
3054 4404 3157 4459 per
3176 4390 3210 4446 b
3249 4408 3285 4446 a
3302 4408 3333 4447 ε
3351 4394 3462 4450 du-

1824 4474 2001 4536 ctam,
2031 4474 2193 4526 extra
2240 4471 2527 4527 circulum
2576 4475 2800 4545 tangat,
2854 4474 3051 4546 ibique
3097 4482 3238 4534 nota
3286 4480 3318 4535 b
3346 4480 3458 4539 im-

1824 4574 2050 4631 pressa,
2081 4559 2283 4615 circini
2314 4561 2490 4632 pedes
2519 4560 2577 4616 in
2609 4578 2644 4616 α
2687 4566 2746 4617 et
2789 4563 2826 4617 Ιι
2857 4562 3039 4636 ﬂgito,
3086 4569 3146 4621 et
3190 4565 3459 4627 latiorem

1824 4648 2050 4704 solstitii
2077 4648 2333 4703 hiemalis
2360 4647 2642 4705 circulam
2670 4654 2866 4706 centro
2898 4668 2958 4719 a,
3004 4655 3061 4707 et
3089 4652 3392 4715 intervallo
3422 4658 3460 4716 Ιι

1825 4736 2266 4792 circumducito.
2300 4737 2442 4793 Item
2490 4736 2550 4793 in
2600 4742 2817 4810 puncta
2855 4756 2884 4795 e
2930 4744 2988 4796 et
3028 4758 3083 4810 ο,
3114 4742 3231 4799 sive
3258 4744 3293 4800 d
3319 4750 3378 4803 et
3411 4751 3460 4820 Γ,

1826 4823 2087 4897 regulam
2114 4841 2317 4897 pones,
2349 4828 2405 4880 et
2435 4825 2535 4881 ubi
2566 4825 2780 4883 lineam
2804 4829 3140 4900 praedictam
3172 4831 3202 4888 b
3230 4850 3265 4889 α
3290 4839 3463 4894 ctan-

1826 4914 1929 4987 git,
1961 4918 2158 4970 notam
2190 4916 2213 4969 i
2248 4914 2517 4987 infigens,
2568 4915 2978 4985 nihilominus,
3027 4919 3139 4977 ﬁxo
3186 4921 3246 4978 in
3294 4942 3328 4981 a
3357 4931 3466 4985 eti

1826 5003 2063 5071 circino,
2099 5002 2616 5059 minimum-aestivi
2634 5006 2856 5061 solstitii
2883 5006 3168 5066 circulum
3201 5020 3400 5073 centro
3428 5035 3461 5075 α

1828 5091 2123 5148 circinato.
2214 5118 2235 5127 ο

2461 5181 2700 5238 CAPUT
2750 5183 2819 5239 II.

2353 5272 2430 5326 De
2466 5272 2927 5330 almucantarath.

1896 5359 2000 5415 His
2024 5358 2257 5415 circulis
2286 5358 2369 5415 ita
2400 5360 2672 5427 inventis,
2700 5362 3092 5436 quodcunque
3110 5364 3288 5421 clima
3317 5384 3457 5426 ceu-

1829 5448 2072 5504 stituere
2120 5448 2285 5515 velis,
2317 5450 2447 5518 ejus
2478 5448 2733 5531 climatis
2784 5451 3112 5508 altitudinis
3166 5457 3306 5524 quot
3335 5456 3458 5516 sint

1826 5537 2044 5609 gradus
2073 5537 2222 5603 vide,
2255 5542 2453 5610 utpote
2479 5540 2651 5609 primi
2684 5539 2936 5596 climatis
2975 5541 3059 5605 15,
3092 5541 3328 5595 secundi
3357 5546 3452 5619 23,

1823 5626 1978 5679 tertii
2009 5626 2098 5693 30,
2124 5627 2312 5696 quarti
2339 5628 2428 5694 36,
2451 5627 2639 5699 quinti
2686 5628 2773 5696 41,
2817 5629 2958 5684 sexti
2982 5628 3065 5690 45,
3096 5625 3325 5695 septimi
3357 5632 3448 5705 48,

1824 5715 1893 5771 Et
1921 5718 2006 5769 tot
2034 5719 2231 5786 partes
2260 5716 2331 5771 de
2360 5716 2448 5782 90,
2482 5733 2516 5771 a
2545 5733 2575 5771 ε
2596 5733 2798 5773 versus
2827 5733 2874 5785 e,
2903 5728 3128 5771 secerne
3152 5729 3164 5776 ;
3188 5711 3448 5787 itemun
