3880 6360
67 655 326 725 diumque
356 650 642 707 circulum
674 651 1020 708 altrinsecus
1050 651 1227 708 simul
1251 657 1308 707 et
1329 652 1507 707 alium
1529 652 1689 705 colu—

66 759 183 799 rum
213 740 282 796 ad
313 738 544 812 singula
564 745 779 813 puncta
803 741 1134 806 intersecat,
1170 747 1342 812 atque
1373 757 1474 812 per
1503 740 1690 811 ipsius

63 828 229 887 coluri
246 828 458 884 lineam
472 827 530 883 in
544 828 684 883 bina
696 828 1126 900 hemisphaeria,
1144 830 1244 884 sed
1266 846 1379 884 non
1394 827 1692 899 aequaliter

65 918 361 983 dividatur;
406 917 517 989 ipsi
567 933 799 988 quoque
846 933 1164 989 congruam
1209 916 1598 983 latitudinem,
1633 916 1691 970 in

60 1024 167 1085 qua
205 1005 443 1065 nomine.
485 1006 789 1061 duodecim
840 1007 1165 1078 signorum,
1196 1010 1253 1061 et
1300 1005 1691 1076 quarumdam

62 1094 349 1154 stellarum
370 1094 612 1151 inscribi
635 1095 880 1166 possint,
904 1095 976 1150 ad
1002 1094 1232 1149 libitum
1257 1094 1466 1149 tribue.
1493 1093 1695 1165 Spatia

59 1199 177 1241 vero
195 1186 251 1240 et
273 1181 678 1255 locaipsorum
701 1183 1007 1238 duodecim
1029 1183 1330 1254 signorum
1355 1182 1463 1237 hoc
1497 1182 1688 1236 modo.

705 1314 937 1371 CAPUT
970 1316 1035 1370 V.

364 1426 447 1478 De
470 1423 664 1495 spatii:
691 1423 976 1493 signorum
1005 1422 1368 1478 inveniendis.

131 1537 453 1595 Muimum
504 1538 745 1593 tertium
806 1538 1160 1594 circulorum
1217 1540 1277 1593 in
1338 1540 1404 1593 12
1455 1539 1692 1610 partire,

53 1642 529 1699 unumquemque
560 1626 781 1682 scilicet
812 1628 1199 1698 quadrantem
1224 1628 1282 1683 in
1315 1628 1445 1682 tria.
1474 1628 1693 1683 Dehinc

1077 428 1312 493 LIBER
1354 430 1455 492 DE
1499 430 1874 495 MENSURA
1921 429 2410 492 ASTROLABII.

70 567 170 623 sita
202 578 303 636 per
338 559 688 617 diametrum
726 565 888 634 parte
927 563 1180 633 maxime
1220 564 1529 631 adunetur,
1571 580 1686 617 me-
1714 565 1768 629 Α

3308 430 3431 496 388

2442 560 2670 617 CAPUT
2710 561 2799 617 VI.

2271 650 2341 704 De
2367 651 2632 720 positione
2659 651 2961 705 stellarum.

1869 738 1983 792 Hoc
2016 738 2186 792 modo
2205 737 2436 792 zodiaco
2458 739 2708 809 perfecto
2732 744 2936 794 acutos
2953 738 3262 795 claviculos
3281 757 3439 813 spar-

1800 827 1909 881 sim
1942 828 2115 881 certis
2145 826 2204 880 in
2253 825 2397 881 locis
2427 825 2485 879 in
2512 827 2943 892 .Alhancabuth
2994 828 3157 897 ﬁxos,
3190 846 3439 900 quorum

1800 916 2070 971 acumina
2101 914 2561 969 clarissimarum
2592 917 2984 987 quarumdam
3011 918 3315 974 stellarum
3357 918 3442 973 vi-

1799 1003 2266 1067 cemtenent,bac
2279 1003 2496 1059 ratione
2510 1005 2808 1075 ponendos
2824 1006 3441 1063 docentastronomici.

1800 1095 2238 1163 Quamcumque
2267 1108 2404 1163 erga
2442 1092 2669 1147 stellam
2714 1093 2775 1148 in
2823 1111 2889 1149 eo
2932 1094 3120 1150 locare
3167 1095 3442 1167 volueris,

1800 1182 1985 1252 prius,
2009 1180 2066 1235 in
2081 1181 2294 1251 pagina
2306 1181 2653 1252 subscripta,
2671 1188 2875 1239 contra
2890 1200 3061 1253 quem
3078 1186 3327 1256 gradum
3342 1201 3445 1241 cu-

1794 1272 2128 1341 juscunque
2152 1271 2219 1323 12
2240 1268 2538 1340 signorum
2564 1271 2761 1325 eadem
2786 1272 2918 1341 poni
2945 1272 3171 1339 debeat,
3192 1273 3359 1342 vide;
3384 1278 3447 1329 et

1801 1358 1859 1412 in
1881 1358 2154 1411 eumdem
2168 1358 2306 1428 grad
2318 1374 2415 1411 um
2428 1358 2672 1428 atquein
2688 1359 3152 1416 triumcoelorum
3171 1366 3440 1418 centrum

1802 1444 2065 1517 regulam
2079 1462 2323 1517 ponens,
2348 1446 2599 1500 mediam
2613 1447 2876 1516 ejusdem
2898 1448 3178 1505 denticuli
3195 1466 3299 1505 seu
3311 1449 3446 1506 stel-

1801 1534 1871 1589 lae
1899 1534 2113 1589 lineam
2145 1534 2350 1605 dirige,
2384 1540 2695 1605 postquam
2719 1536 2789 1591 ab
2817 1553 2882 1593 eo
2906 1538 3093 1608 gradu
3114 1555 3229 1610 quo
3262 1539 3448 1595 maxi-

1806 1638 1934 1676 mus
1964 1639 1998 1677 a
2027 1620 2229 1693 regula
2250 1622 2504 1678 circulus
2528 1624 2895 1694 tangitur,tot
2915 1626 3132 1696 gradus
3154 1626 3215 1681 in
3244 1627 3453 1682 eodem

50 1713 307 1788 regulam
332 1718 554 1771 rectam
577 1715 648 1772 ad
680 1713 946 1787 singulas
976 1714 1044 1770 42
1074 1720 1286 1787 partes,
1326 1719 1383 1770 et
1414 1716 1483 1770 ad
1516 1716 1691 1771 trium
1805 1710 2055 1766 maximo
2096 1710 2332 1777 circulo,
2368 1712 2466 1782 qui
2498 1712 2557 1765 in
2588 1713 2694 1766 360
2722 1713 2946 1769 divisus
2973 1720 3085 1783 est,
3119 1716 3457 1788 iterumque

49 1802 392 1861 circulorum
442 1808 710 1860 centrum
770 1804 989 1875 ponito,
1041 1808 1098 1859 et
1136 1804 1467 1871 Zodiacum,
1517 1822 1694 1875 quem
1804 1816 2046 1854 numera
2076 1804 2218 1870 quot
2247 1799 2433 1854 eidem
2486 1799 2664 1855 stellas
2696 1803 2751 1855 in
2802 1802 3006 1857 eadem
3053 1804 3335 1875 ascriptos
3366 1804 3453 1859 vi-

50 1891 590 1959 fe‘cerascirculum,
610 1890 709 1947 ubi
727 1892 799 1947 ad
821 1891 1085 1962 singulas
1108 1892 1426 1963 positiones
1446 1892 1697 1964 aregula
1726 1935 1774 1999 Β
1804 1887 1957 1943 deris
1988 1888 2220 1959 pagina.
2244 1892 2303 1942 et
2332 1886 2427 1941 ubi
2460 1905 2738 1945 numerus
2765 1889 2891 1961 ipse
2920 1891 3194 1963 utrinque
3225 1892 3451 1958 ﬁnitur,

50 1979 277 1999 s-m_21_._,
350 1980 523 1999 I!#_3_
578 1984 757 1999 __-_A-
847 1985 887 1999 ,ι
926 1980 990 1999 Ῡιγ
1044 1981 1102 1999 In
1142 1981 1187 1999 3,
1237 1996 1287 1999 A,
1354 1997 1387 1999 _,
1455 1981 1489 1999 ι·
1678 1982 1691 1999 ι
1804 1976 1879 1999 ειηε
1908 1976 2520 1999 .1Λ..ἷ.........-.,....1...Δ
2548 1994 2690 1999 --..-
2739 1979 3022 1999 -Α------Ι.2
3054 1979 3218 1999 _L_II,_
3242 1980 3379 1999 I!__--
3422 1997 3445 1999 μ

44 1979 317 2053 tangitur,
350 1980 527 2036 lineis
574 1984 788 2048 senato,
839 1985 895 2035 et
926 1980 1004 2034 ita
1034 1981 1103 2035 l2
1141 1981 1199 2036 in
1230 1996 1296 2035 eo
1347 1981 1553 2050 spatia,
1594 1982 1696 2036 sed
1726 1976 1774 1999 ”
1804 1976 1882 2030 ibi
1905 1976 2253 2031 altrinsecus
2268 1976 2525 2046 regulam
2548 1994 2716 2048 pone,
2735 1983 2910 2049 atque
2928 1979 3025 2034 ubi
3048 1979 3450 2037 stellaslineaa

46 2078 151 2125 non
171 2067 429 2141 aqualia
455 2068 716 2125 efﬁciens
746 2069 806 2123 in
838 2069 1084 2124 minoris
1114 2068 1505 2139 hemisphaerii
1540 2070 1698 2125 senis
1807 2064 2379 2136 regulatangitur,ibi
2399 2082 2639 2120 acumen
2655 2068 3450 2139 porrectionisejusahscidac

45 2157 243 2228 spatiis
272 2170 423 2217 sena
448 2155 618 2228 signa
656 2157 728 2213 ab
758 2156 951 2211 Ariete
994 2174 1182 2228 usque
1229 2158 1463 2212 Libram
1498 2162 1699 2212 contra
1807 2161 1935 2208 tur:
1962 2154 2027 2208 V.
2054 2154 2118 2209 G.
2144 2154 2425 2208 Alramech
2446 2154 2504 2208 in
2523 2172 2665 2209 zona
2683 2155 2875 2210 Bootis
2896 2157 3068 2212 ﬁxam
3095 2159 3448 2229 positainvi-
3548 2192 3553 2197 ς

48 2246 326 2303 mundum
374 2260 412 2300 a
440 2246 678 2301 dextera
706 2245 929 2300 scilicet
955 2245 1014 2299 in
1055 2245 1358 2300 sinistram
1408 2246 1693 2301 ordinato.
1806 2243 2019 2298 cesimo
2034 2248 2237 2313 quarto
2255 2243 2436 2314 gradu
2454 2243 2790 2308 Librae,etin
2805 2251 3000 2300 centro
3018 2246 3195 2301 trium
3211 2248 3449 2304 circulo-

44 2334 101 2389 In
127 2334 381 2406 majoris
413 2349 647 2406 quoque
676 2334 917 2388 totidem
969 2335 1175 2404 spatiis
1229 2333 1343 2388 alia
1389 2336 1631 2389 totidem
1664 2352 1699 2391 a
1807 2350 1933 2385 rum
1957 2320 2509 2401 regulalineabis,et
2528 2333 2597 2386 ab
2613 2348 2677 2386 eo
2692 2333 2871 2404 gradu
2894 2333 2950 2387 in
2966 2335 3218 2391 maximo
3236 2337 3451 2393 circulo

49 2422 209 2481 Libra
234 2436 437 2494 usque
467 2422 538 2478 ad
568 2422 823 2477 Arietem
866 2421 1051 2493 signa.
1096 2424 1306 2493 Sicque
1337 2423 1408 2475 ab
1440 2423 1695 2492 aaquino-
1803 2420 1873 2472 65
1902 2420 2120 2490 gradus
2152 2419 2424 2491 utrinque
2465 2436 2800 2488 numerans,
2850 2422 2948 2476 ubi
2998 2422 3123 2494 ipse
3171 2438 3454 2482 numerus

44 2510 189 2567 ctiali
220 2510 452 2568 circulo
484 2526 671 2582 usque
687 2511 758 2566 ad
806 2510 1073 2565 aestivum
1105 2510 1288 2595 Aries,
1317 2512 1567 2576 Taurus,
1588 2512 1698 2566 Ge-
1805 2508 2481 2579 terminatur,apposita
2507 2508 2708 2580 regula
2740 2527 2980 2567 acumen
3019 2514 3460 2588 Alramechjux-
3522 2578 3536 2595 ε

44 2600 179 2656 mini
199 2599 652 2672 protenduntur
675 2617 689 2667 ;
711 2598 960 2669 indeque
982 2586 1309 2654 rursum'ad
1331 2600 1699 2671 mquinoctia-
1809 2602 1862 2651 ta
1889 2612 2016 2651 eam
2042 2598 2216 2651 finem
2250 2597 2544 2651 sortiatur.

41 2687 147 2744 lem
167 2688 403 2746 Cancer
424 2704 561 2743 cum
582 2688 766 2743 Leone
786 2692 843 2743 et
862 2687 1097 2758 Virgine
1119 2687 1490 2743 reclinantur.
1528 2690 1696 2745 Porro
1875 2685 2086 2739 Eodem
2122 2686 2315 2751 modo,
2341 2686 2511 2755 juxta
2536 2701 2811 2743 numeros
2840 2687 2898 2743 in
2930 2690 3056 2760 ipsa
3086 2693 3298 2764 pagina
3330 2695 3452 2750 sin-

43 2777 166 2833 inde
199 2777 274 2833 ad
308 2776 631 2832 hiemalem
685 2775 869 2842 Libra,
915 2776 1189 2847 Scorpius
1235 2776 1697 2849 Sagittariusque
1804 2773 1955 2844 gulis
1986 2772 2170 2827 stellis
2193 2774 2494 2843 ascriptos,
2518 2778 2649 2845 post
2668 2775 2970 2832 Alramech
2992 2779 3047 2832 in
3070 2780 3196 2851 ipso
3216 2782 3451 2841 zodiaco

38 2865 360 2938 devergunt
384 2884 401 2934 ;
437 2870 498 2921 et
526 2864 662 2920 inde
692 2864 895 2919 itidem
926 2865 997 2920 ad
1021 2864 1483 2936 aequinoctialem
1506 2866 1697 2936 Capri-

40 2966 242 3011 comas
265 2971 413 3011 cum
436 2953 696 3025 Aquario
726 2958 784 3009 et
810 2953 1074 3008 Piscibus
1104 2958 1435 3024 resurgunt.
1472 2955 1532 3008 In
1557 2972 1695 3009 con-

37 3042 165 3100 finio
194 3060 451 3117 quoque
480 3042 773 3115 Sagittarii
793 3047 849 3097 et
870 3043 1199 3112 Capricorni
1218 3043 1456 3113 quidam
1480 3043 1694 3114 promi-

37 3137 126 3187 net
169 3132 528 3215 denticulus
573 3131 778 3187 Almeri
823 3131 1083 3196 Arabice,
1131 3131 1186 3185 ld
1236 3137 1345 3197 est,
1394 3133 1697 3188 calculator

35 3221 340 3279 vocitatus.
372 3258 378 3269 ι

1803 2863 1961 2931 Efeca
2023 2861 2231 2930 album,
2284 2862 2553 2931 Althahzr,
2622 2864 2811 2933 Delﬁn,
2872 2867 3122 2937 Zalferaz
3164 2868 3449 2928 locentur.

1806 2953 1864 3005 In
1899 2951 2135 3022 parvulo
2162 2951 2374 3006 circulo
2397 2950 2549 3007 circa
2573 2958 2836 3008 centrum
2870 2956 2941 3011 ad
2987 2957 3095 3013 hoc
3118 2960 3288 3030 juxta
3325 2960 3455 3033 pla-

1803 3040 1982 3095 citum
2033 3039 2432 3095 circumducto
2484 3043 2750 3111 Benenaz,
2806 3045 2980 3115 Wega,
3034 3047 3225 3119 Altrif,
3270 3050 3455 3122 Algol,

1803 3129 2092 3194 Albuzoch,
2126 3130 2359 3199 Egregez.
2388 3135 2444 3184 et
2473 3131 2745 3186 Alrucuba
2787 3134 3147 3191 ordinentur.
3188 3139 3265 3198 In.
3293 3145 3460 3211 parte

1801 3234 1933 3273 vero
1954 3217 2341 3288 aequinoctiali
2363 3218 2561 3274 circuli
2577 3236 2609 3274 a
2622 3221 2853 3293 regione
2866 3223 3041 3278 Tauri
3057 3241 3238 3297 usque
3251 3229 3320 3282 ad
3336 3228 3457 3284 Vir-

92 3311 175 3365 Ad
198 3315 412 3383 partes
440 3325 578 3366 vero
608 3309 727 3365 sive
748 3309 963 3380 gradus
994 3308 1255 3378 ipsorum
1295 3310 1599 3381 signorum
1636 3309 1697 3365 in
1728 3297 1771 3363 C
1810 3306 2102 3379 ginem,ad
2118 3306 2225 3361 hoc
2241 3306 2621 3362 nihilominus
2635 3309 3452 3386 relictaAldebaram,Algenze,

35 3395 553 3471 declivoejusdem
579 3395 800 3453 zodiaci
843 3396 1020 3451 latere
1044 3397 1460 3452 discernendos
1495 3399 1698 3468 praefa-

34 3487 116 3541 tas
136 3488 204 3542 12
218 3484 484 3543 maximi
506 3484 707 3540 circuli
724 3490 915 3555 partes
933 3484 990 3538 in
1004 3485 1205 3551 6,item
1225 3484 1487 3557 singulas
1504 3491 1699 3556 partes

32 3575 265 3645 partire,
299 3579 367 3633 et
400 3574 482 3630 ad
532 3572 794 3645 singulas
847 3572 1188 3644 partitiones
1229 3574 1589 3644 ipsas,atque
1626 3574 1698 3629 ad

30 3662 197 3720 trium
226 3662 605 3721 circulorum
635 3666 899 3718 centrum
930 3661 1215 3733 regulam,
1252 3663 1347 3717 ubi
1381 3680 1579 3733 supra,
1598 3680 1700 3734 po-

1807 3396 2135 3463 Algomeiw,
2159 3394 2419 3449 Aldiraan
2451 3405 2502 3450 et
2522 3396 2947 3452 Calladorazeda
2988 3402 3313 3458 statuantur.

1879 3486 1938 3537 In
1974 3484 2226 3536 maximo
2259 3488 2451 3537 autem
2502 3483 2735 3538 hiemali
2774 3485 3013 3556 circulo,
3046 3490 3144 3560 qui
3176 3491 3246 3545 ad
3294 3492 3452 3549 hunc

1806 3572 2003 3626 itidem
2031 3587 2203 3625 usum
2249 3573 2321 3626 ab
2351 3572 2606 3641 Aquario
2650 3590 2836 3644 usque
2866 3576 2938 3630 ad
2980 3578 3357 3651 Sagittarium
3388 3582 3448 3637 in

1807 3660 2079 3716 extremis
2109 3658 2332 3715 volvelli
2364 3660 2628 3715 terminis
2660 3661 3030 3735 relinquitur,
3063 3668 3446 3741 Denebalgedi,

33 3768 187 3825 nens,
220 3758 283 3811 et
311 3753 640 3811 zodiacum
671 3751 978 3818 circulum,
1010 3751 1106 3804 ubi
1141 3750 1396 3822 aregula
1416 3752 1694 3823 tangitur,
1809 3751 2200 3814 Benebcaitox,
2246 3750 2626 3818 Patancaitox,
2662 3753 2837 3822 Rigel,
2886 3754 3142 3823 Alhabor,
3188 3759 3455 3831 Alhurab,

29 3841 265 3915 signans
297 3842 364 3899 in
401 3840 667 3913 singulis
695 3840 766 3895 12
784 3840 968 3912 signis
1000 3856 1158 3904 sena,
1193 3840 1250 3894 in
1292 3844 1411 3895 toto
1444 3856 1575 3895 vero
1606 3858 1699 3896 zo-
1808 3837 2117 3893 Alchimech
2143 3843 2202 3892 et
2233 3837 2611 3909 Calbalagrah,
2640 3842 2908 3910 quamvis
2939 3861 3055 3900 non
3080 3847 3223 3903 adeo
3253 3849 3450 3918 utiles,

28 3929 187 3989 dieeo
210 3935 288 3991 72
318 3930 563 3990 efficies
613 3927 933 3995 intervalla,
968 3926 1198 3999 singula
1236 3928 1450 3999 quinos
1494 3930 1567 3983 de
1598 3930 1704 3984 360
1810 3927 2483 3997 utpoteinAustrojuxta
2500 3928 2854 3986 horizontem
2870 3932 3120 3990 dimerse
3137 3941 3450 4008 ponantur,

26 4021 197 4078 totius
227 4019 461 4077 circuli
488 4018 770 4091 gradibus
801 4015 1267 4088 complectentia.
1812 4021 1877 4072 ut
1896 4017 2136 4071 brsefata
2164 4016 2377 4087 pagina
2406 4016 2605 4072 subter
2630 4019 2882 4091 ascripta
2908 4021 3092 4078 docet.

310 4146 415 4200 24,
715 4143 803 4196 65.
957 4140 1146 4195 Libra.
1468 4140 1795 4197 Alramech.

197 4218 268 4273 16
299 4216 403 4271 vel
444 4215 519 4269 15
718 4214 805 4268 71.
953 4210 1247 4281 Scorpius.
1460 4212 1649 4268 Elfeca
1677 4214 1763 4270 vel
1788 4212 2001 4268 Mimir.

308 4289 415 4342 24.
716 4285 805 4338 57.
952 4282 1319 4353 Sagittarius.
1457 4283 1729 4339 Alhaum.

299 4360 402 4414 14.
950 4352 1250 4433 Scorpius.
1442 4354 1673 4433 fallahir
1702 4356 1789 4413 vel
1818 4356 2074 4412 Abiatra.

293 4433 401 4486 25.
705 4427 796 4502 69.
943 4425 1353 4502 Capricornus.
1437 4425 1704 4502 Delphin.
2371 4425 2434 4502 ln
2465 4426 2647 4502 cauda
2676 4428 3026 4502 Capricorni.

290 4503 395 4557 20.
520 4566 523 4567 7
704 4498 794 4553 65.
938 4496 1250 4567 Aquarius.
1441 4496 1679 4553 Alferat.
2372 4497 2434 4552 In
2465 4498 2703 4567 Pegaso.

210 4575 287 4630 12
317 4570 423 4628 vel
465 4566 555 4625 18.
700 4570 790 4623 21.
938 4566 1185 4640 Taurus.
1439 4567 1711 4640 Alhapid.
2370 4569 2432 4623 In
2464 4566 2622 4624 Telo.

304 4643 412 4699 29.
705 4640 796 4713 73.
943 4638 1348 4713 Capricornus.
1435 4637 1611 4713 Alrit‘.‘
2364 4641 2427 4713 ln
2458 4644 2671 4713 Cygno.

346 4716 378 4770 1
391 4755 408 4768 .
705 4712 796 4784 72.
943 4708 1349 4784 Capricornus.
1434 4710 1637 4784 Wega.
2369 4710 2432 4784 7In
2457 4708 2630 4784 Lyra.

310 4788 412 4842 18.
700 4782 788 4839 74.
939 4781 1129 4835 Libra.
1432 4781 1715 4839 Benenaz.

2366 4783 2426 4837 In
2455 4781 2727 4841 Temone.

300 4860 413 4915 25.
700 4853 787 4928 ξίι.
934 4850 1230 4928 Scorpius.
1422 4853 1805 4928 Calbalagrat.
2356 4853 2420 4907 In
2443 4854 2779 4928 Scorpione.

346 4931 411 4985 8,
696 4923 783 4977 39.
934 4923 1126 4977 Libra.
1423 4923 1778 4980 Alchiméch.

307 5002 409 5056 18.
689 4995 779 5048 61.
926 4993 1120 5065 Virgo.
1420 4995 1701 5066 Algurali.

333 5075 402 5127 2.
512 5137 523 5139 7
690 5066 779 5139 36.
925 5066 1156 5139 Cancer.
1412 5066 1670 5139 élhabor
1696 5066 2045 5139 Mangam‘al.
2151 5136 2163 5139 _
2352 5066 2415 5139 ln
2447 5066 2729 5139 Piscibus.

237 5147 279 5201 8
308 5141 419 5212 vel
455 5137 555 5212 13.
629 5209 645 5212 _
684 5137 774 5212 39_.
810 5206 867 5212 __
923 5136 1172 5212 Gemini.
1417 5137 1581 5212 ltigel
1611 5136 1875 5207 Alicime,
1905 5136 2189 5192 cillancol.
2348 5137 2627 5212 Inlibra.

208 5215 284 5271 21
323 5211 429 5271 vel
466 5209 565 5263 20.
616 5209 652 5262 6
682 5206 769 5263 vel
801 5206 890 5264 35.
923 5207 1108 5261 Aries.
1418 5206 1805 5264 Painmeator.

330 5286 440 5341 20.
619 5349 623 5350 7
692 5278 781 5333 36.
929 5278 1143 5350 Pisces.
1420 5277 1864 5350 Denepcaitox.7
2202 5349 2207 5350 7
2265 5349 2270 5350 7
2357 5279 2418 5334 ln
2451 5280 2717 5338 Piscibus

371 5357 437 5411 8.
602 5349 671 5403 19
698 5350 786 5406 vel
815 5351 902 5406 35.
926 5349 1235 5420 Aquarius.

202 5431 283 5488 27
316 5426 423 5485 vel
457 5423 565 5478 26.
605 5421 676 5476 69
704 5422 790 5477 vel
818 5424 907 5478 61.
930 5422 1176 5475 Taurus.

1423 5349 1762 5422 Lidid’enopi
1785 5349 1874 5406 vel
1905 5349 2278 5422 Denebalgidi

1422 5422 1752 5492 Anabagedi
1782 5422 1870 5477 vel
1899 5422 2244 5477 Aldebaran.

2356 5353 2415 5405 In
2445 5351 2813 5423 Capricorno.

301 5501 410 5558 48.
697 5494 790 5549 55.
938 5490 1186 5548 Gemini.
1422 5490 1684 5565 Malenae
1714 5492 1803 5547 vel
1828 5492 2098 5565 Algenxe.

191 5575 267 5632 17
301 5570 409 5631 vel
445 5568 550 5623 12.
695 5566 784 5620 56.
933 5564 1168 5619 Cancer.
1422 5562 1714 5619 Malerixe.

338 5645 405 5702 6.
696 5636 782 5692 52.
932 5634 1063 5690 Leo.
1425 5634 1632 5706 Algoze
1659 5632 1748 5690 vel
1772 5634 2124 5706 Algomeiza.

338 5650 405 5702 6.
696 5650 782 5692 az.
932 5650 1063 5690 L60.
1425 5650 1632 5763 mgoze
1659 5650 1748 5690 V81
1772 5650 2124 5706 Aigomeiza.

303 5716 409 5774 18.
682 5707 775 5765 61.
923 5706 1050 5763 Leo.
1421 5706 1491 5761 Al
1538 5708 1683 5763 iran.
2362 5708 2424 5765 In
2457 5709 2662 5769 Leone.

695 5778 784 5840 71.
930 5781 1176 5840 Taurus.
1409 5776 1663 5845 Caldata.
1693 5776 1948 5855 Zelapes.
2334 5780 2401 5839 In
2430 5779 2637 5845 Leone.

291 5787 398 5853 10.
