3880 6346
447 427 563 494 387

761 561 814 615 3.
1087 561 1176 616 74.
1337 563 1584 618 Gemini.
1710 575 1722 590 ο
1807 560 2012 618 Algon.

736 633 816 688 19.
983 633 1054 686 66
1086 631 1172 688 vel
1200 635 1254 688 5.
1328 634 1451 690 Leo.
1807 630 2198 687 Halhazhoch.

633 743 650 760 .
721 775 813 859 26,
1070 774 1161 830 72.
1309 776 1542 828 Cancer.

1274 427 1692 492 HERMANNI
1737 425 2174 492 CONTllACTI
2220 425 2634 490 AUGIENSIS
2680 421 3061 490 MONACHI.
3711 423 3806 490 3E

2737 561 2846 632 Pes
2875 559 3058 632 dextri
3087 557 3476 632 Sagittatoris.

2729 631 2976 757 Sinistter
2991 629 3288 714 .hume'rus
3312 629 3568 702 Sagitta-

2921 719 3057 758 oris.

1821 771 2134 828 Alrueuba.
2203 773 2469 845 Egregez.

519 923 636 978 Hoc
665 923 837 978 modo
865 920 1269 976 Alhancabuth
1301 925 1709 976 mensuratum
1729 923 1940 990 totum,
1963 920 2092 976 ubi-
2122 923 2176 988 Α
2205 921 2413 978 diebus
2426 922 2561 977 anni
2578 919 2780 977 360vel
2803 922 2840 976 5
2851 920 3045 994 potius
3063 919 3252 976 adhuc
3285 919 3502 976 additis
3519 918 3809 975 dividatur:

445 1027 675 1083 cunque
697 1013 878 1075 vacat,
903 1008 1210 1082 diligenter
1239 1009 1418 1065 facias
1463 1008 1742 1082 perforari
1785 1013 1842 1064 et
1878 1024 2085 1081 perpo-

443 1099 560 1167 liri,
593 1103 746 1154 recto
777 1104 968 1152 tamen
995 1097 1229 1153 zodiaco
1259 1101 1315 1153 et
1339 1099 1602 1169 partibus
1632 1097 1878 1153 aliorum
1900 1096 2085 1152 circu-

441 1187 647 1252 lerum,
681 1203 828 1257 quos
861 1185 996 1252 dixi,
1030 1201 1161 1240 cum
1185 1185 1374 1241 stellis
1395 1185 1540 1252 suis,
1565 1191 1621 1240 et
1641 1185 1892 1256 quadam
1915 1201 2086 1257 regu-

443 1276 497 1329 la
513 1291 614 1346 per
632 1274 825 1329 Pisces
842 1278 898 1329 et
917 1273 1212 1346 Virginem
1253 1275 1579 1329 secundum
1617 1273 1794 1328 alium
1821 1273 2084 1328 colurum

441 1364 634 1429 ducta,
667 1379 794 1434 quae
827 1362 985 1434 ipsos
1003 1361 1274 1416 videlicet
1294 1379 1428 1417 cum
1451 1361 1640 1416 medio
1664 1361 1842 1416 centri
1870 1361 2084 1416 circulo

441 1450 627 1522 possit
657 1450 952 1505 continere
983 1451 1053 1504 ad
1077 1450 1205 1519 ejus
1227 1449 1440 1504 relictis
1464 1449 1841 1516 soliditatem,
1867 1453 1930 1503 ut
1952 1465 2084 1504 eum

441 1538 614 1593 alicui
646 1537 1080 1610 superpositum
1112 1537 1330 1592 elimati
1361 1554 1463 1609 per
1491 1553 1677 1603 axem,
1700 1553 1873 1608 quem
1902 1538 2086 1592 Alchf-

443 1626 527 1682 tob
539 1629 765 1692 vocant,
785 1625 1003 1681 circum
1020 1625 1271 1680 volvitur
1282 1625 1694 1696 apparentibus
1706 1641 1809 1696 per
1819 1629 2084 1697 apertum

443 1713 668 1769 cunctis
699 1713 958 1784 ejusdem
992 1712 1248 1768 climatis
1262 1712 1626 1784 perigraphis
1639 1717 1820 1782 ortus,
1841 1729 2086 1767 occasus

443 1800 936 1872 exaltationesque
983 1800 1285 1872 signorum
1331 1804 1389 1855 et
1449 1799 1770 1866 stellarum,
1821 1800 2084 1870 ratioque

441 1891 716 1946 horarum
748 1888 968 1961 liquido
1002 1887 1344 1955 declaretur,
1381 1887 1534 1943 sicut
1566 1905 1668 1959 per
1697 1887 1884 1959 ipsius
1919 1891 2082 1944 ortus

444 1979 599 2045 [cod.,
631 1978 798 2048 ortis]
828 1977 1242 2048 experientiam
1273 1980 1326 2031 et
1367 1993 1542 2031 usum
1583 1977 1888 2031 manifeste
1935 1977 2082 2031 seire

439 2067 772 2123 volentibus
803 2066 1176 2138 approbatur.

1067 2178 1294 2235 CAPUT
1319 2177 1441 2234 VII.

905 2269 980 2322 De
1005 2270 1305 2340 partitione
1333 2266 1604 2324 Umbom's.

511 2376 628 2431 Hoc
659 2375 734 2430 ita
775 2375 1025 2446 perfecto
1089 2376 1400 2442 Umbanem,
1444 2374 1543 2444 qui
1589 2373 1776 2445 ipsam
1837 2377 2080 2429 matrem

441 2463 836 2522 Walzacoram
883 2463 1267 2530 circumdare,
1311 2466 1367 2517 et
1415 2465 1624 2517 cuncta
1654 2461 1950 2516 climatum
1990 2465 2076 2516 ta-

440 2551 630 2614 bulas.
663 2551 980 2623 ipsumque
1014 2551 1444 2623 superpositum
1479 2550 1880 2606 Albancabuth
1913 2551 2083 2606 debet

439 2640 913 2706 circumeludere,
945 2641 1136 2711 primo
1168 2640 1224 2694 in
1253 2643 1503 2710 quatuor
1521 2656 1703 2710 zequa,
1733 2646 1796 2694 ut
1816 2639 2082 2694 videlicet

438 2729 694 2802 praefatis
724 2729 1024 2782 conveniat
1053 2727 1287 2792 coluris,
1338 2727 1545 2781 divide.
1598 2726 1813 2782 Dehinc
1863 2742 2080 2780 unum-

439 2818 710 2890 quodque
723 2821 1063 2888 quartorum
1087 2816 1143 2870 in
1167 2816 1297 2880 tria,
1317 2820 1372 2870 et
1391 2815 1599 2870 horum
1617 2815 2081 2886 unumquodque

439 2907 496 2962 in
520 2923 662 2962 sena
685 2905 921 2978 partire,
947 2908 1012 2959 ut
1031 2903 1296 2960 videlicet
1323 2909 1479 2958 totus
1503 2903 1781 2960 Umbonis
1803 2903 2080 2958 circuitus

437 2994 609 3051 lineis
640 2993 812 3049 rectis
843 2993 1122 3048 distincta
1151 2994 1221 3046 72
1251 2991 1412 3063 paria
1432 2992 1724 3048 contineat
1753 2990 2075 3060 intervalla,

441 3088 496 3140 et
517 3083 976 3154 unumquodque
996 3081 1204 3136 horum
1229 3079 1668 3136 intervallorum
1689 3079 1954 3145 interius,
1977 3078 2077 3133 ubi

439 3172 776 3245 prominens
809 3171 864 3224 in
897 3169 1335 3225 Halhancabuth
1358 3173 1414 3224 at
1442 3167 1853 3239 Almeritingit,
1875 3168 1934 3221 in
1957 3167 2080 3238 qui-

441 3278 548 3317 nos
577 3261 767 3316 adhuc
783 3259 999 3332 gradus
1021 3258 1304 3324 discerne,
1329 3262 1392 3312 ut
1411 3255 1694 3312 circuiens
1715 3253 1934 3309 Almeri
1955 3255 2075 3309 die-

436 3366 565 3406 rum
588 3354 645 3405 et
675 3349 952 3404 horarum
975 3345 1370 3418 longitudines
1401 3344 1586 3416 possit
1614 3347 1966 3414 computare.

1046 3459 1275 3518 CAPUT
1305 3459 1452 3513 VIII.

563 3553 636 3607 De
659 3552 957 3622 partitione
975 3551 1278 3620 signorum,
1313 3548 1584 3602 mensium
1614 3555 1664 3602 et
1697 3545 1936 3602 dierum.

2197 1011 2352 1082 quod
2383 1010 2493 1066 hoc
2523 1011 2696 1066 modo
2727 1007 2960 1066 facilius
2990 1008 3200 1065 facies:
3233 1009 3318 1064 Ab
3340 1024 3456 1064 uno
3483 1006 3682 1064 circuli
3701 1023 3816 1080 qua-

2195 1098 2398 1154 drante
2453 1099 2740 1153 decimam
2798 1101 3056 1153 octavam
3113 1101 3332 1168 partem
3399 1095 3657 1163 seclude,
3725 1095 3814 1151 hac

2193 1191 2429 1258 excepta
2466 1187 2756 1259 reliquum
2787 1191 2974 1242 totum
3005 1186 3314 1242 circuitum
3345 1186 3406 1240 in
3441 1186 3531 1254 12,
3563 1188 3620 1241 et
3633 1199 3814 1240 uuam-

2194 1289 2486 1347 quamque
2508 1276 2914 1332 duodecimam
2935 1275 2996 1330 in
3019 1291 3188 1330 senas
3209 1273 3398 1329 divide
3410 1278 3626 1346 partes,
3640 1273 3814 1344 sicque

2195 1367 2600 1431 anuumerata,
2615 1380 2790 1435 quam
2813 1363 2970 1419 seelu
2979 1379 3136 1418 seras
3147 1405 3159 1429 ,
3175 1363 3325 1434 quad
3335 1362 3520 1418 rantis
3541 1364 3720 1433 parte,
3733 1361 3814 1416 de-

2195 1451 2406 1506 cimam
2430 1456 2688 1506 octavam
2713 1451 2771 1506 in
2805 1455 2923 1506 toto
2967 1451 3185 1507 circulo
3215 1452 3286 1506 70
3313 1449 3427 1506 tria
3463 1449 3714 1522 reperies
3741 1449 3814 1504 in-

2193 1539 2450 1610 tervalla,
2483 1541 2696 1612 quibus
2727 1539 3059 1612 singulisin
3096 1541 3132 1594 5
3163 1539 3395 1611 partitis
3425 1538 3609 1595 habes
3645 1538 3816 1593 circu-

2193 1627 2317 1683 lum
2349 1645 2452 1700 per
2478 1629 2584 1684 365
2615 1628 2738 1684 dies
2759 1627 3034 1683 divisum.

2263 1718 2427 1772 Tune
2499 1714 2823 1772 autumnali
2899 1715 3261 1787 equinoctio,
3330 1715 3486 1787 quod
3574 1711 3818 1769 moderni

2193 1805 2380 1876 primo
2433 1806 2616 1878 gradu
2689 1805 2928 1872 Arietis,
2989 1805 3044 1860 id
3095 1807 3217 1873 est,
3273 1803 3344 1858 45
3417 1801 3544 1858 Kal.
3622 1799 3818 1874 Aprili

2193 1894 2601 1950 ascribendum
2625 1893 2888 1960 credunt,
2920 1892 3205 1965 incipiens
3237 1893 3300 1946 14
3333 1891 3456 1948 dies
3487 1893 3627 1963 post
3653 1888 3818 1962 equi-

2191 1983 2474 2049 noctium,
2523 1982 2582 2036 id
2612 1985 2718 2050 est,
2751 1985 2883 2054 post
2919 1980 3133 2036 lineam
3181 1978 3604 2036 occidentalem
3633 1977 3693 2032 in
3721 1992 3818 2048 qua

2189 2072 2440 2127 Arietem
2459 2069 2769 2136 inchoasti,
2787 2069 2993 2125 Martio
3015 2069 3200 2125 mensi
3215 2063 3816 2137 tribue,deinchprili

2188 2161 2277 2228 30,
2309 2159 2460 2214 Maio
2487 2159 2576 2226 31,
2605 2157 2781 2213 Junio
2800 2158 2891 2224 30,
2913 2156 3067 2212 Julio
3084 2157 3444 2228 31,Augusto
3471 2155 3818 2227 31,Septem-

2189 2247 2276 2304 bri
2307 2247 2394 2314 30,
2427 2245 2658 2302 Octobri
2689 2245 2778 2314 31,
2811 2244 3117 2300 Novembri
3149 2245 3241 2312 30,
3288 2243 3578 2299 Decenbri
3607 2243 3696 2310 31,
3735 2241 3816 2298 Ja-

2190 2334 2394 2390 nuario
2425 2335 2513 2398 31,
2530 2333 2840 2389 Februario
2860 2333 2931 2387 28
2951 2337 3008 2388 et
3021 2331 3222 2388 Martio
3235 2345 3422 2402 usque
3441 2331 3512 2386 ad
3532 2329 3814 2403 prafatam

2189 2422 2518 2494 equinoctii
2547 2421 2798 2478 vernalis
2825 2420 3038 2477 lineam
3077 2419 3148 2475 l7
3175 2420 3484 2491 deputans,
3537 2419 3814 2491 integrum

2189 2512 2326 2568 anni
2357 2510 2643 2567 currentis
2667 2511 2974 2590 circuitum
3015 2507 3356 2580 complebis,
3399 2506 3642 2562 duabus
3671 2505 3816 2562 lineis

2187 2600 2434 2656 circulos
2467 2597 2886 2672 quadrifariam
2917 2595 3322 2668 partientibus,
3353 2593 3584 2650 scilicet
3601 2598 3816 2666 quater-

2189 2707 2294 2745 nos
2327 2689 2463 2744 anni
2485 2687 2779 2755 articulos,
2811 2686 2949 2740 bina
2969 2684 3260 2756 siquidem
3291 2682 3648 2754 equinoctia
3675 2686 3730 2738 et
3745 2685 3816 2737 to-

2185 2778 2366 2833 tidem
2389 2776 2639 2832 solstitia
2657 2773 3165 2830 intersecantibus.

2257 2865 2464 2920 Adhuc
2493 2865 2646 2935 quod
2671 2864 2782 2918 sub
2813 2863 2921 2917 hoc
2936 2864 3196 2916 remanet
3211 2863 3408 2916 centro
3428 2859 3703 2915 eitimum
3723 2857 3818 2913 eir-

2188 2953 2450 3009 culorum
2471 2950 2861 3017 intervallum,
2885 2949 2967 3005 ita
2981 2949 3408 3020 inunequoque
3419 2963 3628 3003 mense
3643 2945 3822 3003 distic-

2187 3057 2320 3114 gue,
2345 3045 2410 3095 ut
2430 3040 2642 3112 quinos
2665 3038 2808 3109 dies,
2831 3037 2920 3093 vel
2942 3038 3097 3108 quod
3115 3036 3421 3108 expeditus
3441 3039 3685 3108 propter
3701 3033 3820 3090 heb-

2187 3130 2468 3185 domadas
2530 3127 2780 3192 videtur,
2827 3129 3097 3198 septenos
3147 3122 3340 3196 potius
3375 3127 3818 3180 connumeratos

2185 3218 2356 3273 lineis
2386 3216 2732 3288 distinguas,
2757 3212 3195 3270 remanentibus
3217 3212 3266 3267 si
3293 3211 3392 3283 qui
3415 3212 3618 3268 adhuc
3637 3227 3816 3284 super.

2185 3309 2324 3362 sunt
2345 3305 2416 3360 de
2436 3320 2636 3360 mense
2657 3303 2881 3358 diebus.
2904 3301 3006 3356 His
3019 3305 3215 3356 autem
3231 3299 3314 3355 ita
3329 3300 3630 3372 perfectis,
3651 3304 3816 3356 totam

2185 3409 2522 3449 mensuram
2535 3391 2908 3448 instrumenti
2919 3390 3096 3460 hujus
3113 3389 3184 3444 ad
3197 3389 3662 3444 astronomicam
3675 3387 3818 3442 vide-

2183 3482 2316 3537 licet
2344 3480 2806 3553 horolcgieamve
2833 3477 3202 3549 disciplinam
3247 3475 3647 3548 pertinentem
3675 3490 3818 3531 com-

2182 3571 2396 3643 pletam
2427 3586 2554 3625 esse
2606 3567 2913 3624 laetaberis.
2967 3567 3078 3622 Sed
3135 3564 3326 3621 adhuc
3375 3565 3448 3620 de
3509 3563 3820 3637 quadrantis

507 3659 708 3713 Βθεῖθιῐ
733 3655 956 3728 Ροδίίοθι
983 3655 1318 3710 ΨεῙΖαοοτω
1338 3651 1610 3724 Planities
1633 3651 1924 3708 metienda
1944 3667 2067 3707 om-
2101 3645 2144 3712 C
2185 3658 2640 3724 mensuratione,
2660 3658 2762 3729 qui
2782 3656 2936 3712 intra
2955 3653 3240 3710 circulum
3261 3653 3492 3709 dierum
3517 3653 3677 3710 inter
3695 3649 3828 3708 oeci-

439 3746 610 3802 nibus
635 3745 853 3800 zodiaci
883 3745 1184 3818 gradibus,
1221 3741 1429 3815 signis,
1454 3741 1755 3796 mensibus
1785 3743 1842 3795 et
1871 3739 2077 3796 diebus

437 3835 572 3890 anni
595 3833 982 3906 insignienda.
1015 3833 1196 3902 Cujus
1227 3834 1514 3886 extremos
1543 3827 1816 3894 circulos,
1847 3827 1907 3882 in
1939 3829 1971 3882 4
1995 3827 2079 3882 iti-

435 3925 566 3980 dem
597 3939 762 3995 aaqua
789 3921 962 3978 rectis
991 3920 1161 3975 lineis
1203 3935 1306 3991 per
1335 3921 1596 3972 centrum
1641 3915 1832 3972 ductis
1863 3915 2079 3972 divisos

435 4013 632 4068 eadem
664 4028 780 4083 qua
799 4015 854 4066 et
874 4009 1214 4082 praedictum
1233 4006 1556 4062 Umbonem
1579 4021 1855 4060 mensura
1871 4004 2077 4059 distin-

435 4103 670 4172 guas,ut
693 4097 954 4154 videlicet
989 4095 1396 4167 unusquisque
1416 4095 1710 4165 quadrans
1737 4092 1992 4165 primum
2017 4091 2077 4146 in

434 4190 565 4255 tria,
599 4193 654 4244 et
683 4188 784 4243 illa
813 4187 872 4242 in
903 4201 1067 4252 sena,
1096 4184 1154 4239 id
1185 4189 1272 4239 est
1303 4185 1370 4238 18
1403 4182 1725 4252 intervalla,
1757 4187 1914 4237 totus
1944 4197 2077 4236 vero

438 4277 675 4334 circuito
697 4277 754 4330 in
774 4277 844 4329 72
865 4273 1085 4328 divisus
1108 4273 1202 4341 sit,
1222 4276 1277 4328 et
1297 4271 1759 4342 unumquodque
1776 4270 1982 4324 horum
2020 4269 2077 4323 in

442 4367 651 4438 quinos
671 4363 964 4418 dividatur
981 4363 1220 4432 gradus,
1244 4360 1343 4432 qui
1365 4359 1541 4414 simul
1561 4360 1666 4414 360
1682 4358 2075 4429 complebunt.

435 4455 554 4511 Sub
575 4452 665 4508 his
692 4467 824 4506 vero
851 4450 1180 4520 proximum
1214 4447 1566 4515 circulorum
1592 4446 1960 4503 intervallum
1983 4447 2081 4500 tri-

433 4544 546 4598 bus
565 4541 624 4596 in
655 4555 1006 4611 unoquoque
1039 4538 1362 4610 quadrante
1393 4536 1576 4609 signis
1605 4535 2000 4606 dispertiatur,
2024 4536 2081 4589 et

435 4647 636 4688 eorum
665 4627 962 4684 vocabulis
996 4627 1370 4695 inseribatnr,
1404 4642 1437 4679 a
1462 4625 1613 4679 linea
1635 4623 1900 4678 videlicet
1929 4621 2077 4678 occi-

435 4717 674 4785 dentali,
707 4718 764 4773 id
797 4721 885 4773 est
906 4717 1158 4781 dextera,
1191 4729 1382 4786 usque
1421 4713 1492 4768 ad
1525 4727 1818 4766 summam
1851 4715 2077 4766 austra-

436 4809 570 4874 lem,
591 4806 683 4862 cui
705 4803 1204 4878 suspendicularis
1221 4803 1586 4857 incatenatur
1605 4798 1858 4854 circulus
1878 4803 2080 4854 contra

439 4895 724 4950 mundum
753 4893 935 4958 Aries,
967 4893 1213 4956 Taurus,
1245 4889 1490 4946 Gemini.
1531 4888 1755 4942 Abhinc
1787 4905 1973 4959 usque
2003 4887 2074 4941 ad

437 4980 797 5046 orientalem,
831 4979 888 5034 id
920 4984 1008 5034 est
1038 4979 1359 5046 sinistram,
1388 4980 1624 5040 Cancer,
1660 4977 1770 5030 Leo
1802 4981 1857 5032 et
1877 4975 2071 5047 Virgo.
2107 5011 2150 5074 Ι)

441 5069 577 5124 Inde
596 5082 782 5136 usque
795 5066 863 5120 ad
879 5065 1058 5120 imam
1073 5065 1581 5136 septentrionalem
1599 5065 1784 5128 Libra,
1802 5064 2074 5134 Scorpius

439 5163 496 5212 et
526 5153 890 5227 Sagittarius.
916 5153 984 5207 Et
1007 5153 1212 5209 dehinc
1245 5154 1314 5208 ad
1339 5151 1749 5208 occidentalem
1783 5151 2076 5224 Capricor-

441 5261 573 5313 nus,
605 5241 897 5313 Aquarius
927 5249 984 5296 et
1013 5241 1203 5297 Pisces
1234 5245 1594 5298 revertantur
1633 5257 1646 5305 ;
1679 5243 1736 5292 et
1765 5240 2078 5310 unicuique

439 5334 608 5406 signo
638 5329 823 5387 sexies
852 5331 1035 5402 quini,
1069 5331 1126 5384 id
1158 5335 1266 5398 est,
1290 5331 1360 5384 3O
1379 5330 1448 5383 de
1471 5325 1760 5398 praedictis
1783 5329 1886 5383 160
1901 5327 2078 5383 totius

438 5419 640 5480 circuli
669 5419 948 5493 gradibus
978 5421 1346 5491 deputentur.

509 5509 632 5568 Sub
653 5508 762 5564 hoc
783 5508 922 5564 item
955 5507 1113 5562 aliud
1144 5503 1490 5560 circulorum
1525 5501 1892 5558 intervallum
1925 5519 2080 5558 men-

443 5600 604 5654 sibus
636 5597 964 5660 duodecim,
999 5611 1031 5648 a
1059 5594 1246 5646 modio
1281 5592 1395 5646 fere
1417 5590 1717 5661 signorum
1740 5591 1810 5643 ad
1829 5608 1888 5644 se
1911 5593 2078 5662 perti-

445 5686 706 5742 nentium
721 5679 1884 5748 inchoantibus,distribuatur,eorumquc
1897 5679 2078 5734 nomi-

444 5773 620 5834 nibus
642 5769 1013 5850 insigniatur.
1036 5769 1107 5830 Et
1128 5769 1236 5830 sub
1253 5767 1513 5828 hocitem
1533 5763 1902 5826 intervallum
1919 5765 2078 5834 aliud

2187 3747 2476 3803 dentalem
2509 3751 2564 3802 et
2580 3743 3091 3818 septentrionalem
3110 3742 3326 3798 lineam
3349 3758 3561 3799 versus
3581 3741 3826 3798 medium

2185 3835 2506 3908 Aquarium
2579 3835 2801 3890 locatus
2858 3833 2930 3888 ad
3005 3830 3354 3904 geomtricas
3439 3829 3828 3887 dimensione

2187 3924 2538 3980 utilissimus
2567 3922 2836 3995 pertinet,
2879 3919 3131 3993 paucula
3176 3919 3428 3976 scribere
3476 3935 3604 3976 non
3649 3919 3828 3992 pigere

2187 4013 2375 4069 debet.

2821 4133 3061 4190 CAPUT
3088 4131 3179 4188 IX.

2804 4224 2880 4279 De
2907 4221 3187 4293 quadrato.

2260 4345 2534 4410 Quartam
2557 4355 2693 4412 ergo
2721 4337 2940 4411 praefati
2961 4338 3186 4394 dierum
3209 4335 3410 4392 circuli
3437 4340 3668 4408 partem
3690 4333 3826 4390 inter

2188 4433 2464 4506 praedicta
2503 4427 2918 4486 occidentalem
2949 4431 3006 4482 et
3049 4424 3570 4497 septentrionalem
3613 4424 3822 4479 litteras

2187 4522 2245 4578 in
2278 4523 2392 4576 duo
2425 4518 2656 4584 divide‘;
2689 4521 2746 4572 et
2774 4519 2988 4588 puncto
3009 4515 3068 4570 in
3097 4515 3286 4570 medio
3305 4515 3458 4570 facto
3490 4513 3668 4570 aliam
3697 4525 3822 4583 quo-

2188 4628 2300 4682 que
2331 4612 2598 4681 quartam
2629 4605 2780 4660 inter
2815 4603 3325 4676 septentrionalem
3364 4607 3422 4658 et
3441 4601 3758 4659 australem
3775 4599 3823 4652 et

2187 4701 2324 4754 item
2349 4696 2522 4753 aliam
2555 4694 2706 4749 inter
2737 4690 3249 4764 septentrionalem
3275 4695 3333 4747 et
3351 4689 3702 4747 orientalem
3769 4685 3822 4742 in

2187 4789 2300 4844 duo
2333 4785 2534 4841 itidem
2581 4781 2934 4854 dispertiens
2985 4780 3328 4836 medietates
3376 4779 3614 4852 punctis
3645 4779 3674 4833 b
3703 4780 3822 4842 etc,

2187 4875 2489 4933 secernito.
2522 4872 2704 4939 Tunc,
2737 4869 3003 4941 apposita
3045 4867 3250 4941 regula
3291 4868 3350 4923 in
3383 4871 3605 4939 puncta
3633 4883 3669 4922 a
3695 4869 3751 4922 et
3778 4861 3821 4930 b,

2185 4965 2402 5020 lineam
2456 4964 2670 5016 rectam
2705 4960 2776 5014 ab
2827 4957 3168 5015 occidentali
3221 4957 3380 5013 linea
3434 4957 3496 5012 in
3555 4973 3590 5011 a
3633 4953 3820 5024 dirige.

2183 5055 2324 5109 Item
2359 5053 2418 5106 in
2445 5069 2475 5105 (ι
2507 5054 2563 5104 et
2590 5065 2618 5104 c
2643 5047 2904 5119 regulam
2925 5061 3168 5118 ponens,
3199 5045 3378 5101 aliam
3409 5044 3631 5101 lineam
3665 5061 3700 5099 ο.
3741 5055 3821 5098 se-

2185 5138 2556 5216 ptentrionali
2575 5139 2629 5192 in
2649 5136 2983 5202 adeducito,
3001 5141 3058 5190 et
3077 5135 3256 5192 habes
3271 5135 3420 5206 quad
3431 5137 3624 5190 ratum
3646 5129 3822 5202 ortho-

2184 5247 2402 5305 gonum
2429 5226 2851 5299 aequilaterum,
2886 5225 3055 5294 cujus
3086 5240 3241 5278 unus
3259 5222 3511 5295 angulus
3533 5221 3592 5277 in
3613 5237 3667 5288 a,
3690 5217 3820 5275 alter

2183 5320 2485 5394 oppositus
2515 5332 2616 5389 per
2661 5315 2975 5386 diagonum
3008 5313 3065 5366 in
3110 5317 3350 5368 centro:
3387 5309 3600 5383 reliqui
3647 5307 3739 5365 cui
3765 5305 3818 5360 in

2183 5409 2352 5466 lineis
2373 5403 2712 5462 occidentali
2741 5407 2798 5458 et
2818 5399 3256 5473 septentrionali
3286 5399 3642 5456 limitantur.

2256 5496 2440 5566 Hujus
2469 5493 2584 5548 duo
2613 5491 2793 5546 latera
2825 5488 3106 5561 angulum
3139 5487 3198 5544 in
3221 5505 3254 5542 α
3287 5485 3720 5556 facientia,data
3745 5481 3822 5540 eis

2185 5588 2252 5643 ad
2291 5579 2868 5646 libitumlatiludine,
2903 5578 2960 5632 in
2995 5577 3298 5634 duodecim
3338 5575 3594 5650 zequales
3639 5575 3820 5650 partes

2186 5675 2458 5741 divide,et
2476 5667 2719 5724 interius
2746 5670 2892 5722 duas
2932 5683 2998 5721 ex
3037 5666 3129 5722 his
3151 5665 3543 5739 complectens
3569 5665 3632 5721 in
3691 5677 3819 5719 sena

2185 5762 2420 5840 partire,
2455 5761 2744 5838 quatenus
2773 5771 2952 5834 super
3007 5758 3274 5820 currente
3319 5753 3584 5830 Athideg,
3629 5753 3688 5814 id
3718 5753 3816 5830 est,
