3880 6378
65 406 172 478 889

936 407 1039 474 DE
1082 408 1638 478 UTILITA'I‘IBUS
1680 409 2176 477 ASTROLABII.
2211 446 2287 459 -—
2316 412 2465 476 LIB.
2510 410 2559 476 I.

3320 412 3437 482 390

67 543 305 618 quadam
321 536 526 617 regula
544 556 680 601 cum
698 544 929 601 duabus
947 545 1140 616 pinnis
1158 548 1366 602 erectis
1388 547 1458 602 ad
1478 551 1692 603 rectam
1724 548 1778 613 Α
1809 563 2010 602 omnes
2038 552 2361 618 praetexam
2392 548 2644 604 habeant
2673 547 3157 618 mensuratioues,
3200 548 3444 605 libellum

66 632 265 690 lineam
276 631 790 706 perforatis,quota
799 632 997 689 lateris
1009 635 1162 707 quad
1169 636 1274 691 rati
1288 652 1424 707 pars
1438 636 1698 708 designe-

1812 638 2161 706 xlstrotapsus
2190 636 2421 707 legenti,
2458 641 2513 691 et
2544 637 2845 707 ingenium
2875 636 2934 692 in
2967 636 3307 708 hujusmodi
3352 654 3446 693 re-

65 725 157 779 tur
171 720 354 794 possit
371 724 841 795 apparere.0uas
856 727 1053 779 autem
1075 728 1396 796 quantasve
1418 722 1695 779 utilitates
1807 741 1937 779 rum
1969 741 2077 780 usu
2111 724 2467 792 exercitanti,
2501 724 2646 781 alias
2676 725 2847 780 debet
2875 724 3184 781 notificari.

68 871 1960 902 manu:

749 995 1719 1101 annuum
1790 950 2804 1100 cournac'rr

1374 1221 1700 1277 MONACHI
1740 1220 2118 1277 AUGIENSIS

448 1419 667 1542 DE
756 1418 1938 1543 UTILITATIBUS
2028 1378 3121 1543 ASTROLABII'

1431 1676 1741 1763 LIBRI
1800 1675 2085 1763 DUO.

421 1877 583 1935 Eruit
613 1896 683 1935 ex
714 1894 823 1935 ms.
853 1879 979 1934 eod.
1010 1878 1369 1934 celeberrimi
1402 1879 1738 1934 monasterii
1772 1878 1828 1933 S.
1864 1879 2014 1933 Petri
2047 1878 2367 1938 Salisburg.
2405 1879 2462 1934 P.
2500 1881 2830 1937 Bernardus
2862 1880 3085 1938 Pezius.

1150 1950 1468 2018 (Thcsaurus
1500 1951 1750 2005 Anecdot.
1784 1953 1982 2005 noviss.
2018 1950 2112 2016 IIl,
2149 1950 2381 2021 11,107.)

1329 2236 1519 2291 LIBRI
1558 2236 1762 2292 PRIMI
1805 2236 2179 2293 CAPITULA.

77 2334 112 2390 Ι.
148 2334 218 2390 Ds
242 2333 583 2391 utilitatibus
602 2333 909 2387 astrolabii.

75 2404 137 2476 II.
172 2406 470 2475 Descriptio
490 2405 608 2476 ejus
625 2405 1134 2475 perigrap/iiarum.

77 2475 158 2547 III.
199 2477 272 2547 Da
296 2475 603 2547 colligendo
631 2479 786 2546 signo
806 2484 855 2530 et
874 2476 1051 2542 gradu
1071 2478 1221 2531 solis.

77 2546 156 2605 IV.
195 2546 613 2605 Deinveniendo
644 2547 842 2601 nadair
868 2549 1018 2602 solis.

76 2617 133 2689 Υ.
173 2619 242 2675 De
266 2618 625 2689 concipienda
653 2620 785 2674 solis
813 2618 1124 2681 altitudine,
1159 2627 1210 2673 et
1240 2621 1397 2673 certis
1428 2620 1579 2673 horis
1605 2619 1737 2674 diei.

74 2687 152 2746 VI.
190 2691 263 2746 De
288 2687 587 2746 altitudine
614 2690 920 2755 stellarum,
953 2694 1003 2745 ct
1034 2690 1181 2743 horis
1212 2694 1511 2745 nocturnis.

75 2760 179 2832 VII.
218 2763 290 2818 De
316 2763 669 2817 distinctione
697 2763 957 2816 horarnm
984 2777 1082 2831 per
1109 2766 1343 2830 quatuor
1368 2764 1579 2832 plagas.

82 2831 238 2916 XIII._
250 2834 327 2889 De
538 2833 1030 2916 wquinoctialibus,
1062 2840 1112 2886 et
1142 2831 1530 2916 inaequalibus.

197 2905 273 2962 De
294 2904 550 2978 partibus
576 2902 1231 2978 inaequaliumborarum
1260 2902 1391 2959 dici.

79 2973 142 3049 Χἒ
171 2980 251 3049 De
272 2973 530 3049 partibus
562 2973 922 3049 inaequalium
952 2975 1211 3049 horarum
1238 2978 1427 3031 noctis.

80 3046 167 3120 XI1
199 3046 285 3103 ac
297 3047 625 3120 indaganda
646 3046 950 3118 quantitate
972 3048 1117 3101 orbis
1146 3047 1274 3101 dici.

81 3118 188 3192 an,
225 3120 299 3192 De
326 3118 638 3192 quantitate
666 3120 813 3175 orbis
840 3120 1117 3192 nocturni.

83 3188 210 3260 XIII.
249 3188 386 3260 Quot
412 3192 530 3247 sint
546 3191 692 3246 horae
720 3190 1117 3260 quinoctialis
1149 3189 1264 3244 diei
1291 3198 1342 3245 et
1371 3191 1560 3245 noctis.

84 3259 206 3336 ξςξγ.
233 3259 317 3336 De
343 3261 699 3336 percipienda
727 3259 1012 3336 vicinitate
1038 3276 1276 3316 aurorae.

217 3335 289 3417 De
308 3331 662 3417 percipiendo
691 3333 929 3417 quolibet
956 3341 1190 3403 tempore
1216 3334 1476 3404 cujusque
1502 3333 1653 3401 signi
1678 3336 1857 3389 ortum
1883 3341 1933 3388 et
1956 3349 2221 3388 occasum.

84 3403 216 3478 nvi.
253 3403 439 3478 In'quo
464 3403 633 3478 signo
656 3403 765 3459 sint
781 3404 991 3478 stellae.

86 3473 239 3531 XVII.
277 3473 357 3534 De
383 3473 664 3533 vocabulis
693 3475 977 3530 stellarum
1009 3475 1258 3531 Arabicis
1278 3482 1329 3530 et
1358 3476 1583 3528 Latinis.

85 3546 263 3604 XVIII.
302 3550 378 3605 De
400 3548 735 3603 discretione
760 3548 1057 3611 climatum,
1089 3556 1141 3600 et
1170 3563 1358 3601 eorum
1379 3545 1709 3601 invenienda
1731 3546 2039 3600 latitudine.

80 3616 206 3675 XIX.
246 3620 317 3676 De
343 3621 623 3677 divisione
650 3619 798 3674 orbis
823 3634 923 3688 per
945 3622 1146 3688 septem
1175 3619 1419 3683 climata,
1450 3626 1502 3673 et
1532 3619 1710 3672 initiis
1734 3626 1783 3672 et
1815 3620 2065 3673 terminis
2095 3634 2302 3673 eorum.

226 3692 286 3748 Ut
300 3693 447 3747 scias
477 3692 529 3747 si
555 3693 719 3746 restat
752 3689 835 3744 vel
855 3691 1097 3761 praeterit
1124 3689 1400 3761 meridies.

80 3757 201 3818 XXI.
240 3762 314 3821 De
342 3761 691 3820 inveniendis
721 3763 780 3816 in
801 3757 960 3817 dorso
989 3761 1277 3815 astrolabii
1295 3760 1465 3815 horis.

1350 3923 1670 4010 LIBER
1728 3923 2195 4009 PRIMUS.

592 4075 827 4133 CAPUT
867 4075 1175 4131 PRIMUM.

493 4168 569 4224 De
597 4167 937 4223 utilitatibus
965 4164 1274 4221 astrolabii.

142 4255 482 4331 Quicunque
531 4256 934 4313 astronomicae
980 4254 1251 4327 peritiam
1300 4252 1625 4325 disciplina;
1657 4256 1713 4308 et

82 4341 380 4404 cmlestium
429 4345 796 4419 spherarum
834 4342 1451 4417 geometricaliumque
1481 4359 1713 4398 mensu-

81 4446 256 4491 rarum
302 4434 578 4493 altiorem
607 4433 913 4490 scientiam
945 4432 1207 4505 diligenti
1236 4432 1493 4487 veritatis
1522 4431 1714 4503 inqui-

82 4518 271 4581 sitione
299 4524 481 4581 altius
511 4521 713 4579 rimari
744 4526 1009 4591 conatur,
1058 4526 1114 4577 et
1144 4519 1502 4576 certissimus
1533 4521 1712 4575 horo-

81 4604 346 4681 logiorum
376 4610 778 4686 quorumlibet
833 4610 1133 4667 climatum
1166 4609 1436 4676 rationes,
1470 4614 1527 4665 et
1555 4626 1711 4682 quaa-

84 4694 210 4757 libet
235 4702 307 4759 ad
334 4702 461 4759 hinc
510 4700 883 4775 pertinentia,
940 4699 1270 4755 industrius
1308 4698 1713 4754 discriminare

83 4780 290 4859 nititur,
320 4791 477 4848 hanc
506 4790 888 4856 walzacoram,
918 4788 977 4844 id
1010 4793 1118 4855 est,
1150 4788 1379 4860 planam
1423 4787 1712 4859 sphaeram

84 4872 356 4936 Ptoloin
387 4896 495 4937 seu
528 4877 924 4951 astrolapsum
955 4876 1153 4932 solerti
1184 4875 1554 4947 iudagatione
1584 4892 1712 4948 per-

85 4963 258 5034 quirat
309 4973 370 5025 et
407 4969 620 5037 discat,
652 4972 711 5023 et
768 4966 1150 5038 perquisitam
1181 4964 1369 5020 tenaci
1420 4964 1712 5020 memorie:

85 5048 304 5113 ﬁrmiter
332 5057 729 5122 commendet,
761 5056 844 5111 ita
872 5059 956 5125 ut,
981 5071 1115 5109 cum
1136 5053 1429 5125 quaslibet
1459 5053 1715 5126 perigra-

84 5138 232 5211 phiae
250 5146 719 5218 partitionesque
750 5141 1199 5215 anaglypberias
1224 5142 1282 5196 in
1301 5158 1368 5197 ea
1388 5141 1639 5213 scriptas
1660 5147 1719 5197 et

84 5226 386 5307 insculptas
422 5230 1049 5307 cognoverit,singulas
1077 5231 1421 5287 nominatim
1445 5232 1712 5286 retineat.

84 5315 266 5379 Namsi
288 5323 506 5381 borum
524 5322 790 5395 diligenti
805 5321 1173 5377 discussione
1194 5336 1486 5376 summam
1500 5320 1719 5392 ample-

1740 4079 1786 4142 B
1887 4074 2145 4130 Inveniet
2167 4078 2363 4130 autem
2388 4092 2490 4146 per
2517 4091 2669 4143 eam,
2692 4078 3017 4133 secundum
3049 4078 3347 4151 sphaerion
3368 4096 3467 4137 vo-

1822 4162 2131 4218 lubilitatis
2170 4162 2496 4231 circuitum,
2558 4169 2746 4220 certos
2790 4171 2953 4223 ortus
2980 4171 3037 4223 et
3067 4183 3313 4226 occasus
3342 4185 3470 4226 om-

1823 4252 1989 4308 nium
2021 4252 2277 4308 siderum
2305 4251 2556 4325 singulis
2585 4254 2920 4326 quibusque
2957 4255 3139 4325 boris,
3166 4262 3223 4314 et
3251 4262 3470 4331 quotus

1825 4341 2103 4407 decanus,
2149 4344 2442 4413 quotaque
2481 4358 2618 4413 pars
2675 4342 2991 4414 cujuslibet
3046 4345 3202 4419 signi
3232 4346 3471 4403 oriende

1823 4436 2176 4503 emergatur,
2208 4436 2308 4485 aut
2347 4431 2658 4486 occidendo
2690 4431 3080 4505 demergatur,
3128 4438 3187 4489 et
3215 4451 3319 4507 per
3337 4436 3469 4491 uni-

1821 4536 2019 4575 versas
2048 4519 2175 4575 coeli
2201 4518 2467 4592 regiones
2496 4524 2689 4575 motus
2720 4520 2998 4590 siderum,
3019 4525 3078 4577 et
3096 4521 3247 4579 situs
3277 4523 3471 4597 signo-

1824 4626 1978 4677 rum,
2010 4613 2067 4665 et
2092 4609 2311 4681 gradus
2350 4608 2509 4677 solis,
2541 4614 2600 4665 et
2646 4608 3012 4665 altitudinem
3037 4611 3167 4682 ejus
3192 4611 3467 4667 diurnam

1823 4714 1925 4754 seu
1950 4702 2333 4767 menstruam,
2375 4702 2433 4753 et
2462 4703 2606 4769 quot
2661 4698 2872 4754 terreni
2913 4699 3072 4755 orbis
3122 4699 3313 4756 stadia
3334 4716 3469 4772 per-

1825 4790 1993 4851 meet,
2027 4786 2296 4842 similiter
2321 4792 2379 4842 et
2399 4784 2705 4843 stellarum
2727 4789 2971 4843 tixarum
2995 4787 3165 4862 signa
3192 4793 3249 4845 et
3278 4788 3473 4845 altitu-

1823 4876 1991 4931 dines
2006 4893 2019 4931 :
2036 4875 2105 4930 ad
2130 4874 2250 4930 haec
2272 4876 2533 4931 noctium
2555 4880 2612 4932 et
2632 4876 2859 4932 dierum
2880 4876 3056 4933 horas
3087 4876 3469 4945 certissimus,

1824 4963 2119 5020 naturales
2149 4965 2267 5019 sive
2296 4964 2649 5031 artificiales,
2689 4982 2822 5021 cum
2856 4966 3189 5039 augmentis
3218 4971 3275 5022 et
3295 4966 3473 5023 detri-

1826 5054 2058 5109 mentis.
2093 5055 2347 5118 Quarum
2408 5054 2661 5126 cognitio
2706 5071 2882 5126 quam
2943 5056 3274 5112 necessaria
3304 5056 3383 5112 sit
3413 5056 3475 5113 in

1825 5142 2038 5197 divinis
2070 5140 2431 5208 ministeriis,
2464 5158 2644 5214 quam
2694 5142 2767 5197 ad
2815 5144 3250 5201 exercitandum
3283 5144 3474 5213 utilis,

1825 5237 1881 5289 et
1902 5232 1971 5287 ad
1996 5230 2328 5286 exacuauda
2347 5236 2405 5286 et
2433 5231 2598 5286 irrita
2619 5230 2882 5287 iacienda
2906 5232 3173 5290 falsidica
3200 5249 3477 5305 quorum-

1826 5322 1958 5377 dam
1986 5325 2042 5375 et
2067 5318 2610 5392 pseudoborologia,
2642 5320 2900 5390 prudens
2930 5322 3166 5378 animus
3186 5322 3471 5387 scire,im-

86 5406 256 5482 ctitur,
287 5415 347 5469 et
381 5411 599 5469 celebri
628 5410 968 5467 intentionis
1006 5409 1258 5481 jugitate
1289 5409 1381 5464 bis
1410 5408 1713 5464 studiosus
1745 5454 1787 5520 Ο
1826 5409 2085 5482 prudens
2107 5407 2326 5463 discere
2348 5412 2556 5480 potest.
2586 5408 2652 5463 Et
2668 5407 2837 5464 initia
2855 5410 3170 5477 mensium,
3202 5407 3471 5464 mutatio-

86 5499 242 5520 ..μιν
300 5518 406 5520 _,-,
745 5499 849 5520 ι--
915 5498 1139 5520 um--.
1183 5497 1486 5520 unum-..
1570 5502 1619 5520 ,ι
1653 5498 1707 5520 ε-
1827 5513 2041 5520 _-____-
2075 5496 2503 5520 L-_-.-_:__-__
2543 5501 2593 5520 ,ι
2655 5496 2950 5520 ,ιε-.-ι,-...
3014 5502 3064 5520 ,ι
3101 5496 3166 5520 -.ι
3199 5493 3464 5520 _-:-_..-_

85 5499 266 5573 utitur,
297 5502 622 5560 maximam
648 5517 717 5558 ex
745 5499 855 5557 hoc
908 5498 1142 5570 colliget
1183 5497 1513 5566 utilitatem,
1567 5502 1625 5552 et
1653 5498 1713 5553 in
1746 5493 1787 5520 υ
1826 5513 2045 5569 uesque
2075 5496 2509 5569 horologiorum
2539 5501 2600 5552 et
2652 5496 2979 5565 climatum,
3008 5502 3066 5553 et
3098 5496 3169 5553 ad
3198 5493 3465 5550 sciendos

85 5590 478 5649 astronomicis
528 5595 586 5648 et
634 5588 1002 5666 geometricis
1024 5586 1237 5647 studiis
1267 5586 1542 5647 subtilem
1576 5603 1713 5661 pro-

83 5673 437 5746 meditatam.

1823 5602 2079 5643 canones
2112 5585 2431 5653 Ptolomaei,
2481 5584 2599 5643 alia
2625 5585 2802 5643 etiam
2855 5580 3304 5660 quamplurima,
3335 5596 3463 5654 qua

1821 5673 1918 5732 hic
1946 5674 2289 5750 procemiare
2309 5672 2672 5748 superﬂuum
2703 5677 2812 5746 est,
2836 5689 2967 5733 cum
2996 5670 3054 5727 in
3085 5666 3459 5745 sequentibus
