3880 6346
423 387 538 449 391

1236 384 1651 450 ΗΕΒΜΑΝΝΙ
1696 384 2061 451 CONTBAC

2241 380 2602 448 UGIENSIIS
2644 377 3025 447 MONACHI.

419 517 847 591 competentius
867 519 1164 589 pateﬁant.
1194 520 1356 575 Unde
1369 537 1483 575 non
1513 525 1742 575 tantum
1773 518 2066 575 laetabitur
2090 518 2145 585 Α
2177 519 2461 577 currendo
2493 533 2593 589 per
2613 516 2982 573 latitudinem
3004 513 3260 571 exterius
3283 508 3795 586 ampliuspetsaut».

419 612 621 672 lector,
655 610 944 678 quantum
977 608 1304 663 mirabitur.
1340 608 1447 662 Sed
1472 608 1630 662 omni
1664 608 1798 663 nisu
1831 607 2069 662 nomina

2182 609 2434 672 Quarum
2470 604 2663 662 media
2689 613 2777 660 est
2802 604 2957 661 linea
2984 601 3309 676 diagonalis
3339 600 3629 667 Meridiei,
3653 602 3798 673 aliis!

418 694 838 766 subsequentia
855 700 913 750 et
940 695 1054 751 alia
1074 696 1409 767 subscripta
1425 696 1770 767 inquirat,et
1788 695 2072 767 inquisita
2181 709 2249 749 ex
2260 692 2567 765 utriusque
2578 690 3032 763 partibussimul
3045 689 3325 761 eumipsa
3335 687 3651 761 geminatis
3662 688 3799 745 senis

416 782 479 839 in
530 783 729 838 arcula
761 784 952 839 cordis
995 782 1258 838 tenacius
1292 782 1553 853 retineat,
1576 787 1717 838 tunc
1750 784 1876 839 sine
1908 800 2070 839 scru-

419 870 557 942 pulo
579 870 775 942 aliquo
826 870 1000 942 plana
1028 872 1136 927 erit
1182 871 1273 925 via
1303 872 1371 927 ad
1417 871 1833 927 inveniendum
1865 875 2068 944 prasta-

420 965 573 1015 xata.

491 1048 593 1104 His
624 1048 701 1103 ita
723 1046 1036 1118 prmlibatis
1070 1064 1185 1101 non
1216 1046 1450 1120 pigritia
1477 1048 1807 1113 exterritus,
1840 1047 1910 1101 de
1941 1047 2067 1117 ejus

416 1136 799 1208 perigraphiis
841 1136 1289 1191 architectonica
1344 1152 1446 1191 seu
1475 1135 1815 1190 mechanica
1844 1136 2067 1190 ratione

414 1223 784 1295 comparatis,
826 1240 1147 1294 eorumque
1188 1222 1548 1291 nominibus,
1583 1240 1655 1279 ne
1696 1222 1883 1278 multa
1923 1222 2063 1277 scri-

411 1311 600 1367 bendo
622 1311 934 1378 offendam,
958 1310 1366 1382 compendiose
1389 1311 1601 1377 dicam,
1625 1315 1681 1366 et
1699 1315 1762 1366 ut
1777 1311 2065 1366 maturius

412 1400 705 1471 promissa
735 1398 1031 1470 impleam.

1069 1485 1299 1541 CAPUT
1341 1485 1408 1541 Il.

822 1575 1118 1645 Descriptio
1142 1574 1648 1645 perigraphiarum.

483 1662 583 1717 Est
613 1661 848 1733 quidem
879 1662 1244 1719 walzachora
1288 1661 1489 1717 tabula
1518 1663 1586 1717 ad
1640 1662 1766 1717 coeli
1797 1662 2059 1719 rotundi-

413 1754 591 1806 tatem
619 1744 998 1817 conformata,
1022 1750 1192 1819 cujus
1214 1754 1460 1821 utraque
1491 1750 1829 1822 superficies
1850 1748 2058 1821 zequali

410 1839 734 1909 spatiorum
768 1838 1079 1894 interstitio
1110 1838 1456 1910 quadriﬁdis
1486 1838 1560 1893 ab
1588 1838 1715 1910 ipso
1733 1843 1928 1894 centro
1956 1855 2059 1910 per

411 1926 763 1982 diametrum
798 1927 943 1981 fusis
963 1927 1378 1982 lineationibus
1408 1927 1621 1998 partita
1649 1931 1757 1992 est,
1783 1927 1839 1981 id
1872 1931 1961 1981 est
1978 1942 2059 1982 ca-

407 2016 566 2083 iuris,
600 2015 700 2087 qui
734 2020 852 2070 tam
912 2016 982 2070 ab
1012 2014 1301 2080 orientali,
1356 2032 1532 2087 quam
1566 2033 1599 2070 a
1620 2014 2056 2087 septentrionali

404 2103 616 2159 vertice
655 2104 714 2158 in
761 2103 987 2159 diversa
1019 2104 1252 2158 deducti
1281 2108 1597 2175 quaternas
1650 2104 1708 2157 in
1748 2109 1941 2175 partes
1966 2120 2057 2159 zo-

405 2194 626 2248 diacum
657 2192 1034 2258 dividunt,ita
1061 2197 1124 2246 ut
1146 2210 1301 2247 unus
1324 2209 1424 2265 per
1452 2192 1701 2248 Arietem
1727 2198 1783 2247 et
1805 2193 2056 2262 Libram,

408 2281 552 2336 alter
576 2298 678 2353 per
699 2282 984 2336 Cancrum
1007 2284 1066 2337 et
1087 2280 1497 2352 Capricornum
1532 2284 2055 2353 permeenthsum

409 2374 606 2424 autem
630 2373 896 2424 centrum
920 2369 1127 2425 harum
1146 2371 1451 2439 trajectum
1472 2369 2056 2426 secationelincarum

408 2474 441 2511 a
478 2457 671 2512 littera
700 2458 1060 2529 designatur.
1095 2459 1350 2521 Quarum
1386 2458 1669 2513 linearum
1703 2458 1998 2514 sinistram
2029 2459 2058 2513 ὁ

411 2547 749 2601 adnotatum
808 2546 1113 2607 Almarech.
1164 2547 1220 2601 id
1267 2553 1371 2613 est,
1424 2546 1759 2602 orientalem
1816 2549 1887 2603 ab
1928 2552 2057 2603 ortu

411 2635 669 2689 siderum
703 2639 759 2689 et
789 2635 925 2703 diei,
971 2635 1269 2690 dexteram
1321 2641 1537 2702 autem,
1572 2638 1668 2690 ubi
1717 2639 2056 2692 estcAlma-

407 2725 549 2794 grip,
571 2723 627 2777 id
661 2727 768 2788 est,
802 2723 1221 2778 occidentalem
1242 2726 1312 2779 ah
1343 2740 1548 2779 occasu
1583 2724 1842 2779 siderum
1867 2728 1922 2778 et
1945 2723 2056 2780 diei

409 2810 721 2882 appellant,
754 2815 810 2866 et
839 2816 927 2866 est
959 2811 1056 2866 illa
1089 2829 1214 2883 quae
1236 2814 1472 2867 ducitur
1501 2814 1571 2867 de
1596 2813 1826 2868 Oriente
1847 2814 1917 2867 ad
1953 2814 2058 2869 Oc-

407 2900 717 2964 cidentem,
753 2916 928 2971 quam
986 2900 1160 2954 etiam
1218 2901 1426 2955 solaris
1477 2902 1742 2971 designat
1770 2902 1970 2957 radius
2001 2901 2059 2956 in

408 2987 598 3059 primo
629 2993 779 3055 ortu,
814 2992 916 3042 aut
946 2989 1155 3044 umbra
1201 2989 1529 3061 gnomonis.
1564 2990 1933 3061 Superiorem
1958 3007 2060 3044 au-

409 3081 550 3143 tem,
580 3076 671 3131 cui
703 3076 738 3130 d
769 3076 1097 3142 ascribitur,
1125 3079 1485 3141 Walmzene,
1505 3078 1563 3132 id
1594 3077 1920 3142 est,lineam
1946 3094 2062 3135 me-

410 3163 719 3230 ridianam,
753 3181 817 3219 eo
850 3166 1001 3235 quod
1034 3164 1142 3231 sol,
1174 3165 1304 3237 ipsa
1325 3166 1690 3228 ascendendo
1717 3170 2055 3231 attacta,sex

2180 782 2485 837 duodecim
2509 781 2784 837 horarum
2813 782 2969 834 meta
2997 777 3394 843 constituitur,
3428 781 3486 832 et
3518 775 3796 848 impressis

2179 870 2515 926 nominibus
2536 867 2779 941 singulae
2803 869 3174 931 denotantur,
3195 869 3251 921 et
3271 864 3392 920 haec
3423 863 3664 920 nomina
3683 869 3799 920 sunt

2175 958 2410 1019 illorum
2431 957 2696 1027 Arabica,
2729 973 2856 1028 quas
2878 954 3269 1011 subtusvides
3298 953 3587 1026 inscripta
3612 952 3799 1008 formu-

2176 1045 2265 1102 lae.
2300 1047 2557 1111 Quarum
2587 1045 2740 1100 linea
2775 1044 3017 1099 dextera
3039 1041 3549 1107 autemetidianas,
3584 1039 3800 1097 sinistra

2175 1140 2368 1191 autem
2400 1134 2889 1207 postmeridianas
2907 1132 3084 1189 horas
3115 1134 3285 1187 cauta
3309 1127 3661 1186 discretione
3682 1127 3800 1184 insi-

2174 1228 2332 1295 gnat,
2365 1227 2421 1278 et
2447 1222 2752 1293 diligenter
2781 1219 3197 1276 inhaerentibus
3227 1218 3531 1274 obtutibus
3562 1215 3800 1274 adhibito

2174 1311 2495 1384 horoscopo
2528 1311 2908 1365 demonstrat.

2457 1400 2561 1454 XII
3284 1395 3328 1449 Ι.
3368 1393 3534 1450 hora.

2339 1486 2679 1543 Ethesiafer.
3284 1479 3559 1538 Elewiul.

2365 1662 2677 1718 Aldimata.
3280 1657 3551 1713 Athenia.

2478 1755 2548 1805 X.
3357 1746 3456 1801 ΙΙΙ.

2347 1838 2678 1895 Albansira.
3259 1834 3556 1890 Atheziza.

2458 1929 2545 1983 IX.
3350 1921 3443 1978 IV.

2377 2016 2642 2071 Ethezea.
3258 2012 3540 2067 Arrabea.

2434 2105 2580 2160 VllI.
3366 2099 3434 2154 V.

2336 2192 2676 2249 Ethemima.
3239 2186 3528 2243 Alcamiza
3541 2229 3556 2243 .

2436 2280 2558 2335 VII.
3340 2275 3434 2330 VI.

2367 2370 2637 2424 Escebea.
3209 2361 3649 2425 Escendelisza.
3681 2416 3685 2420 .

2238 2461 2299 2516 In
2325 2457 2610 2531 superiori
2636 2459 2830 2510 autem
2852 2453 3191 2509 medietatis
3203 2452 3441 2524 regione
3460 2452 3804 2529 hemicyclos

2167 2554 2223 2605 et
2247 2549 2502 2619 integros
2525 2545 2698 2600 etiam
2725 2541 3016 2598 orbiculos
3048 2541 3363 2596 artificiosa
3383 2540 3691 2597 industriis
3708 2554 3807 2597 ma-

2168 2636 2385 2694 chinati
2417 2637 2575 2702 sunt,
2609 2649 2754 2705 quos
2785 2630 2987 2687 dicunt
3018 2628 3536 2696 0mucantarath,id
3573 2635 3667 2688 est
3689 2638 3806 2703 pro-

2168 2723 2589 2799 gressionarios
2619 2720 2778 2786 solis,
2812 2718 2912 2791 qui
2945 2718 3233 2791 frequenti
3253 2717 3605 2781 circuitione
3624 2723 3681 2776 et
3701 2735 3808 2775 cred

2169 2818 2273 2872 bra
2302 2813 2641 2876 retorsione,
2673 2809 2777 2864 alii
2808 2808 3199 2875 extractiores,
3228 2806 3327 2861 alii
3376 2807 3803 2872 contractiores,

2170 2910 2325 2959 certa
2355 2907 2409 2957 et
2440 2899 2769 2956 necessaria
2798 2896 3083 2952 locatione
3109 2898 3483 2962 coronantur,
3502 2896 3569 2952 in
3604 2895 3807 2977 quibus

2171 3008 2383 3064 magna
2413 2986 2783 3044 instrumenti
2808 2984 2988 3055 hujus
3006 2983 3274 3041 consistit
3294 2984 3653 3045 efficaciaJn
3674 2998 3807 3057 quo-

2170 3062 2299 3135 rum
2326 3074 2647 3133 intervallis
2673 3075 2890 3147 gradus
2922 3089 3203 3129 ascensus
3234 3078 3291 3129 et
3320 3073 3650 3131 descensus
3680 3062 3807 3128 solis

2170 3167 2365 3223 diurni
2386 3171 2441 3221 ct
2453 3163 2735 3220 menstrui
2750 3161 3044 3235 geminato
3060 3161 3120 3227 in
3134 3163 3451 3233 utriusque
3462 3162 3736 3232 partibus
3748 3159 3808 3214 ω

411 3252 691 3308 dimensis
723 3252 879 3308 horis
914 3252 1216 3308 meridiem
1239 3254 1530 3320 efﬁciat,et
1554 3254 1959 3309 descendendo
1981 3255 2051 3309 ad
2084 3238 2125 3304 (ἶ
2168 3255 2609 3329 permetiuntur.
2635 3252 2783 3308 Sunt
2813 3267 2949 3323 ergo
2981 3250 3035 3304 in
3066 3250 3174 3306 hac
3205 3250 3539 3307 walzacora
3570 3249 3807 3324 quinde-

414 3358 682 3396 occasum
715 3358 947 3413 vergere
968 3341 1572 3413 incipiatlnferiorem
1609 3342 1932 3409 autem,ubi
1967 3347 2055 3398 est

411 3446 458 3500 e,
497 3429 872 3496 Calhemuel,
926 3429 981 3483 id
1016 3435 1103 3485 est
1160 3428 1373 3484 lineam
1417 3430 1765 3501 aaqualitatis
1812 3431 1899 3487 vel
1935 3449 2053 3487 me-

412 3517 711 3573 diatricem
745 3517 1005 3589 sphaerae,
1039 3522 1086 3572 et
1123 3523 1211 3573 est
1242 3518 1342 3573 illa
1372 3537 1497 3591 quae
1530 3537 1561 3573 a
1593 3519 1829 3575 Meridie
1851 3520 1921 3575 ad
1954 3520 2052 3578 Se-

413 3605 800 3679 ptentrionem
862 3607 1246 3677 protenditur,
1297 3625 1471 3679 quam
1532 3609 1732 3663 radius
1774 3609 1933 3675 solis,
1966 3610 2053 3666 vel

415 3695 625 3749 umbra
654 3693 962 3766 gnomonis
992 3693 1402 3764 solstitialis,in
1434 3698 1655 3767 tr0pico
1686 3699 1881 3753 aestivo
1909 3698 2060 3753 desi-

417 3786 577 3855 gnat,
598 3781 658 3836 in
690 3782 858 3852 cujus
889 3782 1080 3839 antica
1112 3784 1347 3856 planitie
1393 3786 1570 3840 triﬁdi
1603 3786 1821 3840 zodiaci
1844 3787 2056 3842 inscri-

416 3872 637 3927 buntur
656 3869 878 3938 circuli,
915 3887 1163 3942 quorum
1199 3889 1381 3928 unum
1414 3873 1803 3944 aequinoctiali
1837 3875 2057 3931 ratione

416 3960 607 4015 medio
657 3958 998 4015 collocatum
1031 3977 1240 4016 cursus
1279 3961 1487 4016 Arietis
1519 3967 1575 4016 et
1608 3961 1780 4015 Librae
1810 3961 1934 4017 sine
1959 3963 2055 4018 de-

413 4047 665 4103 viatione
693 4051 873 4105 notat.
898 4048 1003 4111 Qui
1054 4050 1230 4105 etiam
1282 4050 1686 4120 aequinoctialis
1729 4050 1959 4119 dicitur,
1991 4068 2056 4107 eo

419 4136 573 4208 quod
604 4135 683 4191 ibi
705 4135 829 4208 pari
859 4138 1333 4210 compensatione
1362 4137 1512 4193 lucis
1539 4137 1841 4210 noctisque
1871 4140 2060 4210 spatia

421 4222 816 4280 dimetiantur.
842 4224 1066 4281 Dicitur
1086 4231 1145 4281 et
1161 4226 1459 4297 ectipticus.
1473 4226 1617 4281 Nam
1641 4227 1780 4282 dum
1804 4228 1949 4284 inibi
1972 4229 2059 4284 sol

419 4310 674 4385 lunaque
700 4314 921 4384 pariter
949 4318 1177 4383 coeunt,
1215 4314 1459 4387 quilibet
1480 4331 1681 4370 eorum
1708 4332 1943 4372 necesse
1974 4321 2061 4375 est

420 4405 486 4457 ut
513 4400 776 4474 eclipsim
808 4402 1084 4475 patiatur.

489 4495 569 4547 Ex
590 4491 823 4547 duobus
853 4494 1048 4548 autem
1096 4491 1500 4548 terminalibus
1534 4510 1713 4548 unum
1748 4494 1937 4550 cernis
1970 4495 2059 4551 in-

2163 3346 2275 3402 cim
2300 3342 2788 3414 orbiculi,quibus
2811 3337 3061 3411 singulis
3083 3338 3529 3413 sexquipertitis
3557 3340 3630 3395 90
3660 3352 3806 3395 coms

2163 3436 2355 3508 pletur
2388 3448 2686 3498 numerus,
2718 3429 2776 3484 id
2809 3433 2897 3484 est
2926 3429 3223 3500 quadrans
3251 3428 3436 3485 totius
3459 3428 3690 3485 circuli.
3711 3423 3809 3496 Qui

2165 3530 2358 3579 tamen
2382 3519 2626 3577 orbiculi
2656 3515 2835 3574 simul
2869 3533 3007 3572 cum
3035 3532 3276 3572 numero
3298 3517 3634 3572 secundum
3654 3515 3809 3572 horo-

2164 3612 2449 3684 logiorum
2476 3607 2831 3663 mutationes
2862 3622 2964 3676 pro
2986 3603 3102 3659 situ
3133 3603 3391 3659 locorum
3418 3609 3476 3658 et
3507 3602 3807 3659 climatum

2164 3708 2265 3756 aut
2295 3700 2656 3769 majorantur
2678 3700 2778 3750 aut
2800 3693 3166 3760 minuuntur,
3201 3692 3356 3764 quod
3380 3690 3532 3748 alias
3563 3689 3808 3747 lucidius

2164 3790 2422 3846 clarebit.
2457 3787 2635 3856 Cujus
2653 3785 2711 3839 in
2734 3782 3006 3839 extremis
3027 3783 3302 3837 coronata
3321 3779 3505 3837 labris
3519 3778 3808 3854 gyratione

2166 3877 2505 3952 prominens
2538 3874 2714 3928 umbo
2743 3870 2932 3927 tenaci
2964 3869 3255 3925 soliditate
3303 3868 3594 3941 affigitur,
3643 3881 3806 3941 quem

2166 3968 2368 4023 dicunt
2396 3963 2681 4031 Atnoyim,
2711 3960 2809 4031 qui
2851 3960 2910 4014 in
2937 3957 3122 4013 altum
3154 3962 3457 4031 porrectus
3487 3958 3807 4013 eminentes

2165 4054 2411 4111 aliorum
2436 4051 2741 4107 climatum
2760 4046 2987 4104 tabulas
3008 4047 3068 4101 in
3096 4061 3158 4102 se
3178 4046 3560 4117 suscipiendo
3583 4043 3807 4102 conclu-

2166 4143 2269 4199 dit.
2301 4142 2386 4196 Λᾶ
2442 4157 2589 4212 quas
2648 4136 3059 4209 concipiendas
3107 4134 3269 4191 frons
3299 4135 3429 4206 ejus
3462 4151 3644 4207 parvo
3675 4138 3809 4190 tere-

2169 4235 2367 4289 bratur
2395 4229 2698 4295 foramine,
2757 4226 2851 4282 cui
2881 4229 3053 4282 acuta
3093 4222 3431 4279 tabularum
3490 4223 3812 4296 inﬁguntur

2168 4318 2459 4392 capitula:
2519 4315 2687 4383 Quod
2720 4316 2980 4371 foramen
3016 4313 3352 4369 meridiana:
3391 4312 3716 4387 respondet
3739 4326 3815 4368 ωε

2168 4408 2336 4481 gulae.
2356 4408 2535 4479 Cujus
2555 4404 2879 4461 crassitudo
2923 4419 3039 4458 non
3078 4400 3254 4458 altius
3292 4401 3598 4458 extollitur
3646 4414 3812 4473 quam

2168 4496 2501 4554 tabularum
2533 4493 2845 4566 capacitas.

418 4578 688 4635 feriorem
709 4578 992 4635 circulum
1032 4580 1090 4635 in
1123 4581 1376 4638 conﬁnio
1406 4582 1590 4637 centri
1619 4582 2061 4651 circumactum,
2093 4606 2138 4669 D
2240 4586 2458 4642 Dehinc
2529 4584 2657 4654 ejus
2713 4580 2934 4638 extanti
2980 4579 3210 4637 laterali
3265 4579 3483 4636 vertice
3533 4578 3811 4652 perforato

421 4669 544 4741 qui,
576 4667 827 4724 naturali
856 4668 1155 4725 observata
1172 4669 1412 4737 ratione,
1438 4674 1721 4742 quantum
1755 4676 1951 4727 centro
1975 4678 2063 4728 est

420 4755 682 4825 vicinior,
734 4760 960 4813 tantum
1012 4758 1461 4815 circumactione
1518 4759 1907 4827 contractior;
1967 4760 2066 4832 qui

423 4843 674 4900 circulus
697 4844 925 4901 Cameri
949 4850 1185 4919 trapicus
1202 4849 1424 4904 aestivus
1444 4847 1680 4903 dicitur:
1705 4848 1762 4902 in
1794 4849 2066 4905 extremis

422 4931 633 4988 tabula:
662 4933 820 4990 horis
845 4935 1107 4993 dilatiore
1163 4936 1540 4992 circulatione
1587 4936 1840 4992 circulus
1868 4937 2065 5010 Capri-

423 5019 606 5085 corni,
636 5019 695 5075 id
727 5026 834 5091 est,
866 5026 1107 5094 (rapiens
1140 5024 1393 5080 hiemalis
1414 5023 1774 5080 inscribitur.
1807 5026 2064 5090 Quorum

420 5107 855 5180 inscriptiones,
887 5110 957 5164 ad
996 5111 1184 5165 instar
1211 5110 1462 5167 celestis
1484 5112 1723 5184 sphaerae
1756 5113 2065 5182 collocata),

422 5196 687 5267 signiferi
718 5197 1089 5253 latitudinem
1105 5197 1307 5254 circuli
1336 5198 1731 5260 includunt.et
1750 5201 1891 5257 solis
1909 5208 2068 5260 caete-

422 5301 740 5356 rorumque
801 5283 1164 5355 planetarum
1225 5286 1493 5342 cursibus
1542 5287 1789 5343 limitem
1820 5297 2045 5361 ponunt

420 5374 581 5431 Inter
609 5388 757 5443 quos
797 5374 1087 5427 extremos
1120 5372 1287 5429 orbes
1336 5375 1394 5428 in
1427 5374 1597 5446 plaga
1627 5379 2066 5447 septentrionali

422 5467 739 5527 artiﬁciosa
795 5464 1038 5524 rationis
1092 5466 1375 5538 positione
1430 5470 1801 5540 hototallasab,
1851 5474 1908 5531 id
1957 5483 2064 5547 est,

388 5626 393 5633 η
423 5561 626 5615 breves
646 5555 921 5611 horarum
942 5553 1105 5610 lineae
1127 5572 1289 5626 (aqua
1310 5557 1747 5613 intervallorum
1761 5564 2067 5633 partitione

421 5647 820 5706 instruuntur,
846 5639 926 5696 ita
956 5648 1020 5701 ut
1065 5642 1325 5703 interiori
1378 5647 1652 5721 angustia
1679 5646 1929 5713 extracta
1960 5654 2064 5711 de-

2172 4672 2680 4747 suspendiculares
2717 4670 3050 4726 inferuntur
3088 4667 3424 4735 circuli,vel
3448 4667 3649 4742 magis
3670 4666 3812 4723 inca-

2174 4767 2468 4821 tenentur.
2501 4759 2722 4824 Quibus
2743 4758 3166 4814 cohaerentibus
3194 4756 3604 4828 quandolibet,
3627 4757 3701 4812 ad
3729 4766 3813 4810 ra-

2175 4854 2337 4908 dium
2370 4849 2508 4907 solis
2547 4847 2984 4921 percipiendum
3037 4846 3409 4915 sublevatur;
3440 4846 3618 4918 cujus
3647 4844 3811 4902 etiam

2175 4939 2486 5014 epiphania
2532 4952 2767 4993 summa
2818 4935 3127 5008 diligenter
3174 4934 3353 5008 polita
3409 4935 3697 4992 dividitur
3722 4948 3813 5005 per

2174 5035 2367 5103 partes
2388 5032 2722 5099 tetragonas
2745 5026 3008 5098 partibus
3027 5025 3133 5080 360
3151 5023 3405 5096 aequatis
3418 5039 3528 5096 per
3545 5022 3815 5097 quinque-

2175 5120 2385 5192 pertita
2413 5115 2753 5182 intervalla;
2786 5114 2992 5186 qum,si
3022 5112 3222 5170 subtili
3251 5113 3677 5170 discernuntur
3692 5122 3813 5183 par‘

2174 5208 2396 5273 titione,
2415 5206 2485 5261 ad
2500 5203 2855 5275 multiplices
2874 5200 3812 5275 pertinentutilitates,exquarum

2174 5297 2462 5369 impressa
2492 5293 2731 5359 ratione,
2764 5293 2919 5363 quod
2949 5291 3311 5364 praecipuum
3349 5295 3460 5357 est,
3494 5287 3813 5347 certissima

2174 5385 2471 5442 naturales
2518 5382 2777 5438 noctium
2821 5384 2878 5436 et
2928 5381 3152 5437 dierum
3185 5384 3627 5453 cognoscuntur
3668 5376 3813 5434 hora

2175 5490 2306 5531 cum
2331 5470 2665 5545 augmentis
2693 5475 2752 5527 et
2795 5469 3186 5538 detrimentis,
3218 5473 3285 5525 ut
3336 5467 3403 5525 in
3430 5465 3815 5541 sequentibus

2175 5563 2367 5636 aptius
2398 5557 2822 5616 admonebitur.

2245 5651 2474 5710 Eisdem
2514 5648 2687 5707 etiam
2737 5648 3123 5723 perigraphiis
3153 5651 3366 5705 crateras
3387 5648 3711 5705 exuruntur
3730 5644 3811 5705 ta-
