3880 6340
113 400 219 467 393

1176 412 1276 473 DE
1322 408 1872 474 UTILITATIBUS
1921 410 2409 475 ASTROLABII.

3366 415 3484 477 394

104 537 1417 614 'bulm,quorumlibetsintclimatum,quamvis
1443 544 1736 615 paulisper
1768 547 1816 610 Α
1852 543 2052 615 plagas
2086 546 2335 617 propriis
2368 547 2685 613 distantiis,
2731 546 2814 602 vel
2864 563 2964 619 per
3019 547 3486 618 quinquepertita

115 645 206 701 pro
227 626 485 685 locorum
510 633 565 683 et
585 630 884 686 climatum
912 633 1231 687 mutatione
1256 633 1362 704 ipsi
1386 632 1743 688 almucanta-

115 716 231 772 rath
258 716 663 774 varientur.De
692 736 811 792 qua
850 720 1120 776 varietate
1150 726 1306 776 certa
1332 721 1479 776 ratio
1509 722 1745 776 dabitur

114 805 167 861 in
192 821 299 885 suo
329 803 707 871 loco.Quibus
738 810 955 865 tabulis
986 809 1313 881 supersidet
1341 809 1738 875 Alhancabuth,

113 894 165 950 id
192 897 278 949 est
298 894 570 951 versatile
598 895 1093 968 volvellum,quod
1128 896 1386 953 manuali
1420 898 1744 952 versatione

112 983 176 1040 ad
223 982 733 1041 demonstrandam
766 986 1013 1042 caelestis
1056 987 1293 1058 sphaerae
1315 985 1739 1043 volubilitatem

109 1075 157 1128 et
185 1070 252 1127 ad
282 1071 839 1130 demonstrationem
871 1074 1143 1131 horarum
1174 1074 1368 1130 volvit.
1429 1075 1575 1129 Nam
1607 1075 1737 1145 ejus

110 1159 526 1217 versationibus
555 1166 611 1216 et
639 1163 920 1235 gradibus
942 1163 1308 1235 solis,eisque
1332 1162 1739 1236 respondenti-

110 1249 211 1304 bus
238 1248 581 1322 horoscOpis
607 1266 710 1321 per
740 1256 935 1322 partes
983 1251 1247 1323 signiferi
1307 1251 1505 1307 circuli
1566 1250 1739 1306 certis

108 1336 239 1393 locis
266 1336 590 1409 designatis
623 1337 999 1394 lucidissima
1034 1340 1310 1395 horarum
1360 1339 1739 1411 proprietates

109 1421 405 1497 pateﬁunt,
433 1429 490 1479 et
520 1426 908 1499 correptiones
939 1432 996 1482 et
1042 1428 1367 1481 crescentiae
1399 1428 1657 1481 noctium
1685 1432 1742 1481 ct

108 1514 324 1570 dierum
356 1513 695 1583 probantur.
731 1516 830 1571 Est
860 1516 1015 1571 enim
1058 1516 1199 1570 illud
1228 1521 1497 1571 excavata
1527 1516 1742 1570 machi-

109 1603 329 1657 natione
358 1601 720 1675 insculptum
753 1605 1075 1659 secundum
1107 1604 1415 1659 interstitia
1434 1604 1738 1675 praedicto-

108 1708 227 1747 rum
257 1691 611 1749 circulorum
642 1698 699 1749 et
729 1693 1074 1765 positionem
1117 1694 1415 1748 stellarum
1468 1693 1734 1758 fixarum,

106 1797 199 1852 per
228 1797 376 1853 quas
407 1780 560 1855 horae
592 1782 777 1837 noctis
809 1783 1254 1853 dignoscantur.
1292 1783 1439 1836 Sunt
1471 1787 1621 1836 certe
1678 1780 1736 1835 in

106 1869 221 1941 ipso
248 1872 368 1925 tres
399 1869 621 1935 circuli,
655 1887 905 1942 quorum
934 1870 1173 1925 interior
1203 1871 1259 1924 in
1302 1871 1449 1924 duos
1480 1870 1737 1940 hemicy-

106 1957 215 2014 clos
257 1974 362 2030 per
416 1958 766 2014 diametrum
825 1959 1072 2030 partitus
1123 1964 1233 2024 est,
1294 1958 1507 2030 quibus
1541 1957 1736 2012 lineali

105 2046 379 2103 divisione
411 2049 649 2104 sextatis
681 2048 838 2104 senis
871 2049 1053 2119 signis
1084 2049 1389 2103 duodecim
1434 2048 1735 2119 signorum

106 2152 379 2193 numerus
401 2135 683 2192 redditur.
718 2140 839 2202 Quo
866 2137 1231 2208 superposito
1262 2137 1597 2208 impellente
1619 2151 1740 2189 vero

106 2224 318 2280 satione
345 2223 572 2280 videbis
586 2226 836 2280 Arietem
857 2232 911 2280 et
930 2226 1161 2279 Libram
1182 2226 1437 2279 medium
1452 2225 1732 2279 circulum

106 2310 384 2368 Cancrum
406 2318 463 2368 et
488 2314 903 2385 Capricornum
937 2313 1273 2369 terminales
1304 2314 1589 2368 currendo
1632 2314 1735 2368 de-

106 2405 295 2457 notare
325 2400 995 2457 circulos.Estetiamita
1026 2403 1366 2457 naturaliter
1384 2402 1737 2471 dispositum

104 2494 162 2545 ut
187 2489 243 2545 in
274 2488 718 2562 septentrionali
753 2496 913 2561 parte
946 2491 1382 2557 sublimetur,in
1416 2491 1741 2544 meridiana

100 2584 291 2636 autem
318 2578 392 2635 ad
450 2580 703 2635 conﬁnia
764 2580 1106 2635 inferiorum
1169 2582 1559 2651 demergatur.
1593 2580 1738 2633 Nam

103 2667 319 2724 arctius
349 2667 836 2739 hemisphaerium
858 2669 927 2724 ab
953 2669 1135 2723 Ariete
1154 2668 1468 2733 initiatum,
1502 2668 1608 2722 etsi
1632 2668 1739 2721 mi-

102 2773 299 2814 norum
330 2757 695 2830 correptione
735 2758 1055 2829 spatiorum
1116 2762 1478 2812 contractum
1529 2762 1636 2821 est,
1670 2757 1741 2811 de

101 2849 286 2903 tamen
308 2846 613 2902 dilatando
645 2864 748 2919 per
778 2864 953 2902 verna
975 2847 1241 2901 ascendit
1267 2847 1453 2917 signa,
1488 2851 1543 2901 et
1577 2862 1740 2901 sum-

100 2950 186 2990 mo
212 2934 438 2992 Cancro
478 2935 668 3007 posita
699 2934 992 2991 solstitiali
1025 2934 1178 2989 linea
1208 2936 1536 2989 denotatur.
1599 2934 1742 2989 Hine

100 3024 290 3079 eadem
323 3023 670 3081 circuitione
703 3023 828 3079 dies
859 3014 1255 3079 contrahendo
1279 3041 1381 3095 per
1430 3024 1625 3078 mstiva
1655 3024 1741 3077 di-

100 3111 363 3184 gradiens
401 3112 569 3186 signa
598 3113 657 3167 in
718 3112 1107 3183 requinoctiali
1158 3113 1508 3167 terminatur
1558 3114 1739 3167 Libra.

98 3201 139 3253 Α
163 3199 334 3257 Libra
365 3202 563 3272 majus
594 3200 1055 3272 hemispberium
1090 3201 1384 3255 initiatum
1418 3207 1474 3255 et
1504 3200 1746 3254 dilatata

98 3286 432 3345 circuitione
463 3290 807 3361 depressum
841 3289 1213 3344 autumnales
1232 3289 1596 3360 corripiendo
1621 3288 1743 3343 dies
1775 3272 1816 3337 C

98 3375 161 3430 ad
190 3377 533 3449 Capricorni
565 3375 880 3433 solstitium
921 3378 1231 3449 perveniet.
1292 3378 1434 3433 Hine
1490 3376 1742 3432 brumali

97 3464 437 3521 circuitione
468 3465 540 3520 ad
577 3466 792 3521 Arietis
826 3466 1059 3537 signum
1092 3466 1404 3533 reducitur,
1465 3466 1522 3519 in
1573 3467 1741 3536 cujus

96 3552 287 3609 circuli
320 3553 609 3610 lateribus
636 3555 725 3625 [in
756 3572 959 3623 marg.,
991 3555 1078 3609 vel
1116 3554 1433 3625 laterculis]
1480 3552 1742 3625 diligenti

98 3643 405 3712 partitione
468 3642 772 3714 signorum
828 3649 1022 3715 partes
1082 3642 1543 3715 distinguuntur.
1596 3643 1741 3696 Nam

98 3731 561 3804 unumquodque
594 3732 829 3803 signum
861 3732 1351 3803 quinquepertitis
1384 3730 1745 3787 discurnitur

98 3816 663 3893 intervallis,quibus
686 3820 884 3891 quinis
914 3821 1051 3877 data
1080 3838 1221 3876 sena
1246 3820 1620 3876 tricenarium
1652 3821 1746 3875 de-

109 3908 456 3977 nominant;
500 3912 557 3964 et
586 3908 669 3964 sic
701 3926 802 3980 per
858 3909 1121 3964 ordinem
1171 3910 1599 3981 progredientis
1652 3926 1745 3964 zo-

94 3994 235 4051 diaci
259 3995 601 4070 adimplent
632 4014 965 4053 numerum.
1004 4000 1065 4052 In
1096 4015 1210 4069 quo
1243 3999 1418 4053 etiam
1452 3998 1605 4053 acuti
1630 4016 1750 4053 ma-

106 4083 315 4142 chinati
343 4090 493 4143 sunt
526 4086 938 4158 denticuli,qui
964 4087 1136 4142 certis
1176 4088 1235 4142 in
1292 4086 1436 4142 locis
1487 4086 1749 4143 collocati

104 4169 296 4229 stellas
326 4172 621 4229 adnotant
652 4173 817 4240 lixas,
859 4190 961 4245 per
1014 4190 1161 4244 quas
1221 4175 1404 4229 noctis
1452 4174 1749 4247 cognosci-

104 4273 227 4316 mus
248 4260 455 4329 horas,
489 4277 617 4333 qua:
640 4261 888 4333 propriis
918 4262 1095 4317 etiam
1126 4262 1459 4318 nominibus
1488 4264 1753 4319 Arabicis

99 4345 365 4423 inscripti
397 4354 560 4406 sunt.
596 4350 657 4405 In
691 4350 857 4420 cujus
880 4351 1233 4405 rotunditate
1260 4351 1347 4405 vel
1380 4352 1753 4407 rotunditatis

100 4430 279 4497 fronte
312 4442 559 4495 exstans
589 4443 678 4494 est
730 4438 1059 4495 denticulus
1116 4456 1291 4511 super
1335 4441 1750 4512 Capricornum

99 4527 344 4597 positus,
380 4532 443 4584 et
473 4527 546 4584 ad
574 4528 768 4600 ipsum
800 4528 1116 4583 umbonem
1154 4533 1473 4600 porrectus,
1505 4546 1603 4600 qui
1637 4528 1751 4583 cal-

1854 632 2157 688 intervalla
2188 652 2289 705 per
2319 653 2459 690 sena
2487 636 2808 693 distributa:
2847 636 3052 707 signis,
3113 652 3238 706 quae
3295 636 3491 692 omnia

1855 722 1977 777 visu
2030 723 2223 793 potius
2255 741 2431 795 quam
2463 726 2619 780 dictu
2654 725 3008 797 deprehendi
3040 728 3302 795 possunt.

1923 810 2178 866 Habctur
2206 813 2381 867 etiam
2414 813 2492 868 ibi
2525 814 2815 883 Alhidada,
2861 814 2919 869 id
2977 819 3067 869 est
3121 812 3490 881 verticulum,

1852 898 2003 969 quod
2037 917 2140 954 nos
2172 901 2402 956 radium
2435 901 2625 957 dicere
2656 918 2996 974 possumus,
3020 903 3177 973 quod
3215 902 3287 957 ad
3309 900 3495 957 instar

1850 986 2058 1058 regulae
2092 992 2394 1044 extensum
2427 990 2841 1062 superponitur
2897 990 3132 1046 tabulae.
3192 990 3372 1061 Cujus
3432 990 3491 1045 in

1850 1074 2139 1146 capitibus
2171 1076 2314 1131 binae
2346 1084 2485 1133 sunt
2514 1083 2715 1134 erectae
2754 1078 2964 1150 pinnae,
3016 1096 3144 1150 quae
3205 1079 3276 1133 ad
3335 1079 3489 1135 acci-

1852 1163 2129 1234 piendum
2162 1165 2301 1220 solis
2332 1168 2562 1222 radium
2594 1172 2650 1223 et
2680 1167 2980 1224 stellarum
3013 1168 3394 1233 fixarum,seu
3417 1168 3487 1223 ad

1849 1253 2346 1323 geometricalium
2378 1256 2682 1311 scientiam
2726 1271 3135 1312 mensurarum
3194 1254 3307 1311 sibi
3363 1271 3486 1311 res-

1851 1341 2165 1410 pondentia
2190 1342 2327 1396 bina
2358 1342 2573 1398 habent
2605 1344 2908 1411 foramina,
2940 1343 3095 1416 quod
3143 1347 3301 1399 tactu
3348 1360 3482 1399 cum

1849 1433 2175 1499 torquetur,
2206 1431 2285 1485 itu
2320 1434 2375 1485 et
2401 1432 2589 1486 reditu
2614 1431 2983 1488 altitudinem
3033 1431 3173 1487 solis
3230 1431 3485 1503 providis

1850 1517 2211 1573 demonstrat
2241 1520 2563 1575 obtutibus.

1920 1606 2019 1660 Est
2045 1608 2219 1661 etiam
2250 1609 2514 1674 Alchz‘tob,
2548 1610 2604 1664 id
2642 1615 2731 1665 est
2787 1611 2965 1665 vectis
3026 1610 3334 1679 rotundus,
3389 1608 3489 1680 qui

1849 1693 1957 1764 ipsi
1981 1694 2327 1750 \Valzacora:
2356 1697 2412 1750 in
2447 1698 2636 1752 medio
2667 1699 2969 1769 perforatae
2998 1699 3069 1753 ad
3093 1697 3493 1770 constringen-

1849 1782 1989 1836 dum
2023 1782 2323 1839 climatum
2356 1785 2587 1839 tabulas
2616 1785 3006 1858 inﬁgitur.Cui
3030 1786 3090 1842 in
3110 1803 3343 1841 summo
3369 1803 3493 1857 per-

1850 1870 2030 1925 forato
2061 1870 2204 1926 alter
2234 1889 2452 1928 cuneus
2481 1878 2537 1928 et
2568 1880 2730 1945 parte
2762 1874 3161 1929 Alhancabuth
3192 1880 3490 1929 tranverse

1850 1959 2144 2027 inseritur,
2179 1977 2351 2031 quem
2379 1963 2615 2032 Alferaz,
2653 1962 2709 2017 id
2742 1966 2829 2017 est
2852 1961 3397 2028 caballum,dicunt,
3420 1978 3487 2017 eo

1847 2048 2001 2118 quod
2027 2050 2214 2103 instar
2244 2049 2447 2104 caballi
2484 2051 2765 2105 formatus
2797 2050 2890 2105 sit.
2926 2050 3203 2116 Etiam,ut
3232 2048 3485 2104 lucidius

1847 2134 2023 2205 quivi,
2080 2138 2207 2206 ejus
2265 2137 2665 2209 perigrapbias
2747 2138 3155 2210 compendiose
3214 2137 3484 2209 explicui,

1849 2229 2085 2296 excepto
2120 2243 2234 2280 uno
2257 2231 2579 2297 tetragono,
2603 2228 2674 2282 de
2705 2244 2819 2298 quo
2842 2230 2901 2281 in
2938 2227 3062 2282 loco
3110 2242 3217 2282 suo
3249 2225 3486 2281 uberius

1849 2314 2058 2369 dicam.
2093 2314 2203 2369 Sed
2239 2317 2354 2370 haec
2386 2332 2478 2369 res
2537 2316 2706 2371 tectis
2754 2315 3163 2370 innexionibus
3219 2314 3490 2370 intricata

1848 2407 1935 2457 est
1961 2419 2085 2467 ;nee
2116 2404 2390 2459 omnibus
2422 2405 2489 2457 ad
2525 2403 2969 2475 intelligendum
3001 2402 3493 2475 enodabilis,prae-

1850 2496 1938 2545 ter
1967 2508 2063 2546 eos
2094 2492 2189 2563 qui
2228 2493 2488 2548 usualem
2523 2493 2741 2547 habent
2774 2494 2828 2545 in
2860 2492 2951 2547 his
2997 2492 3489 2547 exercitationem.

1849 2580 1906 2633 Si
1938 2585 2070 2650 quis
2101 2586 2293 2635 autem
2328 2581 2481 2635 dicta
2512 2586 2613 2636 aut
2642 2580 2886 2636 dicenda
2915 2596 3123 2651 parum
3154 2596 3222 2635 ex
3261 2579 3493 2652 scriptis

1852 2668 2214 2735 intellexerit,
2249 2670 2437 2741 ipsam
2456 2686 2576 2724 rem
2611 2670 2833 2741 probet,
2870 2673 2925 2723 et
2958 2668 3160 2739 procul
3194 2669 3373 2724 dubio
3403 2685 3491 2724 re-

1853 2757 2032 2828 periet
2075 2757 2217 2812 satis
2248 2757 2556 2829 diligenter
2599 2758 2798 2813 omnia
2845 2756 3004 2811 dicta
3043 2773 3189 2812 esse.
3244 2756 3347 2812 His
3411 2756 3495 2811 ita

1853 2846 2184 2916 praetexatis
2206 2851 2340 2901 vota
2366 2845 2766 2917 persolvendo,
2812 2845 3062 2917 qualiter
3100 2844 3221 2899 haec
3275 2844 3491 2901 exerci-

1852 2938 2064 3001 temus,
2099 2934 2309 2998 dicam,
2342 2940 2397 2990 et
2458 2934 2515 2989 in
2549 2934 2752 3006 primis
2787 2935 2857 2989 de
2885 2933 3287 2989 artiﬁcialibus
3333 2933 3496 2989 horis

1855 3022 1967 3077 diei
2000 3027 2057 3077 et
2088 3023 2294 3078 noctis.

2486 3112 2717 3167 CAPUT
2758 3112 2854 3167 III.

2141 3202 2215 3254 De
2235 3202 2541 3271 colligendo
2570 3204 2725 3271 signo
2756 3205 2806 3255 ct
2837 3200 3020 3269 gradu
3050 3202 3250 3256 solisn‘

1930 3291 1984 3342 Si
2019 3289 2345 3344 certissime
2370 3290 2543 3345 horas
2576 3289 2870 3344 naturales
2893 3288 3353 3345 siveartiﬁciales
3378 3290 3491 3345 diei

1851 3380 1908 3432 et
1938 3378 2124 3432 noctis
2157 3378 2323 3449 cupis
2356 3378 2501 3432 scire
2534 3382 2758 3449 oportet
2787 3378 2845 3431 in
2878 3376 3083 3448 primis
3115 3381 3177 3431 ut
3222 3377 3373 3432 scias
3428 3378 3486 3432 in

1851 3484 1963 3538 quo
1995 3467 2161 3537 signo
2193 3466 2270 3520 sit
2291 3466 2373 3521 sol
2399 3472 2455 3521 et
2476 3467 2533 3520 in
2557 3470 2730 3537 quoto
2758 3466 2976 3520 decano
3007 3468 3109 3519 aut
3129 3465 3310 3536 gradu
3334 3467 3489 3537 ejus-

1851 3556 1982 3610 dem
2011 3555 2186 3626 signi.
2220 3555 2336 3610 Iloc
2368 3554 2604 3625 quidem
2635 3553 2741 3610 etsi
2774 3552 3200 3624 multiplicibus
3236 3553 3486 3610 calcula-

1851 3644 2075 3698 tionum
2113 3642 2433 3698 rationibus
2465 3645 2611 3697 scire
2642 3659 2843 3713 queas,
2876 3647 3075 3696 tamen
3116 3642 3403 3698 absolutis
3432 3660 3503 3699 ex

1852 3732 1961 3786 hac
2004 3733 2191 3804 ﬁgura
2244 3731 2499 3787 maxima
2547 3730 2787 3786 solertia
2853 3730 3145 3801 acquisita
3183 3746 3500 3803 cognosces

1853 3837 2031 3892 quam
2064 3820 2157 3875 hic
2198 3820 2566 3875 subscribere
2599 3837 2713 3874 non
2746 3820 3006 3890 ineptum
3067 3822 3328 3888 autumo,
3360 3821 3504 3876 dum

1852 3909 2017 3965 locus
2049 3913 2105 3965 et
2137 3909 2282 3965 ratio
2314 3909 2588 3980 postulat,
2624 3913 2683 3963 et
2712 3907 2793 3963 ita
2821 3908 2878 3962 in
2912 3907 3158 3962 Arabico
3191 3907 3501 3965 habeatur.

1857 3999 2044 4054 Habet
2072 3998 2228 4052 enim
2258 3997 2376 4052 hzee
2408 3998 2595 4069 ﬁgura
2624 3998 2682 4050 in
2716 3996 2895 4052 latere
2927 4012 3043 4050 uno
3066 3995 3306 4051 nomina
3333 4012 3498 4053 men-

1858 4088 2012 4143 sium
2048 4087 2400 4159 preatitulata
2426 4104 2440 4153 ;
2474 4086 2648 4141 allero
2681 4102 2812 4140 vere
2840 4084 3018 4140 latere
3043 4084 3168 4139 dies
3200 4085 3494 4141 mensium

1857 4193 1962 4249 per
1991 4192 2339 4242 numerum;
2385 4176 2579 4231 media
2625 4175 2684 4229 in
2717 4173 3024 4246 superficie
3078 4174 3258 4229 totius
3306 4173 3511 4230 circuli

1858 4256 2077 4321 zodiaci
2108 4265 2277 4336 signa
2307 4280 2442 4319 cum
2475 4263 2753 4335 gradibus
2784 4262 3057 4333 partium.
3093 4266 3160 4316 Et
3218 4262 3360 4319 dum
3415 4262 3504 4318 vis

1859 4371 1963 4427 per
1991 4353 2142 4408 hanc
2175 4353 2321 4408 scire
2351 4353 2587 4425 signum
2620 4356 2676 4407 et
2708 4352 2954 4423 gradum
2987 4350 3127 4406 solis
3148 4352 3206 4405 in
3253 4350 3514 4423 quolibet

1861 4443 1973 4508 die,
2007 4441 2312 4497 considera
2344 4441 2403 4496 in
2438 4446 2686 4512 utroque
2720 4439 2896 4495 latere
2940 4442 3281 4510 praesentem
3344 4455 3509 4494 men-

1862 4534 2070 4597 sem,et
2099 4529 2367 4601 ejusdem
2386 4530 2607 4585 mensis
2626 4532 2971 4600 praesentem
2998 4527 3233 4594 diem,et
3255 4526 3334 4581 ita
3354 4526 3511 4583 binis

98 4614 345 4673 calando
379 4630 683 4673 summam
724 4617 952 4673 numeri
1001 4616 1061 4671 in
1118 4617 1432 4689 epipbania
1477 4618 1752 4674 umbonis
1781 4639 1829 4703 Β
1862 4619 2210 4676 altrinsecus
2249 4618 2423 4674 lineis
2458 4617 2751 4690 ingredire
2811 4633 2996 4689 usque
3045 4616 3113 4671 ad
3159 4615 3509 4688 proselidem

93 4705 261 4773 positi
296 4704 606 4762 naturales
636 4705 1004 4761 discriminat
1032 4705 1225 4761 horas.
1258 4706 1360 4763 Cui
1392 4706 1607 4762 dicitur
1652 4708 1740 4762 al-

94 4795 247 4861 meri,
272 4793 333 4850 id
368 4798 468 4851 est
497 4793 813 4861 caculator,
844 4799 902 4849 et
942 4793 1086 4849 illud
1135 4794 1539 4851 halbancabuth
1570 4798 1741 4853 desu-

96 4894 191 4951 per
223 4883 493 4956 positum
525 4882 724 4939 tabula
755 4882 1167 4939 involutionem
1201 4883 1473 4955 contegit.

156 4970 288 5027 Jam
314 4988 463 5028 vero
503 4971 693 5028 antica
722 4972 1012 5044 descripta
1042 4972 1280 5044 planitie
1337 4973 1407 5027 ad
1463 4976 1744 5045 posticam

95 5060 337 5116 vertitur
361 5059 584 5132 stylus,
617 5061 676 5116 in
707 5078 823 5133 qua
848 5061 1150 5133 signorum
1184 5065 1240 5116 et
1287 5062 1579 5117 mensium
1641 5062 1747 5117 ba—

94 5143 297 5204 bentur
328 5149 581 5205 notitias.
614 5148 761 5204 Nam
795 5149 853 5204 in
885 5149 1261 5204 interioribus
1292 5150 1524 5206 circulis
1581 5156 1752 5206 cauta

93 5232 1290 5311 discretione,singulismensibus,proprii
1308 5238 1589 5310 subcripti
1612 5243 1752 5294 sunt

92 5322 223 5381 dies.
252 5328 496 5394 Quibus
518 5327 823 5383 mensibus
853 5328 1021 5399 signa
1052 5326 1301 5399 singulis
1332 5326 1638 5383 attinentia
1684 5327 1751 5381 li-

90 5413 232 5471 neali
285 5416 592 5472 divisione
661 5416 1031 5489 superposita
1078 5420 1235 5471 sunt.
1274 5416 1335 5471 In
1367 5415 1749 5472 exterioribus

89 5496 261 5562 labris
288 5504 519 5561 tabulae
543 5508 738 5576 partes
766 5504 987 5561 zodiaci
1005 5522 1108 5577 per
1124 5504 1379 5576 quadras
1400 5505 1754 5561 denotantur

1861 4708 2199 4781 angularem
2216 4708 2484 4778 (1000),et
2501 4709 2746 4778 quotum
2766 4706 2906 4761 inibi
2930 4706 3177 4778 reperies
3200 4721 3510 4761 numerum

1853 4799 2103 4869 desuper
2133 4796 2191 4851 in
2223 4796 2423 4851 eadem
2458 4793 2610 4850 linea
2642 4794 3007 4850 considerato
3039 4794 3228 4866 signo,
3280 4793 3403 4866 ipse
3424 4796 3513 4849 est

1854 4886 2069 4960 gradus
2102 4884 2242 4940 solis
2272 4901 2447 4956 quem
2480 4884 2750 4951 requiris.

1925 4972 1985 5029 Si
2016 4974 2100 5029 vis
2131 4974 2298 5029 aliter
2327 4973 2495 5040 scire,
2528 4971 2839 5027 transactis
2921 4971 3150 5038 diebus,
3210 4972 3515 5043 praesentis

1858 5065 2078 5120 mensis
2101 5062 2385 5135 quotlibet
2416 5061 2900 5132 fuerint,adjicias
2924 5061 2992 5116 15
3021 5078 3129 5132 per
3150 5077 3298 5133 quos
3332 5059 3514 5115 simul

1860 5152 2132 5209 collectos
2165 5156 2504 5223 computare
2538 5150 2782 5221 incipies
2814 5167 2847 5203 a
2875 5149 3064 5221 primo
3107 5150 3295 5221 gradu
3357 5149 3512 5223 signi

1860 5240 2203 5314 pertinentis
2235 5242 2305 5295 ad
2338 5240 2534 5312 ipsum
2577 5255 2837 5293 mensem
2870 5255 2973 5310 per
3034 5238 3514 5311 quinquepertita

1861 5329 2186 5396 intervalla,
2217 5334 2275 5384 et
2306 5330 2402 5383 ubi
2436 5327 2780 5395 defecerint,
2830 5344 2934 5400 pse
2965 5329 3053 5382 est
3082 5327 3301 5398 gradus
3339 5324 3502 5390 solis,

1863 5436 2037 5492 quem
2069 5419 2307 5491 quaeris,
2330 5417 2486 5474 verbi
2517 5416 2738 5490 gratia:
2765 5417 2890 5489 jam
2923 5414 3168 5489 peractis
3195 5415 3264 5469 20
3291 5410 3501 5469 diebus

1864 5507 2085 5579 Aprilis
2117 5506 2359 5579 adjicias
2387 5506 2539 5574 45,et
2560 5505 2950 5578 computando
2973 5502 3194 5561 collecti
3216 5502 3381 5558 erunt
3400 5498 3495 5560 35.

152 5690 343 5766 (1000)
377 5686 599 5747 Glossa
628 5690 761 5757 vet.,
794 5682 850 5744 id
882 5692 1005 5744 est:
1037 5688 1421 5762 occurrentem,
1456 5686 1611 5763 quasi
1636 5685 2024 5745 comalientem
2054 5689 2103 5745 et
2134 5684 2540 5761 respondeatem
2573 5683 2680 5745 illi.

414 5817 689 5885 PATBOL.
732 5815 994 5884 CXLIII.

3094 5804 3169 5883 l3
