3880 6358
358 433 475 496 395

1166 440 1578 503 HERMANNI
1625 437 2062 502 CONTRACTI
2107 437 2522 502 AUGIENSIS
2567 437 2941 501 MONACHI.

3639 435 3768 498 396

360 565 426 620 Et
457 569 626 624 modo
657 567 901 643 incipias
933 589 1035 646 per
1071 574 1224 632 hunc
1257 591 1560 630 nnmeram
1595 579 1930 645 computare
1956 591 1989 629 a
2021 581 2074 644 Α
2101 573 2394 628 Αηιίἀειάω
2427 574 2800 642 denotaverit,
2829 573 2953 646 ipse
2982 575 3070 627 est
3108 569 3326 642 gradus
3371 567 3514 625 solis
3575 583 3770 642 quem

359 654 545 725 primo
574 659 758 729 gradu
788 661 1020 730 Arietis,
1053 664 1152 735 qui
1187 667 1413 720 constat
1451 663 1733 734 aprilis,et
1763 679 1996 735 compu-

356 743 533 800 tando
563 747 859 817 pervenies
887 751 956 806 ad
990 751 1263 822 quintum
1307 751 1482 806 Tauri
1531 751 1797 823 gradum.
1851 752 1996 806 Nam

359 831 534 888 Arieti
563 833 714 892 datis
737 837 827 904 30,
861 845 1163 895 remanent
1191 842 1380 896 Tauro
1412 841 1461 894 5.
1497 839 1566 893 Et
1609 840 1801 895 dices:
1862 840 2001 911 quia

361 918 421 974 in
449 920 730 994 vigesimo
747 925 838 981 die
858 927 1072 999 Aprilis
1087 929 1172 984 sol
1202 933 1290 984 est
1311 929 1369 984 in
1385 929 1587 1000 quinto
1611 929 1792 1000 gradu
1825 928 2000 983 Tauri

360 1008 467 1064 Per
495 1013 880 1086 astrolapsum
914 1021 1108 1072 autem
1139 1017 1330 1073 taliter
1362 1017 1600 1073 scies.1n
1629 1017 1846 1090 postica
1873 1019 2002 1088 ejus

361 1097 602 1170 planitie
632 1103 935 1161 considera
963 1105 1087 1162 dies
1121 1107 1411 1162 mensium
1447 1113 1502 1161 et
1542 1106 1881 1177 partitiones
1931 1106 2005 1160 si-

361 1195 692 1260 gnorum,et
719 1191 1005 1250 Alhidada
1035 1211 1184 1267 pone
1211 1212 1388 1267 super
1409 1196 1560 1250 diem
1590 1193 2004 1265 praesentemin

362 1293 476 1348 quo
505 1293 588 1347 es,
616 1283 672 1334 et
703 1297 1112 1356 quemcunque
1141 1284 1390 1357 gradum
1419 1284 1672 1339 exterius
1697 1285 2006 1339 summitas

2107 661 2317 732 quarris
2343 679 2356 728 ;
2385 667 2448 717 ut
2470 667 2608 734 puta
2635 662 2682 718 si
2717 660 2979 734 posueris
3001 660 3288 715 Albidada
3315 675 3494 730 super
3543 657 3772 730 vigesi-

2108 767 2270 804 mum
2303 751 2457 804 diem
2489 751 2856 823 Aprilis,ejus
2878 749 3188 806 summitas
3205 749 3481 820 quintum
3504 747 3776 821 gradum

2109 837 2284 894 Tauri
2305 838 2768 911 insignat.Quem
2785 840 3026 911 gradum
3049 855 3116 892 ex
3139 835 3252 893 alia
3281 842 3444 910 parte
3461 838 3522 892 in
3547 836 3778 892 Alban-

2111 927 2322 984 cabuth
2355 927 2412 982 in
2447 945 2552 983 suo
2575 928 2696 984 loco
2712 927 3064 984 denota.Hoo
3087 926 3146 981 in
3169 926 3294 982 loco
3316 927 3778 982 admonendum

2111 1023 2199 1072 est
2236 1025 2294 1071 ut
2327 1017 2650 1088 progressio
2674 1013 3075 1072 calculationis
3095 1019 3207 1070 tuae
3229 1014 3288 1070 in
3313 1014 3406 1070 his
3427 1015 3780 1070 secundum

2113 1105 2252 1160 solis
2283 1105 2686 1161 circuitionem
2734 1111 2936 1161 contra
2995 1105 3282 1159 mundum
3315 1105 3437 1170 ﬁat,
3499 1103 3683 1176 quasi
3751 1121 3788 1159 α

2114 1196 2347 1249 dextera
2377 1195 2448 1248 ad
2481 1195 2802 1250 sinistram.
2844 1195 2990 1248 Nam
3044 1191 3354 1248 Chaldaica
3411 1193 3636 1248 astutia
3669 1209 3786 1248 seu

2115 1281 2457 1338 calculando
2491 1300 2590 1338 seu
2623 1282 2926 1338 scribendo
2959 1282 3038 1336 ita
3067 1281 3454 1354 progreditur.

3499 1565 3790 1580 ﬁ—l—

399 1454 556 1513 Dies.
657 1458 833 1516 Jann.
912 1461 1076 1517 Febr.
1155 1461 1321 1516 Mart.
1399 1461 1579 1533 April.
1658 1461 1867 1518 Maius.
1942 1460 2174 1516 Junius.
2233 1459 2374 1518 Juli.
2513 1463 2661 1534 Aug.
2765 1465 2918 1532 Sept.
2996 1459 3196 1516 Octob.
3263 1464 3404 1516 Nov.
3447 1473 3474 1504 ·ι
3518 1459 3667 1516 Dec.

763 1594 774 1608 ο

735 1616 776 1644 ω

737 1651 776 1686 β

453 1691 494 1772 εἰ
738 1691 778 1775 ξ.
987 1696 1026 1775 ἐ
1787 1761 1798 1773 .
2069 1763 2082 1775 .
3323 1715 3362 1775 ré

738 1753 778 1828 Ξ
1233 1795 1272 1844 σς
1760 1761 1800 1808 σε
2292 1778 2329 1824 ιε
2847 1817 2861 1830 .
3101 1813 3115 1827 .
3599 1802 3616 1814 ο

456 1841 495 1884 Ξ
721 1831 776 1881 ’Ξ
987 1843 1026 1884 αι
1233 1847 1272 1884 a9
1480 1823 1517 1884 ἔξ
1761 1815 1798 1884 Ξ
2029 1849 2082 1884 -:
2291 1830 2330 1884 ἓξ
2601 1877 2612 1884 .
2825 1838 2880 1884 9..
3075 1835 3114 1884 εξ
3324 1834 3379 1884 9-
3558 1821 3618 1884 ἓ

457 1863 495 1926 ἐξ
738 1863 792 1922 Ξ.
987 1863 1041 1926 Ξ,
1233 1863 1272 1926 ἕ
1762 1863 1798 1924 Ξ

2291 1863 2330 1926 8
2576 1877 2613 1926 ὁ
2824 1873 2880 1926 94°
3076 1873 3114 1926 ξ
3325 1875 3362 1926 ξς
3557 1877 3617 1926 's.‘

2293 1895 3639 1941 Eoi-7.5550

2276 1937 2330 2012 δ
2559 1935 2614 2008 :3
3061 1947 3114 2006 ε
3309 1943 3364 2012 .2
3560 1937 3621 2010 τε

477 2077 498 2133 4
727 2078 794 2132 16
975 2085 1040 2138 16
1221 2086 1288 2138 16
1471 2084 1537 2138 16
1753 2084 1820 2138 46
2037 2088 2102 2139 16
2281 2086 2348 2138 16
2567 2085 2631 2136 16
2815 2085 2879 2138 16
3061 2084 3128 2138 16
3309 2087 3378 2138 16
3563 2083 3640 2138 46

477 2153 512 2203 2
727 2151 792 2204 47
975 2156 1040 2208 17
1221 2157 1288 2210 47
1471 2157 1536 2208 17
1753 2156 1820 2209 17

2283 2158 2344 2210 17
2559 2155 2626 2208 47
2807 2153 2876 2208 47
3057 2156 3122 2209 47
3311 2157 3372 2209 17
3561 2157 3635 2211 17

476 2222 509 2275 3
728 2223 795 2276 18
976 2227 1043 2280 18
1227 2229 1290 2281 18
1470 2227 1538 2280 48
1756 2227 1823 2281 48

2285 2227 2350 2281 48
2573 2227 2632 2278 18
2817 2225 2882 2278 18
3063 2227 3130 2281 18
3315 2229 3380 2282 48
3567 2227 3643 2281 48

477 2293 510 2346 4
730 2294 794 2346 19
977 2297 1044 2351 19
1231 2299 1292 2353 19
1471 2298 1542 2351 49
1757 2297 1825 2350 49
2042 2300 2108 2353 19
2289 2297 2356 2352 19
2571 2295 2638 2348 49
2819 2295 2886 2348 19
3067 2297 3134 2350 19
3313 2298 3382 2351 49
3565 2297 3647 2354 49

478 2364 513 2416 5
725 2365 796 2417 20
975 2369 1046 2422 20
1223 2370 1293 2422 20
1470 2369 1542 2422 20
1754 2369 1824 2422 20
2036 2373 2107 2424 20
2284 2369 2354 2422 20
2566 2367 2637 2419 20
2815 2367 2886 2419 20
3061 2368 3132 2422 20
3310 2368 3380 2422 20
3566 2369 3652 2425 20

477 2435 513 2487 6
725 2435 790 2488 21
974 2441 1038 2492 21
1222 2441 1288 2493 21
1470 2439 1534 2492 21
1754 2439 1818 2492 21

2285 2439 2344 2494 24
2567 2439 2630 2492 21
2814 2437 2875 2491 24
3062 2440 3128 2493 21
3311 2439 3376 2492 21
3567 2439 3640 2495 2-4

477 2505 510 2558 7
727 2509 799 2559 22
975 2511 1047 2562 22
1222 2512 1294 2563 22
1471 2512 1542 2563 22
1754 2511 1825 2563 22
2036 2514 2108 2564 22
2287 2513 2356 2564 22
2569 2511 2639 2562 22
2816 2510 2889 2561 22
3066 2512 3135 2563 22
3315 2512 3386 2566 22
3569 2513 3652 2566 22

479 2577 514 2630 8
729 2577 801 2632 23
975 2581 1046 2634 23
1223 2583 1294 2636 23
1472 2581 1543 2634 23
1756 2581 1826 2634 23
2041 2583 2110 2635 23
2287 2583 2358 2635 23
2571 2580 2640 2634 23
2819 2581 2889 2632 23
3063 2582 3134 2633 23
3313 2582 3384 2634 23
3569 2585 3650 2639 23

480 2648 515 2701 9
728 2649 797 2702 24
979 2651 1048 2705 24
1225 2655 1296 2708 24
1475 2652 1544 2706 24
1758 2652 1826 2705 24

2291 2654 2360 2706 24
2573 2653 2642 2704 24
2819 2651 2888 2704 24
3068 2651 3134 2704 24
3317 2653 3388 2706 24
3571 2655 3649 2709 24

446 2719 515 2774 10
729 2722 800 2775 25
977 2724 1048 2776 25
1225 2727 1297 2779 25
1475 2723 1547 2776 25
1759 2723 1829 2775 25
2041 2725 2111 2776 25
2289 2725 2360 2777 25
2571 2724 2643 2776 25
2822 2722 2892 2775 25
3068 2723 3141 2774 25
3319 2723 3389 2777 25
3572 2726 3653 2780 25

446 2791 469 2846 4
485 2791 510 2846 1
730 2791 802 2845 26
977 2794 1049 2848 26
1225 2796 1296 2850 26
1474 2793 1544 2847 26
1757 2794 1828 2847 26

2295 2795 2359 2847 26
2572 2794 2642 2846 26
2821 2793 2892 2845 26
3069 2793 3140 2846 26
3317 2795 3388 2848 26
3569 2799 3653 2852 26

447 2863 516 2915 12
727 2865 800 2916 27
975 2866 1046 2918 27
1226 2867 1296 2920 27
1473 2863 1542 2919 27
1758 2865 1825 2916 27
2041 2867 2108 2918 27
2289 2867 2354 2918 27
2571 2864 2640 2916 27
2822 2863 2889 2916 27
3069 2864 3140 2915 27
3319 2865 3386 2917 27
3573 2869 3651 2921 27

449 2933 518 2986 13
729 2935 800 2986 28
977 2936 1048 2989 28
1225 2939 1296 2992 28
1473 2936 1542 2988 28
1756 2933 1826 2988 28
2041 2935 2110 2987 28
2287 2939 2358 2990 28
2573 2935 2643 2987 28
2822 2933 2892 2986 28
3071 2935 3141 2987 28
3320 2935 3391 2989 28
3575 2941 3654 2994 28

451 3004 475 3056 1
487 3003 518 3056 4
730 3005 801 3058 29
977 3005 1048 3059 29
1224 3007 1295 3061 29
1473 3006 1542 3060 29
1756 3005 1826 3060 29
2039 3007 2109 3060 29
2287 3005 2359 3059 29
2573 3005 2642 3057 29
2822 3005 2893 3056 29
3071 3006 3142 3058 29
3321 3006 3393 3060 29
3577 3010 3656 3064 29

453 3074 521 3128 15
733 3075 802 3128 30
979 3077 1051 3132 30
1229 3078 1300 3133 30
1475 3079 1544 3132 30
1755 3077 1826 3131 30
2039 3077 2108 3132 30
2287 3077 2360 3130 30
2573 3075 2643 3128 30
2824 3073 2895 3128 30
3072 3075 3145 3130 30
3322 3077 3393 3134 30
3577 3079 3656 3136 30

1025 3335 1039 3348 ⁸
1494 3326 1534 3354 ω
1763 3325 1818 3354 ἐ
2064 3340 2100 3354 ρ.
3118 3353 3125 3354 ,
3364 3349 3377 3354 -
3623 3333 3641 3354 9

999 3356 1040 3418 8
1247 3375 1284 3426 σε
1493 3340 1533 3428 Ξ
1763 3347 1818 3406 -Ξ
2062 3340 2102 3436 ἓ
2591 3359 2630 3411 o'
2841 3363 2880 3415 αξ
3091 3353 3146 3412 ὁ.
3327 3349 3380 3416 3'
3579 3340 3641 3404 ἐξ

1000 3423 1040 3485 8
1230 3427 1285 3486 .33
1492 3435 1530 3486 Ξ
1779 3415 1817 3486 ἓ
2064 3441 2101 3486 9
2592 3415 2648 3480 Ξο
2825 3419 2879 3486 Ξ
3091 3413 3130 3486 Ξ
3325 3421 3397 3486 ’ἔρ
3598 3407 3660 3486 ’ἐκ

1231 3473 1531 3560 Ξξῗ
1762 3473 1818 3554 s
2048 3473 2349 3558 es

2293 3476 2349 3552 ,ἓ
2575 3485 2630 3556 5‘
2825 3473 2879 3553 Ξ
3075 3483 3130 3554 c2
3325 3473 3393 3555 εἷ
3582 3473 3641 3558 ὅ

461 3623 528 3678 16
775 3620 800 3676 4
1027 3622 1052 3674 1
1275 3623 1300 3676 1
1523 3623 1548 3675 1
1807 3621 1832 3674 1
2091 3622 2116 3674 1
2337 3618 2359 3673 4
2625 3619 2648 3671 1
2869 3618 2891 3673 4
3119 3618 3142 3673 4
3366 3619 3389 3675 4
3623 3625 3650 3680 4

459 3693 526 3746 17
774 3693 812 3744 2
1023 3694 1058 3745 2
1268 3695 1304 3747 2
1515 3695 1552 3746 2
1801 3692 1838 3744 2
2085 3694 2122 3745 2
2337 3692 2372 3743 2
2622 3691 2658 3742 2
2869 3691 2904 3743 2
3117 3691 3152 3742 2
3365 3693 3400 3744 2
3623 3697 3662 3750 2

456 3763 526 3819 48
775 3762 809 3815 3
1017 3762 1051 3815 3
1267 3764 1302 3817 3
1517 3764 1551 3817 3
1801 3761 1834 3814 3

2336 3761 2370 3814 3
2621 3760 2654 3813 3
2869 3760 2902 3814 3
3117 3759 3150 3814 3
3364 3763 3398 3816 3
3622 3767 3659 3821 3

452 3833 524 3891 49
775 3833 806 3886 4
1023 3834 1054 3887 4
1267 3834 1300 3887 4
1513 3834 1546 3888 4
1799 3833 1829 3886 4

2335 3832 2366 3884 4
2617 3832 2650 3884 4
2867 3831 2898 3884 4
3116 3835 3146 3884 4
3362 3833 3396 3888 4
3623 3839 3659 3892 4

451 3906 523 3960 20
771 3904 807 3958 5
1019 3905 1054 3960 5
1267 3904 1302 3959 5
1515 3905 1551 3959 5
1799 3903 1835 3957 5
2081 3903 2118 3957 5
2329 3902 2366 3956 5
2617 3901 2653 3956 5
2863 3901 2900 3956 5
3114 3903 3150 3956 5
3361 3905 3398 3958 5
3622 3910 3661 3963 5

451 3977 516 4032 21
769 3975 804 4028 6
1017 3976 1053 4030 6
1264 3975 1300 4029 6
1513 3976 1549 4029 6
1795 3975 1831 4028 6

2328 3973 2363 4025 6
2611 3973 2646 4026 6
2862 3973 2896 4027 6
3109 3973 3144 4027 6
3358 3976 3394 4029 6
3622 3981 3662 4034 6

450 4050 522 4103 22
781 4049 802 4100 1
1018 4047 1052 4102 7
1269 4049 1300 4099 7
1513 4047 1549 4098 7
1799 4048 1830 4098 7

2327 4044 2362 4095 7
2609 4043 2644 4097 7
2856 4043 2890 4098 7
3101 4045 3138 4096 7
3354 4047 3390 4098 7
3617 4051 3657 4104 7

449 4119 521 4173 23
770 4119 803 4173 8
1017 4119 1050 4174 8
1265 4119 1299 4171 8
1512 4117 1547 4170 8
1795 4115 1828 4167 8
2077 4115 2110 4168 8
2326 4115 2359 4167 8
2607 4116 2642 4168 8
2854 4115 2888 4168 8
3103 4116 3137 4168 8
3351 4119 3386 4172 8
3609 4121 3648 4176 8

450 4190 522 4244 24
767 4185 804 4240 9
1014 4189 1050 4242 9
1262 4188 1298 4241 9
1509 4187 1545 4241 9
1795 4186 1830 4239 9

2111 4203 2112 4210 η
2323 4185 2358 4238 9
2605 4185 2640 4238 9
2851 4183 2887 4238 9
3100 4184 3136 4238 9
3347 4187 3383 4241 9
3605 4193 3643 4247 9

449 4260 520 4316 25
737 4259 804 4314 10
985 4259 1052 4313 10
1229 4259 1298 4313 10
1475 4258 1546 4314 40
1758 4257 1828 4312 40

2291 4255 2358 4309 10
2575 4257 2642 4311 10
2822 4256 2890 4310 10
3070 4255 3138 4310 10
3319 4259 3386 4313 10
3575 4265 3649 4318 10

445 4333 519 4386 26
733 4330 792 4386 44
983 4329 1040 4385 14
1228 4329 1294 4383 41
1477 4329 1534 4384 14
1763 4330 1822 4384 11
2043 4329 2103 4383 11
2295 4327 2352 4382 11
2573 4327 2630 4382 14
2817 4327 2880 4381 41
3065 4327 3128 4382 41
3313 4329 3382 4385 41
3573 4335 3638 4392 44

445 4404 517 4458 27
733 4402 802 4458 42
977 4401 1052 4455 42
1230 4401 1297 4456 12
1476 4402 1544 4456 12
1761 4401 1828 4456 12
2042 4401 2108 4454 12
2290 4397 2357 4452 12
2577 4401 2639 4451 12
2817 4397 2890 4452 42
3066 4398 3138 4453 42
3315 4401 3387 4456 42
3573 4407 3648 4462 12

445 4477 517 4532 28
732 4475 801 4529 43
981 4471 1050 4527 43
1230 4472 1296 4526 13
1481 4471 1544 4527 13
1761 4471 1826 4524 13

2289 4468 2357 4523 43
2573 4469 2638 4524 13
2819 4469 2887 4522 1-3
3068 4471 3136 4526 13
3317 4473 3384 4527 13
3572 4477 3645 4533 43

445 4547 516 4601 29
733 4545 798 4600 14
979 4543 1048 4599 44
1235 4543 1296 4598 14
1475 4543 1544 4597 44
1759 4541 1824 4597 14

2289 4541 2356 4594 14
2571 4539 2638 4594 14
2819 4540 2885 4594 14
3065 4541 3134 4595 14
3311 4543 3398 4602 44,
3567 4547 3643 4606 44

447 4617 516 4673 30
735 4617 802 4671 15
979 4614 1051 4671 45
1229 4613 1298 4670 45
1477 4615 1544 4669 15
1761 4613 1827 4667 15

2289 4611 2359 4666 45
2521 4683 2530 4692 .
2574 4611 2642 4665 15
2818 4611 2888 4667 45
3069 4613 3137 4667 15
3317 4615 3387 4670 15
3575 4621 3648 4677 15

1005 4739 1236 4794 CAPUT
1277 4737 1366 4793 IV.
2049 4739 2095 4804 Β
2196 4735 2451 4791 Gradum
2485 4733 2625 4790 solis
2655 4735 2782 4806 jam
2836 4735 3184 4808 insignitum
3243 4737 3302 4794 in
3362 4739 3792 4805 Alhancabuth

741 4829 827 4884 Ad
850 4827 1236 4884 inveniendum
1263 4827 1464 4882 nadair
1489 4827 1640 4882 solis.

2127 4841 2275 4896 pone
2291 4841 2465 4896 super
2485 4823 2740 4896 primum
2755 4822 3232 4880 Almucantarath
3249 4831 3550 4902 autsuper
3563 4831 3792 4892 lineam

449 4917 644 4974 Gradu
677 4915 815 4972 solis
845 4917 1077 4973 invento
1106 4921 1164 4972 et
1192 4917 1250 4971 in
1293 4914 1700 4972 Albancabuth
1751 4913 2023 4970 adnotato
2134 4912 2492 4978 orientalem,
2527 4917 2582 4967 et
2613 4912 2916 4968 considera
2945 4913 3099 4984 quod
3132 4914 3370 4988 signum
3402 4923 3460 4974 et
3489 4923 3631 4993 quis
3653 4941 3792 4996 ενα-

379 5007 585 5062 nadair
613 5007 946 5076 Ascemath,
977 5008 1030 5062 id
1059 5010 1148 5062 est
1179 5005 1510 5078 oppositum
1543 5004 1706 5070 solis,
1765 5003 2022 5060 invenire
2133 5004 2243 5058 dus
2299 5001 2536 5092 ultimo.
2563 5000 3040 5057 Almucantarath
3097 5001 3184 5057 vel
3219 5003 3383 5061 lineae
3431 5010 3789 5068 occidentali

378 5092 578 5164 debes,
601 5093 753 5164 quod
781 5111 886 5150 nos
917 5095 1278 5166 horoscopon
1311 5094 1502 5150 dicere
1558 5109 1896 5165 possumus,
1955 5107 2020 5146 eo
2131 5091 2458 5146 immineat.
2495 5091 2692 5162 Ipsum
2724 5091 2879 5145 enim
2915 5091 3117 5146 nadnir
3149 5093 3310 5150 solis.

379 5181 532 5252 quod
565 5180 926 5251 inspiciendo
957 5183 1129 5238 horas
1159 5182 1445 5255 designat.
1469 5181 1558 5234 Fit
1589 5185 1782 5236 autem
1815 5180 2018 5236 horos-

2202 5179 2419 5235 Potcris
2451 5185 2516 5248 et.
2541 5196 2642 5250 per
2665 5178 2948 5234 Alhidada
2971 5183 3374 5254 utrumque,id
3407 5179 3788 5262 est,gradum

377 5285 560 5341 copon
595 5269 1310 5341 perdiametrumsphazrze
1335 5269 1391 5324 in
1425 5273 1585 5322 sexto
1604 5269 1834 5338 quidem
1851 5269 2017 5341 signo
2128 5270 2268 5324 solis
2293 5273 2346 5323 et
2377 5268 2707 5340 oppositum
2742 5269 2868 5339 ejus
2901 5270 3072 5324 simul
3111 5271 3788 5340 invenire,consideratis

376 5375 409 5413 a
430 5357 596 5431 signo
619 5356 758 5412 solis
789 5362 911 5412 tota
931 5367 1088 5428 parte
1112 5357 1254 5411 sexti
1281 5355 1645 5428 signi,quota
1671 5361 1831 5425 parte
1863 5355 2013 5428 signi
2125 5375 2191 5412 ex
2221 5357 2482 5427 utrisque
2513 5357 2640 5427 ejus
2672 5357 2934 5428 partibus
2966 5359 3602 5437 summit:itibus.quod
3639 5371 3786 5428 satis

375 5448 466 5502 sui
499 5447 718 5520 gradus
749 5445 825 5500 sit
853 5444 1009 5510 solis,
1042 5444 1150 5499 hoc
1180 5448 1286 5512 est,
1329 5459 1361 5498 ιι
1391 5439 1576 5514 gradu
1609 5441 1746 5495 solis
1778 5444 1846 5498 ad
1879 5460 2010 5499 cen-

2122 5445 2426 5517 indaganti
2461 5449 2651 5516 patet;
2687 5445 2822 5516 quia
2837 5447 2989 5502 sicut
3009 5466 3139 5503 cum
3158 5451 3342 5522 gradu
3375 5451 3524 5511 solis
3548 5473 3787 5532 semper

371 5537 644 5592 teaimam
674 5533 1091 5606 octogesimum
1125 5527 1536 5605 partem,quod
1559 5529 2008 5587 estdiametrum
2119 5535 2244 5589 dies
2277 5533 2482 5602 oritur,
2517 5533 2596 5588 ita
2625 5551 2756 5588 cum
2807 5537 3012 5590 nadair
3042 5537 3184 5594 solis
3243 5557 3376 5596 nox.
3431 5527 3704 5618 insupen
3735 5551 3790 5604 et

374 5623 786 5696 hemisphaerii,
819 5623 972 5695 quod
1006 5621 1287 5680 naturalis
1318 5619 1463 5677 ratio
1497 5617 1824 5674 necessaria
1853 5621 2005 5692 pari-

375 5709 555 5766 litatis
577 5711 918 5768 circuitione
949 5711 1190 5786 peragit.
1221 5707 1484 5768 Invenies
1526 5705 1718 5760 autem
1766 5703 1846 5762 sic
1907 5723 2007 5779 per

373 5797 777 5874 Astrolapwm
808 5797 1030 5866 nadair.

2117 5628 2279 5679 ortus
2309 5622 2422 5677 diei
2453 5627 2511 5677 ct
2557 5623 2748 5678 noctis
2805 5641 2911 5695 per
2967 5625 3320 5682 diametrum
3377 5629 3786 5707 hemisphaerii

2115 5710 2380 5782 [zodiaci)
2407 5711 2580 5766 ﬁunt.
2621 5711 2766 5766 Nam
2799 5711 2868 5768 de
2897 5711 2994 5768 480
3053 5715 3320 5788 partibus
3375 5717 3768 5797 hemispbaari

2108 5799 2144 5860 5
2171 5799 2449 5886 gradibus
2505 5799 2659 5860 hora
2709 5797 2920 5880 cuique
2967 5803 3268 5872 attributis
3298 5805 3426 5872 dies
3483 5809 3786 5878 clauditur

3542 3585 3814 3602 πῄ.-
