3880 6358
123 412 233 479 397

1090 414 1193 476 DE
1236 410 1872 478 UTILITITATIBUS
1918 411 2410 478 ASTROLABII.

3380 416 3499 483 398

125 549 216 607 Est
243 563 451 621 nempe
481 548 684 603 eadem
715 552 772 604 et
793 564 897 620 par
916 550 1161 603 versatio
1185 548 1491 603 orientium
1523 552 1578 601 et
1610 548 1756 601 occi-
1791 549 1834 612 Α
1914 549 2073 603 diurr
2094 550 2138 603 is
2169 550 2610 621 peractisoflieis
2634 550 2960 615 ,conl‘estim
2987 553 3253 623 ﬂagranti
3285 553 3496 625 indaga

123 636 373 695 dentium
406 653 509 707 per
564 636 920 693 horizontem
971 639 1218 692 ccnlestis
1269 638 1526 709 sphrerze,
1564 641 1623 689 ut
1656 653 1755 706 per

121 725 499 797 astrolapsum
531 728 761 797 probari
820 732 1026 798 potest.
1062 728 1282 789 Quibus
1342 726 1608 789 inventis,
1645 726 1751 778 im-

118 832 369 890 pressam
385 817 736 870 notationem
757 817 867 870 diei
901 821 955 870 et
974 816 1475 884 noctisdiligenter
1500 816 1747 883 impone.

119 906 255 961 Nam
286 904 495 959 harum
520 910 685 959 cauta
707 905 1208 959 administratione
1233 904 1343 958 alia
1370 904 1563 957 omnia
1590 904 1751 956 facile

117 995 407 1068 patebunt.

761 1084 990 1138 CAPUT
1029 1083 1094 1135 V.

115 1176 182 1229 De
208 1175 558 1244 concipez'nda
589 1174 717 1227 satis
766 1174 1061 1227 altitudine
1098 1178 1146 1226 et
1180 1175 1389 1226 arteriis-
1438 1173 1585 1224 Ιιρνγζς
1617 1173 1743 1225 diri.

177 1264 392 1319 Dehinc
423 1264 471 1317 si
503 1263 589 1317 vis
620 1263 767 1317 scire
806 1268 990 1316 certas
1023 1263 1192 1315 horas
1216 1262 1349 1325 diei,
1386 1262 1559 1314 debes
1595 1262 1746 1313 inve-

111 1354 226 1410 nire
248 1352 619 1408 altitudinem
653 1352 815 1417 solis,
850 1368 1026 1422 quam
1082 1351 1320 1403 Arabire
1356 1352 1746 1419 lira/tinuum!

110 1441 415 1515 appellant,
472 1442 731 1512 qualibet
760 1441 901 1495 hora
958 1440 1229 1493 volueris.
1268 1441 1526 1492 Dicimus
1554 1447 1742 1493 auten

108 1531 468 1588 altitudinem
527 1530 670 1586 solis
728 1548 963 1584 cursum
1023 1531 1171 1597 ejus,
1215 1546 1313 1599 per
1344 1546 1514 1598 quem
1564 1529 1683 1597 ipse
1717 1546 1747 1580 a

110 1621 287 1695 primo
319 1638 426 1675 suo
459 1625 587 1674 ortu
626 1619 905 1690 paulatim
940 1619 1105 1689 quasi
1142 1636 1243 1687 per
1275 1619 1491 1685 gradus
1526 1617 1745 1685 impetu

110 1711 304 1767 mundi
363 1714 741 1764 contraeunte
789 1726 820 1761 a
879 1714 1029 1761 terra
1078 1707 1347 1760 recedens
1405 1706 1474 1757 ad
1545 1706 1747 1758 altiora

107 1800 467 1857 ascendendo
526 1799 713 1869 spatia
744 1797 891 1861 cmli,
922 1796 1008 1850 vel
1062 1796 1466 1849 descendendo
1498 1795 1566 1847 ad
1603 1794 1745 1847 infe-

1861 637 2014 691 tione
2042 638 2340 693 stellarum
2399 642 2645 695 lixarum
2696 640 3035 696 altitudines
3066 640 3499 697 nocturnalium

1862 726 2131 783 horarum
2166 729 2385 784 indices
2420 732 2693 800 providus
2722 732 3082 803 liorosmpus
3122 731 3380 786 advisere
3402 732 3506 786 de-

1862 820 1979 871 bes.
2005 821 2143 873 Nam
2162 823 2307 873 sicut
2324 838 2423 890 per
2445 821 2689 875 solarem
2720 821 3089 875 altitudinem
3110 821 3329 875 diurnae
3353 821 3505 877 inve-

1861 907 2098 961 niuntur
2127 910 2296 976 horai,
2328 911 2407 965 sic
2442 929 2542 981 per
2575 910 2875 964 stellarum
2909 911 3157 964 lixarum
3209 916 3503 965 nocturnae

1858 996 2163 1051 eliciuntur
2190 999 2360 1052 horae.

1929 1092 2043 1139 lIoc
2076 1089 2128 1140 in
2158 1089 2273 1141 loco
2295 1088 2728 1141 admonetratio
2762 1088 2977 1158 aliquid
3000 1089 3189 1143 dicere
3221 1088 3501 1160 quaesint,

1858 1178 1955 1229 ubi
1989 1179 2123 1241 sint,
2162 1184 2297 1248 quot
2331 1179 2464 1241 sint,
2500 1183 2553 1231 et
2582 1179 2648 1230 de
2698 1178 3039 1232 formatione
3069 1196 3169 1231 seu
3202 1177 3504 1232 vocabulis

1856 1268 2189 1319 earumdem
2215 1267 2861 1329 il’lit'l'St?l‘Ut’C.S"d,tltlm
2885 1267 2975 1320 hic
3009 1267 3270 1320 brevitati
3303 1268 3501 1321 stude-

1857 1360 1968 1417 tur,
2014 1374 2081 1408 ne
2113 1356 2289 1409 nimio
2342 1355 2503 1408 hiatu
2537 1355 2800 1423 alligatur
2846 1356 3108 1422 intentio,
3143 1355 3201 1410 in
3234 1345 3503 1428 sequenti

1855 1450 2070 1515 quanto
2102 1444 2543 1513 competentius,
2582 1449 2741 1497 tanto
2775 1444 3009 1497 uberius
3044 1445 3148 1497 hoc
3181 1445 3502 1501 declarabi-

1857 1539 1949 1586 tur
1982 1534 2122 1585 ΓιηίΙιο
2156 1534 2279 1595 inf.,
2335 1549 2457 1601 cap.
2498 1534 2602 1584 17‘.
2638 1532 3019 1585 Altitudinem
3071 1536 3261 1586 autem
3299 1535 3497 1601 cujus-

1859 1622 2195 1675 libetstella‘
2257 1622 2452 1675 taliter
2490 1622 2760 1691 exquire:
2813 1621 3109 1675 sublevate
3168 1622 3504 1693 Astrolapsu

1859 1715 2079 1763 tantum
2117 1712 2304 1780 ipsum
2344 1709 2631 1762 Alliidada
2677 1711 2997 1779 coaptando
3032 1715 3322 1780 torqueas,
3357 1728 3504 1782 quo—

1858 1800 2116 1869 adusque
2142 1798 2457 1868 quamlibet
2479 1797 2778 1851 stellarum
2808 1804 3049 1852 lixarum
3071 1804 3204 1852 tunc
3229 1817 3510 1871 apparen-

105 1890 249 1946 riora
279 1889 558 1962 procedit.
583 1888 726 1941 Nam
756 1888 945 1940 adhuc
976 1886 1113 1939 dum
1150 1885 1460 1937 summitas
1501 1886 1626 1949 eius
1660 1882 1748 1935 ViX
1780 1918 1823 1980 Β
1861 1890 2000 1942 tium
2024 1889 2145 1940 etin
2170 1887 2491 1957 astrolapsu
2516 1887 2951 1955 designatarum
2980 1893 3134 1941 certa
3156 1889 3327 1942 unius
3352 1890 3504 1943 oeuli

103 1979 168 2034 ab
198 1978 497 2033 horizonte
526 1977 802 2048 procedit,
856 1976 900 2029 si
944 1974 1334 2044 astrolapsum
1384 1972 1741 2037 adhibueris,

100 2066 646 2123 videbisinsidiente
668 2064 950 2119 Alhidada
974 2064 1133 2116 linea‘
1164 2062 1424 2115 orientali
1452 2060 1745 2113 inevitabi-

100 2157 222 2211 liter
260 2156 493 2211 radium
528 2154 667 2207 solis
689 2154 859 2206 ambo
894 2154 1019 2221 ejus
1052 2150 1338 2203 foramina
1372 2150 1739 2219 perlustrare,

100 2246 224 2300 hinc
244 2244 621 2299 ascendendo
680 2242 885 2295 altiora
914 2241 1147 2293 visitare
1172 2243 1225 2292 et
1258 2257 1438 2308 usque.
1477 2240 1544 2291 ad
1574 2239 1740 2291 meri-

101 2334 323 2389 dianam
376 2330 938 2404 pervenirelineam,
996 2329 1398 2381 descendendo
1460 2328 1513 2379 in
1540 2328 1739 2379 eadem

101 2427 250 2477 ortus
272 2422 365 2477 sui
401 2422 553 2475 linea
584 2420 946 2474 occumbere.

162 2514 345 2577 Quota
379 2514 574 2565 autem
607 2509 681 2563 sit
714 2508 851 2562 solis
885 2507 1129 2560 altitudo
1172 2505 1431 2575 qualibet
1464 2505 1624 2569 hora,
1662 2504 1739 2557 sic

97 2601 472 2673 inquisitione
489 2599 833 2670 procedente
854 2597 1385 2664 invenies.Acccpto
1417 2594 1740 2663 astrolupsu

98 2690 372 2747 intentius
400 2691 579 2743 temet
600 2702 824 2757 Oppone
856 2684 985 2749 soli,
1009 2684 1087 2737 ita
1117 2689 1174 2736 ut
1198 2684 1431 2735 sinister
1462 2683 1741 2735 humerus

98 2781 194 2836 soli
216 2780 294 2835 sit
326 2778 621 2848 objectus,
654 2776 896 2846 ipseque
930 2773 1290 2842 astrolapsus
1325 2773 1391 2823 de
1434 2788 1609 2823 manu
1644 2776 1743 2823 tua

95 2870 489 2943 suspendatur
514 2867 747 2920 dextera
789 2880 954 2917 versa
986 2863 1052 2914 ad
1080 2868 1131 2915 te
1157 2862 1281 2929 ejus
1314 2860 1531 2930 postica
1564 2859 1743 2929 plani-

94 2958 181 3023 tie,
212 2963 269 3014 et
296 2958 499 3029 ipsum
531 2954 815 3009 Alhidada
846 2951 1181 3021 diligentius
1205 2950 1387 3003 oculis
1413 2948 1550 3001 solis
1583 2949 1741 3002 obla-

92 3050 207 3102 tum
230 3047 437 3102 crebra
469 3043 749 3113 vertigine
801 3046 1071 3111 torqueas
1104 3040 1217 3093 itus
1249 3044 1301 3091 et
1326 3038 1562 3099 reditus,
1599 3054 1738 3106 quo-

95 3135 347 3206 adusque
392 3132 536 3188 solis
593 3131 792 3184 radius
838 3131 1006 3184 ambo
1067 3127 1401 3181 normaliter
1432 3124 1744 3195 perlustret

97 3223 396 3279 foramina.
431 3222 555 3285 Quo
610 3220 733 3273 viso
787 3219 1093 3288 diligenter
1146 3217 1443 3269 mentiset
1477 3215 1733 3283 corporis

1860 1977 2209 2045 inspectione
2244 1994 2340 2045 per
2372 1977 2541 2029 ambo
2597 1975 3005 2044 contempleris
3039 1976 3344 2031 foramina.
3376 1979 3502 2043 Qua

1854 2066 1975 2118 visa
1996 2068 2041 2133 ej
2058 2083 2237 2135 usque
2257 2065 2561 2117 altitudine
2578 2064 3006 2117 demonstrante
3024 2064 3498 2119 Alliidadaadno-

1854 2160 1969 2207 tata
2002 2156 2262 2208 eamdem
2298 2154 2663 2206 altitudinem
2702 2153 2852 2205 inter
2884 2152 3364 2207 Almucantarath
3400 2170 3495 2209 co-

1854 2261 2036 2312 zequa,
2074 2244 2127 2295 in
2182 2244 2303 2313 ipsa
2340 2248 2496 2311 parte
2546 2243 2601 2294 in
2654 2259 2767 2311 qua
2809 2242 3077 2312 accepisti
3113 2241 3360 2296 stellam.
3394 2242 3495 2297 Cui

1857 2332 2146 2386 altitudini
2192 2333 2246 2383 in
2289 2330 2761 2384 Almucantaratli
2798 2337 2971 2400 caput
3028 2332 3289 2399 ejusdem
3322 2331 3499 2386 stellae

1855 2438 2201 2492 superpone,
2228 2425 2280 2473 et
2312 2420 2613 2473 considera
2662 2437 2837 2489 quam
2880 2420 3081 2472 horam
3113 2420 3330 2489 gradus
3362 2419 3503 2474 solis

1855 2512 2232 2569 demonstret,
2269 2510 2405 2578 quia
2456 2510 2579 2577 ipsa
2627 2514 2713 2561 est
2754 2524 2927 2578 quam
2988 2507 3220 2577 quaeris.
3256 2509 3365 2562 Sed
3394 2508 3504 2563 hoc

1856 2602 2115 2659 observa.
2153 2604 2211 2651 ut
2254 2616 2353 2668 per
2388 2598 2589 2650 nadair
2611 2596 2750 2650 solis
2786 2597 2957 2649 horas
2982 2596 3116 2659 diei,
3152 2614 3255 2669 per
3286 2598 3502 2668 gradus

1856 2689 2182 2743 solishoras
2219 2688 2401 2741 noctis
2432 2687 2642 2738 discas.

2480 2775 2710 2829 CAPUT
2742 2776 2857 2827 ΥΠ.

2000 2869 2068 2919 Dc
2096 2867 2443 2919 distinctione
2467 2864 2725 2916 horarum
2753 2879 2851 2931 per
2876 2868 3105 2933 quatuor
3133 2864 3346 2932 plagas.

1924 2958 2180 3019 Quatuor
2227 2958 2363 3007 sunt
2395 2953 2571 3022 plaga?
2601 2951 2823 3016 mundi,
2854 2968 3101 3022 quarum
3137 2969 3253 3005 una
3277 2952 3497 3007 scilicet

1854 3044 2263 3113 septentrionis
2299 3058 2597 3111 nunquam
2629 3041 2842 3094 nostris
2865 3040 2921 3092 in
2956 3039 3096 3093 locis
3130 3040 3409 3110 recipitin
3434 3057 3495 3095 se

1853 3134 2054 3186 solem.
2122 3133 2338 3185 Idcirco
2390 3149 2490 3200 per
2534 3129 2674 3183 alias
2732 3134 2868 3197 tres,
2910 3130 2963 3182 id
3010 3133 3097 3182 est
3127 3127 3491 3196 orientalem,

1852 3220 2256 3285 meridianam,
2299 3218 2855 3287 occirlentalemque,
2890 3234 3015 3286 qure
3045 3213 3363 3272 admittunt
3394 3234 3491 3271 so-

95 3310 508 3367 inhmrentibus
539 3308 858 3367 obtutibus,
898 3306 1010 3359 tida
1042 3305 1412 3358 adnotatione
1444 3304 1513 3355 ab
1546 3303 1733 3356 orien-

1926 3328 1978 3375 n,
2016 3308 2319 3362 duodecim
2346 3307 2780 3359 distribuuntur
2811 3306 2980 3361 horae.
3018 3305 3329 3376 unicuique
3352 3322 3491 3375 qua-

94 3399 363 3456 talilinea
398 3416 502 3471 per
523 3395 992 3470 quinquepertita
1015 3390 1316 3445 intervalla
1347 3391 1737 3460 computando

94 3488 350 3560 designes
383 3500 902 3555 numerum,quem
931 3482 1240 3537 summitas
1274 3480 1565 3533 Albidadte
1591 3480 1643 3531 in
1679 3480 1737 3530 t0

92 3576 318 3633 denotat
350 3576 643 3649 partibus.
677 3574 1132 3640 Quotuscunque
1156 3587 1284 3623 vero
1308 3574 1391 3622 est
1430 3585 1729 3631 numerus,

89 3668 200 3721 tota
229 3672 321 3722 est
353 3664 607 3721 altitudo
641 3662 799 3716 solis.

148 3755 263 3818 Quo
286 3753 547 3810 ﬁdeliter
568 3752 867 3809 observato
891 3754 945 3804 et
976 3748 1265 3802 memoria‘
1302 3746 1726 3811 comi‘nendato,

86 3849 227 3899 verte
258 3843 521 3899 anticam
546 3840 844 3913 planitiem
896 3837 1253 3906 astrolapsus
1278 3836 1345 3888 ad
1384 3839 1456 3899 te,
1493 3835 1727 3887 eodem-

86 3947 186 4001 que
205 3947 528 3988 numerum
555 3929 613 3984 in
636 3927 940 3983 altitudine
964 3925 1101 3979 solis
1132 3924 1556 3994 deprehensum
1582 3923 1731 3976 inter

84 4017 230 4090 ipsos
251 4017 705 4092 sesquipertitos
719 4014 986 4069 adinveni
1012 4012 1529 4080 sic.Daunicuique
1556 4012 1727 4065 inter-

86 4106 220 4164 vallo
248 4111 303 4177 6,
337 4126 373 4165 a
406 4106 599 4179 primo
655 4104 940 4175 incipiens
974 4100 1474 4167 Almucantarath,
1510 4099 1730 4169 quoad—

88 4213 260 4268 usque
317 4198 632 4267 acceptum
684 4192 937 4263 reperias
984 4207 1313 4254 numerum,
1367 4190 1411 4242 si
1464 4194 1552 4241 est
1600 4194 1729 4241 ante

90 4285 405 4353 meridiem,
444 4285 506 4339 in
538 4281 801 4339 orientali
836 4284 1025 4351 parte;
1055 4280 1099 4333 si
1136 4284 1265 4349 post
1314 4278 1637 4341 meridiem,
1673 4277 1726 4329 in

86 4374 424 4432 occidentali
452 4373 777 4446 parte.Quo
803 4369 1030 4423 invento
1054 4368 1233 4435 gradu
1261 4366 1403 4419 solis
1423 4367 1476 4419 in
1512 4365 1731 4419 Alban-

86 4463 283 4519 cabuth
318 4461 677 4535 insignitum
702 4473 1028 4529 superpone
1044 4455 1339 4509 altitudini
1360 4454 1732 4515 solis,etinfe-

81 4551 207 4608 riori
228 4553 476 4625 regione
506 4548 869 4605 considerato
894 4545 1098 4599 uadair
1120 4544 1376 4608 solis,cui
1405 4544 1731 4612 supersidet.

81 4638 243 4708 horae,
274 4641 412 4714 ipsa
444 4642 535 4695 est
565 4653 820 4710 praesens
839 4636 980 4689 bora
1003 4651 1177 4706 quam
1211 4631 1734 4703 qumrisb‘imiliter
1766 4648 1810 4711 D

82 4730 324 4804 singulis
366 4726 741 4802 quibuslibet
772 4725 933 4779 horis
962 4724 1073 4777 diei
1120 4722 1376 4793 eXperire
1431 4721 1731 4774 veritatem

83 4818 191 4874 sive
220 4837 321 4893 per
355 4818 632 4874 asstivum
662 4815 780 4871 sive
830 4830 932 4885 per
969 4812 1281 4866 hibernum
1312 4814 1544 4880 tempus
1575 4808 1739 4863 nulla

86 4909 313 4982 ancipiti
354 4906 592 4963 ratione
638 4902 1116 4959 intervacillante.
1167 4900 1283 4953 Hoc
1316 4898 1738 4969 dignissimum

88 4997 149 5051 ad
178 4998 470 5054 diurnum
498 4994 774 5050 horarum
803 4991 1216 5047 celebrandum
1240 4988 1583 5051 oflicium,et
1614 5002 1741 5057 per-

88 5086 325 5143 nimium
343 5085 421 5142 ad
449 5082 758 5139 scientiam
781 5081 1011 5134 videtur
1034 5076 1422 5147 utile,quanto
1454 5074 1674 5145 gratius
1689 5079 1744 5127 et

87 5174 377 5231 decentius
400 5175 620 5229 cuncta
642 5179 776 5226 tunc
798 5168 1137 5241 procedant,
1172 5166 1312 5219 dum
1342 5181 1473 5218 cum
1509 5180 1744 5217 summa

85 5264 398 5321 reverentia
430 5260 650 5317 debitis
682 5259 842 5313 horis
863 5258 970 5311 sub
1002 5253 1353 5325 regulajusti
1382 5250 1738 5319 Judicis,qui

86 5351 135 5407 in
163 5352 321 5408 nullo
345 5350 478 5407 vult
501 5346 622 5403 falli
647 5345 1071 5402 vicissitudinis
1094 5339 1737 5405 obumbraculo,Domi-

85 5442 199 5498 nica
229 5436 577 5498 ministeria
606 5436 1015 5491 convenienter
1048 5436 1421 5503 peraguntur.

722 5523 970 5579 'CAPUT
992 5521 1079 5575 V'l.

302 5622 381 5675 De
412 5613 716 5673 altitudine
740 5614 1023 5668 stellarum
1056 5616 1105 5664 et
1140 5610 1284 5663 heris
1314 5607 1499 5659 noctis.

148 5711 246 5768 His
274 5711 361 5767 ita
391 5720 545 5765 cura
582 5702 885 5774 acquisitis
919 5707 974 5757 et
1004 5718 1105 5772 per
1157 5696 1511 5753 certissimus
1558 5692 1728 5747 horas

1850 3404 1995 3452 tuor.
2033 3399 2172 3451 Na'n
2224 3402 2310 3449 ter
2342 3399 2595 3465 quatuor
2639 3395 2944 3447 duodecim
3004 3394 3269 3447 reddunt.
3305 3394 3489 3448 Datur

1847 3488 2108 3543 orientali
2139 3486 2318 3556 plaga!
2352 3487 2427 3537 12
2458 3485 2489 3535 3
2514 3485 2573 3549 ei;
2604 3483 2937 3536 meridiana:
2959 3485 2992 3535 5
3021 3484 3054 3535 6
3083 3486 3113 3535 7
3140 3486 3198 3549 8;
3220 3482 3484 3537 occiden-

1845 3577 1939 3631 tali
1974 3580 2007 3628 t)
2042 3577 2105 3628 10
2144 3578 2193 3627 lt
2232 3575 2311 3627 l2.
2356 3574 2430 3626 Ex
2464 3573 2679 3641 quibus
2723 3571 2883 3626 horis
2915 3574 3040 3625 diue
3091 3588 3318 3642 semper
3347 3577 3486 3626 sunt

1844 3668 1949 3720 sub
1983 3683 2097 3719 uno
2157 3679 2400 3717 numero
2454 3661 2537 3713 \‘t'l
2593 3679 2887 3725 mensura,
2938 3662 3192 3732 exceptis
3247 3666 3407 3716 sexta
3435 3665 3495 3716 et

1840 3753 2201 3808 duodecima.
2228 3750 2371 3804 Nam
2403 3751 2553 3803 sicut
2578 3757 2733 3804 sexta
2768 3756 3004 3820 propter
3032 3768 3330 3805 summum
3348 3750 3489 3805 solis

1841 3859 2171 3906 ascensum,
2204 3842 2282 3894 ita
2335 3844 2387 3892 et
2420 3839 2765 3892 duodecima
2814 3844 3049 3909 propter
3091 3839 3358 3892 infimum
3384 3840 3489 3893 dc-

1842 3949 2114 3987 scensum
2150 3933 2443 4000 nermennt
2473 3929 2693 3981 creteris
2718 3945 2961 3983 numero
2977 3928 3057 3982 vel
3093 3945 3368 3982 mensura
3391 3946 3485 3982 c0-

1843 4021 2078 4091 cequari.
2104 4021 2244 4073 Nam
2274 4018 2497 4072 sextain
2518 4034 2748 4071 summo
2776 4017 3013 4087 ponitur
3033 4034 3045 4082 ;
3064 4017 3332 4088 etquinta
3352 4032 3486 4071 cum

1844 4110 2112 4181 septima,
2149 4113 2355 4178 quarta
2386 4124 2515 4161 cum
2552 4112 2768 4172 octava,
2810 4108 2983 4161 tertia
3029 4122 3160 4159 cum
3188 4122 3360 4171 nona,
3396 4122 3485 4159 se-

1842 4200 2031 4254 cunda
2055 4215 2187 4251 cum
2222 4197 2464 4255 decima,
2489 4195 2818 4265 primacum
2846 4195 3156 4249 undecima
3181 4211 3485 4250 mensura-

1844 4293 1970 4351 tur;
2010 4290 2261 4341 remanet
2299 4284 2639 4337 duodecima
2663 4284 2717 4336 in
2752 4300 2955 4337 occasu
2990 4285 3200 4353 posita.

2211 4624 2969 4749 ιιριιιιιοιθιειηι

2729 4930 3008 5036 \

2990 5036 3210 5238 λ

3156 5238 3271 5370 —\

2542 4951 2729 5069 7|6

2573 5087 2734 5189 sis

2570 5222 2729 5321 eli

2587 5348 2668 5448 to]
2711 5378 2743 5426 3

2589 5437 3267 5460 ...,1.-.--.-------------·---⁸

2056 4934 2542 5308 β

2035 5308 2061 5370 Ι

2005 5370 2048 5612 t:

2006 5612 2020 5712 l

3257 5370 3289 5471 .\

3258 5471 3289 5621 l

2105 5508 2541 5569 iidesinitcum
2606 5504 2625 5555 1
2657 5470 2671 5571 l
2714 5504 2749 5552 2
2773 5498 2987 5553 desinit
3017 5493 3199 5571 priris!

2607 5590 2683 5689 rei
2764 5623 2857 5676 hic
2891 5616 3099 5685 incipit.
