3880 6350
103 508 207 567 401

1170 503 1269 562 DE
1316 499 1866 564 UTILITATIBUS
1912 496 2405 561 ASTROLABII.

104 644 187 695 est
205 636 680 710 superdecimum
703 640 967 691 octavum
991 635 1463 690 Almucantaratli
1484 652 1545 688 ex
1574 639 1731 705 parte
1762 638 1813 700 Α
1846 634 1905 687 In
1940 635 2123 688 cauda
2154 631 2481 701 Capricorni
2516 635 2602 685 est
2632 630 2899 703 Delphin,
2934 647 3057 703 quae
3091 634 3178 686 est
3207 630 3265 685 in
3296 635 3475 686 astro-

104 726 409 797 Almagrip.
440 741 569 781 ecce
601 742 827 780 aurora.

718 887 846 942 CAP
856 888 941 943 UT
982 886 1096 941 XV.

105 998 170 1051 De
193 993 535 1067 percipiendo
560 994 799 1065 quolibet
831 997 1065 1062 tempore
1093 994 1350 1063 cujusque
1368 992 1516 1058 signi
1538 999 1657 1043 ortu
1682 992 1729 1042 et

799 1080 987 1119 occasu
998 1106 1008 1117 .

168 1197 426 1265 Qualibet
455 1196 598 1253 hora
628 1198 739 1251 diei
761 1198 806 1251 si
832 1196 1081 1252 volueris
1109 1198 1253 1251 scire
1286 1195 1437 1266 quod
1473 1194 1727 1265 signum,

101 1289 179 1324 νοί
211 1291 387 1340 ἰιιιήι
416 1301 575 1347 pars.
600 1286 688 1341 vel
720 1285 889 1341 stella
918 1286 1139 1340 oriatur
1169 1284 1253 1339 vel
1287 1283 1731 1352 occidat,accipe

104 1356 460 1412 altitudinem
493 1356 653 1423 solis,
687 1375 863 1430 super
892 1375 1068 1429 quam
1120 1372 1449 1413 transmitte
1480 1371 1725 1429 gradum

105 1443 315 1512 solis,in
335 1443 599 1515 qualibet
612 1444 783 1516 plaga
805 1445 899 1499 sit.
927 1448 1049 1509 Quo
1068 1446 1235 1509 facto,
1257 1446 1559 1499 considera
1573 1448 1725 1515 quod

104 1533 323 1605 signum
339 1532 723 1603 ejusdemque
742 1532 892 1603 signi
907 1538 1084 1603 quota
1108 1550 1237 1603 pars
1252 1533 1335 1587 vel
1360 1534 1524 1587 stella
1540 1534 1727 1603 primo

100 1620 563 1677 Almucantarath
589 1622 1120 1692 supersideat,illud
1147 1622 1422 1675 nimirum
1438 1623 1649 1687 oritur;
1675 1633 1730 1676 et

104 1710 245 1781 quod
276 1708 482 1765 ultimo
512 1708 1012 1777 Almucantarath,
1069 1709 1209 1764 illud
1244 1711 1458 1781 quippe
1500 1710 1726 1774 occidit,

104 1799 243 1871 quod
273 1803 359 1853 est
387 1800 422 1851 7
454 1798 524 1853 ab
556 1798 803 1853 Oriente.
830 1799 897 1853 Et
919 1799 1070 1870 quod
1096 1800 1310 1853 lineam
1345 1799 1726 1854 meridianam

106 1887 374 1959 designat,
406 1886 603 1958 ipsum
636 1886 895 1942 medium
928 1886 1137 1942 coelum
1180 1903 1353 1958 super
1384 1887 1639 1958 terram:
1674 1892 1730 1942 et

104 1976 242 2048 quod
267 1974 801 2047 septentrionalem,
822 1976 1079 2030 medium
1104 1976 1312 2030 ccelum
1337 1976 1487 2030 infra
1512 1980 1727 2031 terram
1760 1988 1805 2052 Β

104 2069 349 2137 occupat.
378 2067 465 2119 Ita
479 2064 745 2119 faciendo
767 2080 1081 2136 cognosces
1105 2066 1251 2120 situs
1275 2069 1329 2119 et
1361 2070 1555 2121 motus
1581 2066 1729 2120 side-

103 2169 221 2209 rum
252 2153 376 2209 sine
407 2153 813 2225 ambiguitate.

162 2243 247 2297 Sic
301 2258 533 2314 quoque
586 2247 753 2297 nocte
811 2242 1067 2313 colligas.
1106 2243 1312 2313 Accipe
1357 2243 1722 2298 altitudinem

105 2331 400 2402 cujuslibet
434 2330 613 2386 stellae
645 2332 701 2385 in
735 2331 1725 2403 astrolapsu,scriptae,cujusaltitu-

104 2421 208 2474 dini
238 2437 501 2492 suppone
532 2426 703 2491 caput
734 2422 997 2490 ejusdem
1033 2420 1294 2485 stell:e,et
1328 2422 1629 2475 considera
1650 2421 1724 2475 1i-

104 2524 222 2564 neas
244 2507 718 2581 plagarum.Nam
736 2509 871 2579 ipsae
895 2509 1461 2579 demonstrantquod
1488 2510 1721 2580 quazris.

691 2652 922 2707 CAPUT
962 2652 1101 2706 XVI.

527 2743 583 2795 In
615 2757 717 2812 quo
746 2743 900 2810 signa
937 2744 1047 2795 sint
1079 2741 1272 2795 stellae.

160 2873 294 2929 Cum
324 2874 409 2930 vis
444 2874 591 2930 scire
621 2874 680 2929 in
714 2891 827 2945 quo
850 2874 1013 2945 signo
1046 2875 1121 2927 sit
1152 2874 1421 2945 quaelibet
1446 2875 1718 2929 horarum

104 2961 266 3027 stella,
289 2963 460 3034 cujus
483 2963 717 3035 signum
743 2964 975 3034 quaeris,
1008 2964 1130 3031 ejus
1154 2969 1327 3034 caput
1350 2963 1513 3017 lineae
1547 2964 1719 3017 meri-

103 3050 264 3105 diana:
296 3058 739 3124 superpones,et
772 3052 922 3122 quod
960 3052 1192 3121 signum
1230 3052 1337 3122 ipsi
1372 3053 1718 3123 supersidet,

104 3137 149 3192 in
172 3140 270 3195 hoc
298 3140 573 3196 consistit
605 3140 733 3211 ipsa
764 3139 948 3193 stella.
974 3140 1115 3193 Nam
1150 3141 1300 3211 quod
1334 3140 1544 3194 lineam
1569 3142 1720 3195 desi-

102 3233 239 3296 gnat,
270 3230 537 3285 eamdem
572 3229 798 3283 stellam
832 3234 1093 3299 occupat.

671 3387 901 3443 CAPUT
942 3388 1108 3442 XVII.

222 3494 289 3549 De
318 3494 600 3549 vocabulis
631 3495 913 3549 stellarum
945 3496 1158 3550 Latinis
1213 3500 1260 3549 et
1298 3498 1571 3551 .lrabz'cis.

162 3626 253 3682 Hic
283 3626 444 3683 locus
477 3630 533 3681 et
563 3628 707 3683 ratio
741 3628 994 3699 postulat
1029 3629 1314 3699 promissa
1336 3629 1572 3696 solvere,
1608 3629 1716 3685 sci-

105 3712 215 3770 licet
238 3720 297 3771 ut
326 3717 395 3771 de
444 3714 631 3771 stellis
666 3716 940 3771 horarum
974 3718 1186 3783 dicam,
1225 3724 1411 3788 quota:
1446 3719 1582 3781 sint,
1618 3718 1716 3772 ubi

107 3803 207 3858 sint
232 3809 285 3859 et
311 3805 381 3859 de
412 3804 712 3859 vocabulis
733 3810 787 3858 et
817 3805 1263 3859 formationibus
1286 3806 1718 3861 earumdem.ln

101 3895 320 3947 Temone
351 3892 597 3963 majoris
631 3892 908 3958 Plaustri,
953 3896 1104 3965 quod
1130 3895 1205 3948 ita
1239 3884 1706 3966 formaturﬂs’t

106 3986 176 4035 est
201 3997 307 4036 una
335 3980 617 4035 horarum
650 3981 839 4047 stella,
875 4000 999 4054 quae
1033 3983 1271 4037 Arabice
1304 3983 1517 4037 dicitur
1550 3989 1721 4040 Bene-

104 4084 211 4132 naz,
241 4069 460 4124 scilicet
490 4069 683 4140 prima
713 4071 770 4125 in
794 4072 1142 4135 Temone,ct
1167 4077 1253 4126 est
1286 4072 1341 4125 in
1367 4071 1721 4144 astrolapsu-

106 4160 217 4211 Post
267 4173 441 4229 quam
501 4163 591 4212 est
639 4159 942 4225 Almarech,
979 4160 1034 4213 id
1095 4165 1182 4213 est
1247 4158 1584 4231 artophylax
1614 4161 1713 4232 ιιι

104 4247 217 4301 tatis
247 4245 410 4301 stella
471 4246 806 4316 przelucida.
866 4248 1019 4302 Hanc
1055 4248 1319 4317 sequitur
1374 4265 1585 4303 corona
1634 4248 1714 4301 ita

102 4332 317 4394 formata
357 4325 648 4429 {atcujus
676 4337 732 4390 in
766 4338 956 4392 medio
979 4343 1066 4392 est
1088 4337 1719 4409 stellalucidior,quam

105 4421 276 4481 dicunt
302 4421 555 4489 Μὶἷῖἧιιν,
589 4426 673 4479 vel
708 4427 909 4497 El/‘cca.
942 4428 1040 4481 Est
1072 4432 1126 4481 et
1168 4426 1225 4480 in
1265 4427 1396 4480 Lira
1426 4425 1539 4480 alia
1578 4426 1721 4481 luci-

1841 722 2004 794 lapsu
2040 723 2169 776 talis
2228 724 2295 792 ξε
2368 753 2385 770 .
2440 725 2555 781 ,est
2590 720 2951 775 Dcnehrm’to:
2993 763 3006 787 ,
3049 725 3103 774 et
3149 723 3349 787 Panta,
3419 718 3477 772 id

1840 813 2401 866 estcaudaetventcr
2433 810 2740 879 cujusdam
2782 807 3077 871 animalis,
3104 825 3229 879 qua:
3264 810 3365 862 aut
3388 822 3479 861 ra-

1842 918 1900 953 ro
1928 904 2025 953 aut
2043 917 2362 972 numquam
2382 900 2437 954 in
2462 898 2676 953 nostris
2701 897 3040 954 climatibus
3063 899 3403 963 cernuntur,
3428 897 3486 949 et

1840 990 2069 1042 suntita
2128 991 2174 1055 ζ.
2228 1031 2240 1055 ,
2264 994 2353 1043 est
2395 990 2537 1055 Viget
2570 992 2626 1040 et
2658 986 2948 1041 Alhaborr.
2987 985 3134 1051 Quid
3168 988 3365 1040 autem
3396 982 3485 1038 di-

1840 1093 1963 1131 cam
1997 1078 2065 1130 de
2096 1077 2208 1142 his,
2246 1079 2383 1131 dum
2414 1093 2446 1130 a
2476 1076 2643 1129 nobis
2676 1075 2917 1129 minime
2938 1072 3255 1129 videntur?
3276 1073 3379 1128 Est
3398 1071 3487 1126 Αι-

1841 1167 2081 1232 gomez’:a
2113 1167 2422 1229 Aldirnam,
2457 1165 2525 1218 de
2562 1164 2775 1234 quibus
2804 1164 2958 1219 varie
2990 1165 3321 1229 autumant,
3353 1160 3485 1216 ideo

1841 1254 2008 1323 quasi
2042 1254 2286 1307 dubium
2315 1252 2708 1324 praetermitto.

1910 1343 2054 1388 Quint
2090 1346 2292 1401 praeter
2321 1342 2427 1385 hos
2454 1342 2577 1384 duas
2623 1340 3078 1401 Cannmulgurab,
3109 1339 3359 1396 Albazal,
3390 1338 3481 1389 vel

1840 1420 2113 1474 Alhz’merh
2135 1421 2189 1473 in
2207 1421 2511 1485 Centauro,
2529 1419 2742 1489 quibus
2755 1419 3001 1474 Chaldaei
3017 1420 3158 1474 satis
3172 1420 3242 1475 ad
3261 1420 3480 1476 discer-

1840 1509 2061 1563 nendas
2093 1509 2266 1563 horas
2296 1513 2560 1573 utuntur,
2588 1526 2620 1562 a
2649 1506 2815 1561 nobis
2846 1512 3039 1562 autem
3070 1508 3366 1564 rarissime
3395 1510 3481 1564 vi-

1838 1597 2067 1661 dentur,
2098 1602 2150 1650 et
2174 1598 2313 1653 dum
2339 1598 2608 1651 videntur
2629 1597 2858 1649 duabus
2881 1597 3184 1652 auttribus
3205 1596 3364 1654 horis
3386 1615 3481 1669 ap-

1839 1690 2062 1755 parent.
2079 1685 2215 1738 Alim
2232 1684 2660 1756 quamplurinze
2675 1684 2965 1739 habentur
2977 1684 3047 1738 ad
3066 1685 3481 1742 discernendae

1840 1772 2031 1837 horas,
2066 1790 2211 1843 quas
2240 1774 2409 1827 modo
2442 1772 2647 1837 silebo,
2682 1788 2747 1827 eo
2792 1773 2944 1843 quod
2977 1772 3060 1828 eis
3092 1791 3206 1830 non
3257 1773 3481 1847 indige-

1840 1877 1992 1928 mus,
2026 1862 2073 1916 si
2110 1865 2449 1933 praztaxatas
2483 1861 2628 1915 bene
2660 1861 3087 1932 cognoscimus.

2428 2003 2655 2060 CAPUT
2685 2003 2877 2059 XVIII.

1840 2094 1911 2147 De
1936 2092 2288 2163 descriptione
2317 2094 2703 2216 cliinaturizict
2731 2108 2915 2147 eorum
2944 2094 3268 2148 invenienda
3289 2094 3477 2150 latitu-

2616 2179 2724 2216 me.

2616 2179 2724 2217 me.

1905 2306 2006 2361 Hic
2041 2306 2230 2360 danda
2252 2311 2339 2360 est
2361 2307 2506 2360 ratio
2536 2310 2591 2361 et
2610 2304 2925 2360 utilissima
2953 2310 3009 2360 et
3028 2305 3194 2361 Valde
3217 2323 3479 2363 necessa-

1837 2396 1942 2457 ria,
1975 2399 2029 2449 et
2061 2397 2105 2448 si
2134 2396 2260 2464 ejus
2293 2411 2496 2465 expers
2539 2394 2737 2456 fueris,
2788 2392 3030 2447 minime
3081 2394 3151 2447 ad
3201 2393 3479 2451 horarum

1835 2484 2135 2537 scientiam
2196 2483 2516 2554 pervenies.
2551 2482 2654 2536 Est
2704 2482 2918 2554 quippe
2974 2482 3275 2537 sciendum
3334 2500 3480 2555 quo—

1834 2573 2004 2625 modo
2037 2572 2389 2624 mutationes
2421 2570 2750 2636 climatum,
2780 2568 2866 2623 vel
2900 2569 2959 2623 in
2988 2586 3101 2640 quo
3125 2575 3186 2623 tu
3210 2569 3308 2625 sis.
3333 2571 3481 2627 Nam

1832 2660 1982 2713 sicut
2005 2663 2237 2730 propter
2258 2660 2436 2712 situm
2459 2663 2621 2711 terrea
2647 2675 2757 2711 non
2783 2658 2937 2711 idem
2961 2658 3232 2713 meridies
3277 2659 3481 2715 Iitubi-

1830 2763 1960 2819 que,
1996 2749 2072 2801 ita
2103 2747 2305 2801 eadem
2338 2745 2637 2816 horologia
2664 2761 2790 2800 esse
2806 2747 3277 2816 nequeunt.Sunt
3318 2748 3474 2804 enim

1831 2837 2085 2891 secundu
2099 2852 2151 2888 m
2177 2842 2338 2889 terra:
2354 2836 2699 2905 positionem
2716 2834 3159 2890 etdiscretiones
3173 2833 3476 2893 climatum

1832 2925 2111 2979 mutanda
2132 2923 2448 2993 horologia,
2474 2923 2543 2976 de
2566 2938 2816 2993 quorum
2840 2923 3265 2979 mutationibus
3288 2924 3477 2981 Ptolo-

1830 3030 2010 3067 maeus
2040 3017 2095 3067 et
2126 3011 2533 3065 Eratosthenes
2565 3011 2706 3065 satis
2730 3010 2918 3065 lucide
2936 3016 3208 3065 tractant.
3235 3013 3482 3069 Marcia-

1828 3118 1940 3155 nus
1974 3117 2204 3171 quoque
2238 3117 2347 3153 non
2377 3100 2568 3154 solum
2592 3100 2660 3153 de
2685 3099 3112 3153 mutationibus
3143 3099 3477 3169 climatum,
3584 3096 3609 3113 ³

1830 3192 1929 3245 sed
1962 3190 2136 3243 etiam
2171 3190 2240 3243 de
2280 3186 2647 3258 singulorum
2672 3187 2909 3241 meridie
2939 3192 2994 3241 et
3018 3186 3333 3243 altitudine
3376 3204 3480 3245 seu

1830 3279 1989 3333 boris
2007 3276 2510 3348 aequinoctialibus
2530 3277 2672 3330 satis
2694 3276 2944 3347 expedit.
2970 3275 3149 3346 Cujus
3168 3276 3477 3332 scientiam

1747 3350 1789 3415 (ἶ
1826 3371 1881 3422 et
1910 3367 2211 3420 Arabicam
2246 3382 2357 3419 non
2391 3369 2478 3419 est
2507 3363 2712 3418 inutile
2743 3363 3016 3418 scribere.

1897 3454 2284 3510 Discretiones
2316 3451 2615 3507 climatum
2650 3456 2707 3505 et
2750 3450 3108 3507 mutationes
3138 3450 3474 3525 horologio-

1827 3561 1955 3599 run:
1990 3559 2086 3613 per
2110 3543 2278 3596 istam
2304 3540 2649 3595 sententiam
2675 3537 2866 3595 taliter
2889 3539 3034 3593 scire
3058 3540 3293 3611 poteris.
3320 3541 3470 3597 Dum

1827 3632 2036 3705 quaeris
2070 3631 2122 3683 in
2160 3646 2274 3700 quo
2308 3629 2541 3683 climate
2574 3629 2682 3694 sis,
2737 3627 2821 3681 vel
2858 3644 2971 3698 quo
3026 3628 3327 3701 horologio
3385 3630 3476 3685 uti

1828 3721 2037 3775 debeas
2069 3717 2318 3788 singulis
2351 3717 2409 3771 in
2440 3716 2580 3772 locis
2628 3717 2684 3770 in
2722 3716 2929 3771 Martio
2962 3732 3182 3787 mense,
3222 3734 3353 3772 cum
3387 3717 3475 3774 sol

1828 3810 1906 3865 sit
1936 3809 1993 3862 in
2027 3808 2215 3878 primo
2244 3806 2430 3878 gradu
2473 3805 2702 3871 Arietis,
2734 3804 2820 3859 vel
2872 3805 2930 3859 in
2958 3805 3306 3876 Septembri,
3339 3823 3478 3863 cum

1829 3896 1912 3953 sol
1940 3897 2015 3951 sit
2038 3897 2091 3949 in
2117 3894 2303 3966 primo
2321 3895 2502 3965 gradu
2531 3894 2733 3959 Libra),
2754 3893 2891 3964 quia
2909 3897 3047 3947 tunc
3069 3892 3319 3964 aequales
3336 3897 3478 3949 sunt

1829 3987 1952 4041 dies
1986 3985 2244 4055 ipsorum
2279 3983 2592 4047 mensium,
2616 3981 2918 4037 considera
2936 3980 3179 4036 ubilibet
3200 3986 3377 4052 quota
3400 3981 3481 4039 sit

1831 4074 2080 4129 altitudo
2113 4072 2253 4127 solis
2288 4071 2344 4125 in
2371 4070 2628 4135 meridie,
2644 4074 2700 4125 et
2721 4073 3003 4141 quantum
3019 4067 3215 4124 minus
3238 4069 3368 4125 sita
3384 4070 3479 4140 90,

1833 4169 1889 4219 et
1943 4165 2157 4234 quotus
2216 4175 2497 4213 numerus
2565 4162 2671 4225 est,
2749 4157 2847 4228 qui
2908 4157 3104 4212 minus
3160 4161 3250 4213 est
3303 4175 3337 4213 a
3382 4158 3479 4226 90,

1836 4256 1957 4307 tota
1986 4253 2070 4305 est
2102 4248 2343 4302 altiiudo
2374 4246 2560 4318 ipsius
2594 4245 2846 4301 climatis
2878 4246 2937 4299 in
2982 4262 3097 4316 quo
3128 4263 3210 4302 es.
3242 4246 3313 4300 Et
3340 4250 3481 4302 tunc

1837 4338 2140 4395 considera
2168 4337 2225 4390 in
2277 4352 2393 4406 qua
2448 4333 2778 4389 tabularum
2840 4334 3162 4405 inscriptus
3217 4335 3293 4389 sit
3324 4334 3479 4391 idem

1840 4442 2139 4492 numerus,
2174 4424 2272 4495 qui
2305 4425 2464 4478 deest
2494 4440 2528 4476 a
2566 4422 2917 4494 perfectione
2944 4422 3034 4475 90.
3087 4421 3231 4476 Nam
3265 4422 3477 4478 subtus

105 4518 211 4575 dior
235 4524 311 4580 sic
363 4524 614 4581 formata
642 4508 738 4580 fc
761 4532 933 4586 quam
967 4514 1167 4569 dicunt
1199 4513 1515 4584 Alumgaha.
1598 4515 1730 4571 Post
1839 4512 2313 4572 Almucantarath
2338 4512 2534 4582 scripti
2556 4508 3481 4574 suntmeridies,secundumlati-

114 4623 266 4677 quam
287 4617 372 4669 est
392 4611 698 4671 Archcitus,
721 4605 807 4661 vel
842 4605 991 4674 Alrz’f
1040 4600 1129 4662 εἰ
1168 4605 1254 4658 vel
1287 4604 1366 4659 ita
1400 4594 1497 4693 οξ.
1523 4645 1535 4668 ,
1560 4608 1616 4657 et
1646 4609 1734 4659 est
1840 4604 2101 4659 tudinem
2136 4601 2458 4664 climatum,
2491 4604 2546 4655 et
2577 4603 2838 4671 quotum,
2870 4597 3039 4693 vel-in
3064 4614 3179 4693 qua
3202 4598 3475 4693 reperies,

110 4693 157 4750 in
208 4698 413 4772 Cygno.
449 4701 513 4755 In
544 4696 763 4766 Auriga
793 4695 918 4748 duze
951 4698 1087 4747 sunt
1120 4686 1709 4776 ΙυρὶςὶίοιιρεξΜθηνσὸ,
1742 4713 1789 4776 D
1821 4706 2015 4765 ipsum
2045 4696 2132 4746 est
2163 4690 2338 4745 clima
2359 4690 2415 4743 in
2449 4705 2562 4759 quo
2592 4705 2673 4753 es,
2703 4692 2758 4741 et
2784 4686 3056 4776 meridies
3080 4686 3480 4776 ejusipsaque

106 4786 317 4857 Alroech,
340 4791 395 4845 id
429 4794 523 4846 est
545 4787 861 4848 Humerus,
889 4788 946 4839 et
969 4781 1144 4851 Ri’gcl,
1177 4782 1229 4836 id
1259 4788 1345 4837 est
1376 4801 1474 4855 pes
1501 4779 1536 4845 ἶ
1563 4772 1713 4854 ἴ,νεὶ

106 4869 173 4926 ita
196 4877 265 4939 ’ᾖ
295 4885 378 4933 est
412 4877 694 4949 Pegasus,
727 4872 787 4925 in
809 4886 924 4941 quo
957 4870 1205 4924 habetur
1241 4888 1358 4924 una
1397 4872 1531 4927 talis
1576 4870 1665 4941 ιι
1702 4921 1715 4945 ,

109 4974 255 5029 quam
286 4966 492 5021 dicunt
527 4964 764 5030 Alferaz.
797 4958 996 5013 Telum
1031 4964 1119 5012 est
1148 4958 1227 5013 ita
1257 4964 1277 5035 ξ
1328 4961 1495 5026 cujus
1520 4966 1575 5018 in
1611 4982 1721 5021 me-

111 5048 184 5103 dio
209 5057 289 5107 est
316 5071 456 5120 una,
490 5066 667 5125 quam
701 5048 905 5103 dicunt
927 5047 1184 5101 Alliaa‘ib.
1219 5048 1278 5101 In
1302 5048 1496 5119 Cygno
1528 5059 1721 5109 autem

114 5140 276 5195 medio
304 5143 423 5197 ima
455 5147 568 5207 est,
602 5153 777 5210 quam
814 5136 1020 5190 dicunt
1074 5137 1271 5190 Alceir.
1322 5138 1381 5191 In
1416 5140 1606 5196 Tauro
1638 5147 1726 5197 est

114 5240 208 5281 una
232 5228 307 5282 ita
336 5229 590 5286 lucidior
743 5241 780 5277 ι
823 5268 835 5291 ,
875 5241 1045 5295 quam
1074 5225 1271 5279 dicunt
1302 5227 1642 5283 Aldcbamm.
1665 5232 1724 5285 In

115 5312 339 5373 Geminis
371 5318 670 5374 habentur
693 5319 819 5372 duae
841 5313 1101 5368 Alhaz’orh
1132 5313 1391 5385 Algeuz-e,
1424 5317 1478 5369 Id
1503 5322 1591 5372 est
1622 5318 1725 5372 hu-

119 5415 283 5460 merus
312 5410 367 5460 et
396 5407 575 5476 Rigel,
601 5406 656 5460 id
691 5410 777 5459 est
801 5420 921 5474 pes.
961 5403 1019 5456 In
1054 5402 1236 5457 Leone
1260 5404 1387 5459 dua:
1417 5405 1724 5471 Aldiranai,

119 5488 160 5543 id
180 5498 256 5547 est
276 5494 431 5550 frons
481 5498 503 5562 ζ
557 5496 598 5562 ξ.
634 5492 741 5548 Illa
772 5491 988 5547 scilicet
1008 5495 1096 5545 est
1122 5492 1312 5547 minor
1332 5497 1387 5547 et
1409 5492 1727 5559 inferior,et

119 5578 463 5649 Calbalaceda,
496 5582 557 5638 id
585 5586 672 5638 est
697 5598 796 5636 cor
819 5580 1083 5651 superior
1129 5585 1184 5635 et
1214 5580 1425 5635 lucida.
1463 5581 1524 5635 In
1557 5582 1725 5637 Scor-

120 5666 299 5747 pionne
356 5671 718 5743 Calbalagraf
776 5671 938 5747 οζξηι
980 5734 1005 5744 η
1026 5672 1079 5725 id
1114 5674 1202 5725 est
1246 5686 1342 5727 cor
1376 5669 1722 5742 Scorpionis.

119 5744 165 5801 In
193 5753 432 5826 Aquario
462 5754 714 5814 habetur
739 5744 879 5828 una,
905 5744 1085 5831 quam
1118 5749 1321 5808 dicunt
1347 5749 1722 5827 Penebalgedi.

1825 4781 2046 4846 tabula,
2070 4797 2195 4851 qua:
2228 4794 2538 4833 numerum
2572 4775 2931 4841 continet,ad
2967 4774 3119 4829 idem
3144 4774 3319 4851 clima
3342 4791 3478 4847 per-

1828 4872 1989 4925 tinet.
2024 4870 2194 4923 Per8
2244 4867 2498 4937 reperies
2557 4864 2893 4921 altitudines
2945 4863 3272 4918 climatum.
3332 4864 3482 4921 Nam

1832 4957 2045 5013 additis
2072 4959 2105 5009 8
2136 4955 2207 5009 ad
2244 4956 2327 5015 15,
2357 4959 2527 5009 erunt
2557 4954 2662 5021 23;
2698 4971 2823 5025 quae
2856 4951 3209 5007 estaltitudo
3241 4952 3488 5009 secundi

1833 5046 2103 5100 climatis.
2124 5043 2269 5097 Hinc
2293 5043 2616 5097 secundum
2640 5058 2952 5097 numerum
2976 5039 3309 5096 tabularum
3329 5058 3487 5098 sem-

1835 5151 1935 5206 per
1957 5132 2273 5187 minuendo
2298 5131 2550 5185 unitates
2572 5131 2875 5199 octonarii,
2902 5134 2957 5184 et
2979 5129 3135 5201 quod
3157 5130 3228 5185 ab
3251 5135 3379 5185 octo
3404 5146 3490 5186 re-

1836 5226 2047 5287 manet,
2076 5220 2272 5275 addito
2302 5218 2621 5287 latitudini,
2652 5218 2969 5273 ordinatim
3003 5219 3255 5290 reperies
3286 5217 3486 5276 latitu-

1834 5312 2020 5377 dines,
2048 5314 2109 5363 ut
2129 5309 2278 5362 inter
2302 5307 2623 5361 secundum
2653 5310 2708 5361 et
2725 5308 2957 5361 tertium
2981 5306 3156 5361 clima
3177 5306 3487 5364 abstrahas

1835 5415 2019 5453 unum
2054 5398 2125 5452 ab
2157 5397 2190 5449 8
2224 5398 2526 5451 remanent
2552 5397 2609 5463 7,
2656 5396 2806 5450 inter
2834 5396 3073 5450 tertium
3106 5399 3163 5449 et
3207 5397 3482 5464 quartum

1836 5503 2043 5553 unum,
2072 5490 2127 5541 et
2152 5485 2235 5539 sic
2266 5484 2561 5555 deinceps.

1906 5573 2171 5629 Climatis
2203 5571 2376 5644 primi
2408 5570 2653 5626 latitudo
2687 5573 2754 5626 15
2799 5570 3017 5643 gradus
3045 5574 3100 5623 et
3127 5570 3194 5619 20
3222 5562 3476 5633 minuta,

1835 5666 1891 5719 et
1920 5661 2043 5716 dies
2075 5662 2202 5732 ejus
2233 5662 2441 5732 longus
2472 5660 2539 5715 43
2569 5658 2839 5714 horarum
2863 5649 3366 5728 aequinoctialium.

1906 5748 2140 5807 Climati
2170 5747 2410 5807 secundi
2441 5746 2683 5804 latitudo
2710 5747 2780 5801 25
2808 5743 3025 5820 gradus
3054 5744 3108 5797 et
3135 5739 3193 5795 15
3216 5734 3470 5825 minuta,
