3880 6344
413 473 528 532 403

1214 477 1625 538 ΗΕΒΜΑΝΝΙ
1669 476 2043 539 CONTRAC'.

2207 479 2566 542 UGIENSIS
2612 481 2992 544 MONACHI.

3687 483 3790 544 404

414 608 470 656 et
491 603 614 658 dies
636 603 847 676 longus
886 604 908 660 4
948 623 1222 662 norarum
1252 611 1322 662 30
1345 609 1720 671 minutorum.
1753 628 1881 678 quae
1913 614 2052 666 sunt
2079 613 2134 678 Α
2163 611 2418 682 Cyrenen
2451 630 2580 668 cum
2615 614 2802 680 tertio,
2838 622 3162 686 tenensque
3191 614 3416 684 Leptim
3442 629 3720 687 magnam
3747 621 3794 672 et

416 691 695 747 medietas
724 692 897 748 horse.

482 779 744 836 Climatis
775 783 926 837 tertii
950 783 1190 839 latitudo
1219 787 1288 838 30
1315 787 1528 856 gradus
1561 792 1616 841 et
1636 791 1705 842 2'2
1728 789 1970 854 minuta,
1997 793 2054 843 et

416 867 540 924 dies
569 869 697 940 ejus
729 871 1018 926 maximus
1051 873 1113 926 14
1147 871 1441 928 horarum.

481 957 740 1014 Climatis
771 960 962 1030 quarti
1001 961 1244 1016 latitudo
1294 963 1360 1016 36
1392 965 1605 1033 gradus
1634 967 1666 1018 9
1698 965 1944 1030 minuta,
1993 982 2023 1020 e

408 1045 532 1101 dies
557 1047 684 1118 ejus
706 1047 914 1119 longus
939 1049 1002 1102 14
1036 1048 1309 1104 horarum
1333 1055 1389 1104 et
1420 1053 1697 1107 medietas
1729 1053 1902 1124 horae,
1923 1071 2048 1125 qua)

409 1137 498 1189 est
524 1135 595 1189 30
615 1136 861 1190 minuta.

477 1221 738 1278 Climatis
767 1225 955 1296 quinti
988 1225 1230 1281 latitudo
1258 1228 1316 1282 ιΗ
1355 1230 1571 1298 gradus
1617 1231 1688 1284 66
1716 1232 1960 1295 minuta,
1993 1234 2049 1284 et

408 1309 530 1360 dies
560 1312 686 1376 ejus
716 1311 926 1376 longus
963 1315 1024 1359 l5
1053 1320 1108 1360 ot
1164 1315 1444 1361 modiotue
1475 1317 1650 1374 horae,
1685 1336 1808 1379 queo
1868 1323 1954 1362 oet
1980 1320 2048 1361 30

409 1393 656 1448 minuta.

479 1481 740 1536 Climatis
755 1484 902 1536 sexti
922 1481 1168 1537 latitudo
1191 1485 1258 1538 45
1277 1484 1490 1555 gradus
1507 1486 1566 1540 5t
1595 1486 1837 1550 minuta,
1853 1488 1908 1538 et
1925 1484 2047 1539 dies

409 1571 536 1641 ejus
564 1569 777 1642 longus
800 1571 867 1626 l5
895 1571 1191 1626 horarum.

478 1657 740 1714 Climatis
760 1659 994 1730 septimi
1025 1659 1270 1714 latitudo
1301 1662 1368 1714 48
1389 1662 1605 1733 gradus
1636 1665 1690 1716 et
1711 1664 1778 1716 32
1799 1661 2045 1726 minuta,

407 1751 463 1802 et
491 1748 613 1803 dies
636 1749 762 1817 ejus
789 1747 996 1819 longus
1033 1747 1094 1802 l6
1124 1749 1416 1804 horarum.

987 1855 1218 1910 CAPUT
1249 1857 1388 1911 XIX.

407 1942 672 2010 Quomodo
702 1943 846 1997 orbis
873 1945 927 1996 in
984 1947 1436 2014 scpteuaz’palz’lus
1467 1947 1536 1998 sit
1591 1946 1836 2007 climata,
1872 1946 1919 1998 et
1952 1944 2047 1997 ubi

876 2016 1095 2068 initium
1125 2018 1173 2067 et
1204 2016 1330 2082 ﬁnis
1359 2031 1564 2070 eormn.

474 2101 710 2155 Initium
745 2102 915 2172 primi
949 2101 1200 2157 climatis
1256 2108 1342 2157 est
1382 2120 1448 2158 ex
1481 2107 1641 2174 parte
1672 2102 1936 2158 orientali
1971 2103 2040 2156 ab

401 2191 645 2254 Oceano,
679 2189 774 2243 ubi
796 2196 930 2244 sunt
953 2191 1099 2244 ostia
1122 2191 1338 2262 Gangis
1366 2193 1542 2257 tluvii,
1573 2198 1627 2246 et
1655 2191 1919 2246 ambulat
1944 2209 2044 2262 per

405 2279 624 2334 Indiam
648 2284 704 2332 et
728 2279 941 2343 Asiam,
966 2285 1021 2333 et
1043 2280 1344 2334 universos
1364 2282 1644 2335 terminos
1659 2283 1786 2349 ejus
1802 2283 2041 2350 exparte

401 2367 533 2420 Euri
561 2384 744 2437 usque
776 2369 846 2420 ad
907 2367 1158 2422 insulam
1202 2371 1622 2438 Taprobancm,
1675 2387 1796 2438 qua:
1840 2374 1927 2423 est
1983 2368 2040 2422 in

401 2455 623 2508 Oceano
656 2455 872 2519 Indico,
899 2457 967 2509 ad
1005 2457 1130 2523 ejus
1161 2456 1362 2516 insula?
1383 2457 1642 2511 civitates
1664 2458 1861 2511 decem
1885 2463 2043 2511 crete-

402 2560 612 2614 rasquc
635 2543 918 2615 plurimas
945 2562 956 2610 ;
982 2549 1038 2598 et
1059 2545 1140 2599 sic
1163 2547 1231 2598 ab
1256 2545 1483 2600 Oriente
1506 2545 1836 2600 extenditur
1859 2563 2043 2614 usque

401 2633 472 2686 ad
507 2649 666 2687 mare
694 2633 955 2687 Rubrum
990 2638 1188 2687 contra
1246 2633 1569 2698 meridiem,
1601 2634 1818 2688 scilicet
1851 2634 2041 2687 Antio-

399 2719 589 2776 chiam
621 2726 926 2787 armatam,
963 2721 1378 2787 Piternnatam,
1425 2723 1801 2792 [Pitinnatam
1837 2723 1914 2776 vel
1951 2722 2039 2776 Pi-

398 2812 594 2879 tanen]
623 2810 710 2866 vel
737 2811 1054 2865 Bitinniam
1083 2814 1138 2866 et
1168 2811 1484 2875 Persidam,
1509 2815 1563 2864 et
1584 2811 1808 2882 aliquas
1841 2811 2040 2865 civita-

395 2903 484 2954 tes
499 2899 764 2971 Assyriia,
779 2899 1184 2954 Alexandriam
1207 2900 1476 2964 Persidis,
1497 2907 1550 2954 et
1568 2917 1728 2954 mare
1746 2900 2038 2954 Persicum

401 2989 458 3041 et
486 2991 703 3053 terram
733 2988 1037 3042 Arabicam
1071 2993 1127 3042 et
1156 3005 1340 3058 usque
1367 2989 1438 3041 ad
1478 2990 1804 3060 rligyptum,
1839 2993 1894 3043 et
1924 2993 2042 3042 ter-

400 3091 524 3130 ram
558 3075 906 3146 Ethiopiam
939 3077 1294 3146 ﬂuviumque
1324 3077 1517 3131 Nilum
1593 3082 1648 3132 et
1697 3077 1904 3132 Merois
1938 3077 2041 3146 [rel

401 3163 574 3236 Mero]
607 3163 884 3229 insulam,
918 3165 988 3218 de
1047 3181 1160 3236 qua
1191 3165 1365 3220 etiam
1415 3182 1598 3220 unum
1629 3165 1802 3220 clima
1833 3165 2040 3219 Merois

399 3253 741 3326 appellatur.
778 3254 987 3306 Deinde
1019 3251 1076 3306 in
1107 3253 1308 3308 Africae
1347 3253 1608 3323 partibus
1629 3253 1914 3308 aMeridie
1943 3269 2042 3324 per

2162 702 2374 770 partim
2405 703 2764 771 Numidiam,
2797 703 3190 776 Tingitaniam
3221 707 3584 776 caeterosque
3604 705 3792 760 termi-

2160 806 2264 844 nos
2299 807 2482 860 usque
2513 792 2582 844 ad
2615 791 2926 858 Oceanum,
2961 792 3157 864 ibique
3184 793 3556 848 terminatur.

2231 878 2468 933 Initium
2496 879 2682 950 quinti
2716 881 2788 934 ab
2820 880 3050 936 Oriente
3081 897 3240 936 mare
3269 881 3552 954 Caspium
3584 884 3643 937 et
3671 897 3793 953 par-

2159 966 2263 1019 tim
2295 967 2589 1038 Scythiam
2623 973 2797 1034 tenet,
2825 969 3075 1040 partitur
3094 969 3436 1026 Armeniam
3460 986 3601 1026 cum
3622 975 3796 1038 sexto,

2158 1055 2485 1126 transitque
2510 1062 2739 1112 montes
2770 1057 3331 1130 Ceraunios,pariter
3349 1057 3651 1115 Galilaeam
3674 1075 3796 1114 cum

2159 1146 2386 1212 quarto,
2419 1148 2474 1198 et
2502 1149 2658 1198 tenet
2705 1145 3052 1212 Samariam,
3088 1149 3348 1202 montem
3379 1145 3718 1202 Carmelum
3744 1150 3796 1201 et

2157 1231 2314 1285 venit
2369 1249 2553 1304 usque
2613 1234 2683 1288 ad
2735 1251 2893 1289 mare
2933 1233 3428 1291 Mediterraneum
3458 1239 3516 1290 et
3545 1233 3796 1304 insulam

2156 1303 2507 1376 Sardinians,
2541 1321 3072 1380 Carthasiuculque
3103 1318 3163 1361 et
3190 1313 3404 1377 partim
3433 1303 3794 1372 Numidiam,

2158 1398 2214 1450 et
2239 1395 2320 1449 sic
2351 1394 2718 1466 protenditur
2764 1411 2866 1466 per
2913 1393 3308 1466 Tingitaniam
3336 1397 3394 1450 et
3442 1408 3550 1465 per
3577 1390 3798 1448 insulas

2159 1483 2338 1538 maris
2374 1484 2776 1539 Mediterranei
2802 1499 2990 1556 usque
3019 1483 3092 1538 ad
3121 1481 3452 1538 Occidentis
3480 1484 3798 1548 Oceanum,

2156 1569 2352 1642 ibique
2383 1573 2748 1627 terminatur.

2227 1660 2463 1714 Initium
2495 1661 2639 1715 sexti
2671 1661 2742 1716 ab
2772 1659 3004 1716 Oriente
3061 1677 3096 1716 a
3133 1657 3288 1715 mari‘
3307 1657 3517 1731 Caspio
3550 1656 3800 1730 partitur

2155 1749 2512 1814 Armeniam,
2545 1753 2704 1803 tenet
2734 1748 2987 1820 primam
3019 1747 3420 1804 Macedoniam
3447 1749 3641 1802 totam
3673 1761 3798 1801 cum

2159 1837 2443 1892 universis
2460 1837 2729 1892 terminis
2745 1837 2866 1892 suis
2885 1841 2942 1893 et
2957 1835 3184 1892 insulas
3198 1835 3392 1909 Magni
3408 1835 3802 1901 maris,trans-
3843 1829 3852 1837 ’

2159 1925 2317 1996 itque
2370 1926 2858 1982 Mediterraneum
2892 1942 3071 1991 mare,
3103 1928 3159 1980 et
3207 1924 3458 1996 partitur
3493 1922 3801 1978 Arcadiam

2157 2031 2290 2068 cum
2324 2015 2592 2084 septimo,
2638 2019 2692 2069 et
2749 2019 2951 2070 contra
2981 2013 3279 2069 Meridiem
3306 2015 3563 2083 occupat
3619 2010 3800 2067 Saler-

2161 2121 2318 2169 nam,
2353 2103 2660 2173 Neapolim
2695 2108 2749 2168 et
2781 2103 3122 2158 Romaniam
3173 2106 3229 2156 et
3259 2105 3502 2157 Romam
3537 2099 3798 2166 alteram,

2157 2197 2209 2246 et
2239 2192 2567 2246 extenditur
2595 2208 2694 2262 per
2754 2191 2977 2246 Italiam
3011 2197 3061 2245 et
3110 2189 3508 2255 Germaniam,
3549 2187 3797 2261 partitur

2155 2297 2284 2334 cum
2320 2280 2567 2352 septimo
2597 2279 2903 2334 Frunciam
2926 2280 3292 2350 majorem,et
3312 2277 3396 2332 sic
3427 2277 3500 2332 od
3527 2276 3800 2333 Occiden-

2155 2370 2229 2424 tis
2259 2376 2500 2424 cunctas
2533 2374 2807 2440 protensa
2836 2367 3101 2439 regiones
3151 2365 3408 2420 vindicat
3454 2363 3580 2420 sibi
3613 2369 3796 2420 totam

2154 2457 2514 2527 Hispaniam,
2550 2458 2604 2510 in
2639 2457 2764 2528 ipso
2795 2454 3004 2510 Oceani
3037 2453 3216 2508 limbo
3237 2451 3624 2508 terminatur.

2226 2545 2458 2599 Initium
2502 2545 2733 2616 septimi
2766 2545 2837 2598 ab
2867 2544 3094 2598 Oceano
3123 2539 3398 2595 orientali
3454 2539 3693 2596 habens
3747 2539 3797 2594 in

2153 2634 2358 2704 primis
2389 2639 2590 2688 contra
2609 2631 3069 2704 Septentrionem
3092 2628 3598 2694 Albanos,deinde
3629 2629 3800 2684 Thra-

2153 2723 2300 2776 ciam
2335 2728 2390 2776 et
2419 2723 2748 2794 Sinyrnazos
2779 2736 3038 2791 campos,
3068 2719 3395 2788 transitque
3418 2733 3588 2772 mare
3609 2716 3800 2773 Ponti-

2153 2827 2288 2865 cum
2319 2815 2376 2866 et
2397 2809 2768 2882 :Egceumdbi
2797 2807 3012 2862 celsam
3029 2807 3206 2861 habet
3225 2804 3800 2878 Constantinopolim

2153 2904 2462 2970 partesque
2495 2897 2742 2962 Graeciae,
2777 2899 2832 2950 ct
2861 2899 3064 2950 contra
3098 2893 3397 2949 Meridiem
3440 2895 3670 2966 partim
3699 2896 3800 2948 Ar-

2153 2987 2402 3054 cadiam,
2433 2989 2612 3040 totam
2646 2983 3048 3050 Thessaliam;
3097 2987 3301 3038 contra
3329 2983 3800 3054 Septentrionem

2154 3076 2388 3130 Daciam
2424 3079 2479 3129 et
2508 3077 2739 3146 gentem
2774 3072 3162 3138 barbaricam,
3222 3070 3435 3143 partim
3491 3071 3801 3128 Franciam

2156 3165 2460 3233 majorem,
2496 3159 3192 3230 Brittanniam,Scotiam,
3220 3163 3437 3216 terram
3467 3159 3798 3234 Anglicam,

2154 3251 2492 3306 Gallias.Sic
2516 3251 2584 3304 ad
2609 3250 2976 3304 Occidentem
3010 3251 3283 3320 protensa
3311 3264 3502 3320 usque
3535 3249 3614 3306 ad
3644 3249 3802 3304 basi-

400 3341 780 3396 Garamantes
803 3341 1160 3412 fluviumque
1184 3342 1334 3396 Geon
1363 3348 1417 3396 et
1444 3348 1698 3396 montem
1727 3341 1962 3409 Astrixi,
1987 3345 2042 3396 et
2073 3326 2114 3392 C
2157 3340 2327 3396 licam
2364 3341 2420 3394 S.
2446 3339 2642 3394 Jacobi
2669 3336 3144 3409 apostoli,ibique
3166 3336 3224 3391 in
3244 3336 3550 3392 Occidenti
3571 3337 3802 3394 Oceano

400 3447 502 3502 per
531 3431 760 3484 deserta
779 3445 1021 3484 arenosa
1045 3435 1101 3484 et
1131 3434 1365 3484 caeteras
1393 3435 1584 3500 partes
1607 3435 1661 3484 et
1687 3447 1787 3502 per
1809 3431 2040 3484 Mauros

399 3518 790 3584 Matibienses,
816 3522 872 3572 et
884 3517 966 3572 sic
985 3518 1039 3572 in
1059 3519 1426 3573 Occidentem
1453 3536 1634 3588 usque
1659 3519 1726 3572 ad
1748 3519 2040 3572 Oceanum

400 3605 598 3676 ibique
628 3605 993 3660 terminatur.

471 3692 708 3746 Initium
741 3693 980 3746 secundi
1029 3693 1275 3748 climatis
1306 3698 1394 3748 est
1423 3695 1493 3748 ab
1530 3695 1753 3750 Oceano
1785 3695 1852 3748 dc
1882 3698 2042 3764 parte

402 3780 652 3836 Orientis
683 3780 754 3835 ab
778 3779 972 3835 insula
1025 3782 1244 3847 Costra,
1295 3788 1348 3836 et
1377 3784 1588 3837 transit
1615 3799 1718 3854 per
1747 3783 2043 3838 Parthiam

397 3870 640 3941 ejusque
669 3869 952 3924 terminos
981 3873 1037 3924 et
1081 3871 1288 3925 Persiae
1322 3870 1550 3942 aliquas
1581 3875 1792 3942 partes,
1843 3875 2046 3926 contra

399 3958 854 4030 septentrionem
887 3964 1144 4013 montem
1186 3959 1366 4026 Sinai,
1400 3964 1455 4015 et
1493 3965 1693 4014 contra
1741 3959 2046 4014 meridiem

405 4047 632 4102 deserta
647 4063 860 4118 magna
881 4047 1146 4102 Soddmze
1169 4052 1223 4102 et
1249 4048 1602 4116 Gomorrhae,
1638 4047 2046 4102 Alexandriam

410 4135 661 4208 Egypti,
693 4139 891 4206 gentes
914 4137 1459 4208 Libyae,partimque
1481 4138 1789 4208 [Egyptum
1815 4137 2049 4192 inferio-

401 4239 544 4292 rem,
575 4227 632 4278 et
660 4223 742 4278 sic
781 4224 1108 4280 extenditur
1136 4242 1237 4296 per
1282 4224 1699 4296 Tripolitanam
1757 4242 1943 4296 usque
1975 4225 2044 4279 ad

408 4311 837 4368 Mauritaniam.

471 4400 708 4456 Initium
741 4401 892 4456 tertii
925 4401 1180 4456 climatis
1231 4405 1318 4456 est
1349 4401 1406 4456 in
1439 4401 1660 4458 oriente
1712 4403 1782 4457 ab
1823 4402 2047 4458 Oceano

405 4490 475 4545 de
508 4494 702 4546 monte
732 4490 992 4556 Timavo,
1025 4495 1082 4545 et
1111 4489 1372 4548 ambulat
1403 4491 1890 4574 perﬁntiochiam
1921 4491 2050 4560 ejus

405 4595 516 4650 que
546 4583 784 4634 cunctos
817 4579 1114 4645 terminos,
1157 4580 1484 4650 transitque
1511 4579 1752 4635 ﬂuvium
1797 4579 2049 4650 Physon,

408 4673 680 4738 tenetque
709 4669 1067 4733 Aracusiam,
1092 4672 1148 4723 et
1166 4667 1492 4733 Albaniam,
1517 4669 1846 4740 partimque
1868 4669 2052 4723 Meso-
2085 4691 2130 4755 Ι)

405 4757 723 4828 potamiam
755 4760 811 4810 et
839 4756 1158 4828 Gatogoras
1181 4775 1198 4810 :
1230 4757 1385 4812 unde
1435 4763 1492 4812 et
1522 4759 1650 4828 ipsa
1681 4760 2052 4827 nuncupatur

405 4845 780 4908 Damascum,
815 4845 1139 4914 transitque
1180 4861 1336 4899 mare
1383 4846 1676 4900 Mortuum
1725 4849 1782 4899 et
1831 4845 2040 4916 partim

399 4933 638 5004 Libyam
677 4933 1072 5004 Cyrenaicam,
1106 4937 1164 4986 et
1207 4934 1290 4986 sic
1325 4950 1423 5004 per
1469 4933 1726 4989 diversos
1786 4934 2040 5005 partium

390 5021 850 5090 terminos,quos
879 5019 1115 5090 longum
1146 5026 1234 5074 est
1262 5021 1534 5087 ediscere,
1570 5039 1754 5093 usque
1775 5023 1846 5076 ad
1875 5022 2046 5077 Ocea-

395 5123 538 5164 num
571 5108 900 5162 Occidentis
935 5113 1268 5178 protensum
1311 5111 1443 5179 [σοά.
1495 5113 1784 5181 pretensa]
1815 5111 2040 5165 tinitur.

476 5195 710 5250 Initium
738 5212 868 5249 vero
900 5195 1084 5266 quarti
1131 5196 1380 5252 climatis
1428 5209 1506 5253 est
1568 5199 1625 5251 in
1659 5200 1909 5259 Oriente,
1961 5204 2042 5254 te-

401 5289 612 5355 netque
635 5283 691 5338 in
716 5285 899 5354 capite
925 5285 1133 5353 partim
1157 5284 1328 5340 simul
1355 5303 1485 5340 cum
1513 5287 1716 5356 quinto
1749 5287 2040 5358 Scythiam

398 5381 456 5430 et
483 5373 694 5429 transit
725 5379 981 5427 montem
1010 5377 1327 5427 Caucasum
1350 5379 1404 5428 et
1426 5373 1694 5444 partitur,
1719 5375 2043 5446 accipitque

397 5480 531 5518 cum
565 5463 732 5518 tertio
790 5469 1013 5534 partem
1073 5459 1498 5530 Mesopotamiae
1531 5465 1588 5514 et
1647 5478 1777 5516 cum
1839 5463 2041 5533 quinto

400 5551 844 5625 Cappadociam,
878 5555 933 5606 et
968 5545 1181 5604 transit
1209 5548 1447 5604 ﬂuvium
1506 5548 1774 5605 Jordanis
1806 5556 1861 5604 et
1891 5551 2039 5606 Cali-

401 5641 590 5709 laeam,
618 5643 827 5714 partim
858 5640 1105 5710 occupat
1133 5637 1451 5695 Jerusalem
1504 5642 1857 5711 cunctosque
1905 5655 2044 5697 suos

401 5731 706 5803 terminos,
738 5737 794 5790 et
823 5733 905 5790 sic
931 5731 1002 5788 ad
1035 5726 1396 5787 Occidentem
1428 5729 1768 5803 protensum
1797 5727 2045 5802 partitur

2150 3429 2517 3485 terminatur.
2551 3427 2630 3482 De
2685 3425 2917 3492 insulis,
2951 3443 3098 3497 quas
3153 3424 3430 3497 Cycladas
3469 3425 3798 3499 appellant,

2152 3518 2394 3573 dubium
2443 3521 2531 3572 est
2561 3515 2652 3570 cui
2701 3516 3054 3586 deputentur
3091 3513 3334 3583 elimati,
3367 3529 3517 3585 quas
3547 3513 3802 3588 diligens

2151 3607 2443 3678 inspector
2471 3604 2827 3667 walzacorze,
2862 3603 2910 3656 si
2943 3602 3055 3673 ipsi
3113 3601 3330 3657 fuerint
3358 3601 3608 3670 insulis,
3669 3603 3798 3659 abs-

2150 3699 2356 3766 terget,
2390 3693 2544 3764 quod
2594 3692 2832 3748 cuilibet
2888 3691 3256 3763 probandum
3316 3690 3671 3748 dimittitur.
3708 3691 3798 3746 Hie

2151 3783 2590 3838 distributiones
2630 3781 2932 3836 climatum
2979 3784 3036 3834 et
3090 3778 3405 3835 latiudines
3463 3781 3801 3838 secundum

2153 3871 2428 3926 Arabicos
2455 3871 2604 3925 fiunt
2633 3873 2920 3924 auctores.

2772 3982 3006 4038 CAPUT
3043 3983 3163 4039 XX.

2396 4075 2456 4130 Ut
2485 4075 2625 4127 scias
2655 4074 2703 4126 si
2725 4073 2798 4128 sit
2825 4076 2952 4126 ante
2978 4071 3061 4126 vel
3082 4075 3204 4142 post
3243 4071 3558 4128 meridiem.

2229 4181 2468 4246 Quando
2515 4179 2727 4250 quaeris
2759 4177 2905 4234 scire
2953 4178 3002 4234 si
3032 4181 3120 4234 est
3158 4181 3292 4234 ante
3342 4178 3668 4236 meridiem
3713 4185 3812 4236 aut

2157 4275 2304 4343 post,
2340 4268 2536 4340 accipe
2557 4267 2924 4323 altitudinem
2947 4266 3089 4322 solis
3121 4267 3179 4321 in
3209 4267 3383 4323 dorso
3413 4267 3812 4338 astrolabii,et

2158 4359 2286 4415 vide
2318 4358 2367 4413 si
2386 4356 2685 4412 descendit
2705 4355 2792 4412 sol
2815 4355 2872 4410 in
2896 4355 3041 4428 ipsis
3059 4356 3132 4410 90
3152 4355 3484 4412 ordinibus.
3509 4355 3575 4412 Si
3609 4374 3811 4414 ascen-

2159 4448 2262 4515 dit,
2295 4450 2382 4502 est
2411 4450 2544 4500 ante
2567 4443 2909 4511 meridiem;
2943 4443 2993 4498 si
3021 4441 3344 4512 descendit,
3372 4447 3508 4516 post
3532 4447 3806 4502 medium

2159 4536 2334 4592 diem.

2767 4637 2998 4694 CAPUT
3037 4637 3180 4694 XXI.

2354 4731 2426 4784 De
2447 4727 2788 4785 inveniendis
2817 4729 2874 4782 in
2905 4726 3061 4783 dorso
3089 4725 3393 4783 Astrolabii
3421 4727 3600 4785 horis.

2220 4845 2458 4910 Quando
2488 4843 2574 4897 vis
2622 4841 2768 4897 scire
2798 4842 2858 4897 in
2890 4842 3062 4896 dorso
3095 4840 3466 4914 astrolopsus
3497 4842 3655 4901 hora
3699 4865 3715 4912 ,
3745 4845 3804 4902 in

2152 4934 2360 5006 primis
2389 4934 2539 4988 scias
2570 4934 2853 5002 quantum
2889 4929 2975 4985 sol
2995 4931 3204 4986 debeat
3228 4931 3549 4988 ascendere
3583 4933 3649 4988 in
3681 4933 3810 5006 ipsa

2153 5023 2246 5077 die
2275 5040 2389 5093 qua
2429 5020 2678 5076 volueris
2740 5019 2914 5074 horas
2961 5019 3230 5090 probare,
3261 5022 3322 5074 et
3367 5018 3568 5090 ipsam
3601 5038 3812 5080 ascen-

2153 5111 2374 5166 sionem
2406 5109 2491 5164 vel
2520 5107 2888 5163 altitudinem
2921 5107 3062 5160 solis
3107 5124 3143 5162 a
3173 5107 3360 5176 primo
3391 5107 3588 5179 gradu
3640 5116 3808 5167 ortus

2152 5199 2292 5255 solis
2326 5215 2510 5268 usque
2541 5188 2612 5251 ad
2650 5195 2924 5250 ultimum
2950 5195 3164 5265 partire
3189 5211 3288 5266 per
3313 5196 3349 5250 6
3376 5200 3589 5268 partes
3623 5199 3815 5272 ipsas-

2152 5305 2263 5359 que
2288 5293 2478 5359 partes
2499 5302 2598 5356 per
2619 5285 2806 5356 signa,
2831 5287 2904 5348 et,
2929 5285 3071 5338 dum
3106 5283 3190 5338 sol
3220 5284 3553 5355 pervenerit
3584 5289 3665 5342 ad
3685 5288 3814 5360 ipsa

2149 5376 2318 5444 signa
2347 5377 2403 5428 in
2433 5373 2738 5436 Alhidada,
2769 5371 2920 5425 scias
2967 5371 3050 5424 sic
3084 5372 3256 5426 horas
3277 5375 3464 5428 certas
3496 5388 3699 5446 usque
3731 5376 3803 5432 ad

2149 5467 2218 5529 ὃς
2256 5468 2382 5536 post
2408 5465 2462 5526 6,
2486 5466 2719 5516 retorna
2743 5459 3149 5514 descendendo
3183 5475 3370 5531 usque
3393 5460 3466 5514 ad
3500 5477 3812 5520 occasum.

2151 5552 2261 5608 Sed
2293 5555 2376 5617 tu,
2407 5550 2606 5617 lector,
2638 5547 2686 5604 si
2722 5546 3033 5619 diligenter
3063 5548 3526 5604 animadvertere
3572 5551 3814 5624 quaeris,

2150 5645 2210 5696 tu
2241 5640 2365 5712 ipse
2395 5654 2496 5712 per
2525 5636 2860 5710 praedictam
2899 5634 3310 5704 walzacoram,
3343 5635 3403 5692 id
3437 5640 3529 5692 est
3560 5637 3815 5710 planant

2150 5729 2438 5803 spheram
2467 5726 2694 5785 diversa
2723 5723 2940 5800 poteris
2973 5724 3257 5784 fabricare
3277 5723 3617 5803 horologia.
