3866 6338
1185 390 1287 454 DE
1331 389 1881 456 UTILITATIBUS
1923 386 2423 456 ASTROLABU.

3385 394 3504 462 406

1127 541 1503 636 LIBER
1577 541 2231 637 SECUNDUS
2281 543 2490 642 (ίθθί).

639 691 866 749 CAPUT
904 692 1219 749 PRIMUM.

69 784 502 842 Demonstratio
541 781 896 854 componendi
921 798 1048 836 cum
1100 783 1447 838 convertibili
1491 784 1752 839 sciothero

414 873 726 942 horologeci
756 873 1027 928 viatorum
1048 873 1417 926 instrumenti.

144 961 561 1034 Componitur
583 959 835 1033 quodam
870 958 1118 1030 simplex
1147 963 1204 1014 et
1235 958 1540 1030 parvulum
1578 959 1754 1013 viato-

76 1053 243 1108 ribus
269 1049 696 1120 borologicum
729 1048 1206 1116 instrumentum,
1239 1047 1394 1118 quod
1430 1046 1486 1102 in
1513 1047 1750 1102 modum

76 1139 284 1197 teretis
327 1141 390 1192 et
443 1135 690 1208 mqualis
739 1135 1158 1209 grossitudinis
1198 1135 1311 1206 pali
1345 1151 1448 1190 seu
1502 1135 1750 1207 cylindri

78 1231 416 1286 formatum
441 1230 621 1297 atque
645 1241 998 1296 suspensum
1031 1223 1089 1279 in
1108 1223 1447 1279 summitate
1470 1229 1753 1280 transver-

79 1319 194 1382 sim
218 1313 705 1387 orthogonaliter
725 1314 1057 1380 afﬁxum,et
1085 1312 1633 1369 circumvertibilem
1655 1313 1751 1368 ha-

79 1408 179 1464 bet
201 1403 606 1462 sciotherum.
640 1404 762 1468 Quo
793 1418 896 1474 per
943 1417 1150 1474 gyrum
1184 1401 1240 1456 in
1301 1402 1480 1457 latere
1506 1400 1750 1457 lineatas

82 1512 185 1568 per
214 1492 470 1565 singula
501 1491 523 1546 4
536 1493 572 1544 2
601 1490 770 1563 signa
797 1489 885 1545 vel
911 1506 1144 1546 menses
1185 1490 1394 1544 umbra
1424 1507 1530 1544 sua
1561 1495 1748 1544 certas

84 1581 340 1651 attingat
380 1585 443 1632 et
495 1578 847 1631 determinet
903 1576 1098 1631 bores.
1157 1577 1339 1647 Cujus
1387 1594 1745 1645 mensuram,

87 1673 261 1741 prout
293 1665 614 1722 astrolabii
646 1665 866 1720 ratione
895 1665 1055 1736 potui
1088 1665 1366 1731 invenire,
1392 1666 1544 1720 sicut
1569 1666 1752 1736 jussi-

87 1757 182 1824 sti,
217 1755 591 1811 cbarissime
623 1754 799 1810 frater
826 1753 1178 1821 Werinberi,
1212 1753 1488 1820 dilucide,
1525 1759 1587 1808 ut
1616 1771 1748 1826 pos-

89 1861 243 1914 sum,
274 1843 528 1900 tentabo
561 1841 908 1898 describere.

159 1935 220 1988 In
253 1931 478 2005 primis
500 1929 704 2002 itaque
718 1930 1030 1986 circuitum
1055 1930 1183 2000 ejus
1201 1929 1258 1984 in
1287 1945 1428 1985 sena
1449 1929 1754 1986 intervalla

1782 696 1837 760 Α
1869 696 1932 748 ut
1961 694 2146 765 prius,
2179 693 2350 750 lineis
2381 694 2614 768 singula
2630 695 2842 769 divido,
2876 701 2934 756 et
2955 697 3035 755 ita
3064 698 3134 756 12
3161 698 3222 756 in
3251 701 3371 757 toto
3401 699 3510 757 cir-

1865 783 2022 838 cuitu
2058 782 2380 839 intervallis
2410 784 2630 840 ell‘ectis
2661 786 2922 857 primum
2971 787 3204 854 horum,
3239 788 3393 862 quod
3423 789 3509 845 vi-

1863 869 2073 927 delicet
2102 873 2397 943 Sagittarii
2434 878 2727 944 postrema
2777 879 2832 931 et
2863 876 3198 948 Capricorni
3225 877 3513 950 principia

1861 960 2136 1027 continet,
2164 961 2390 1016 decimo
2422 962 2632 1030 mensi,
2667 964 2726 1018 in
2757 965 2929 1034 cujus
2962 965 3155 1020 medio
3189 965 3509 1024 solstitium

1859 1047 2109 1104 hiemale
2142 1050 2445 1122 contingit,
2470 1051 2707 1122 deputo.
2733 1052 3013 1125 Sequenti
3039 1053 3176 1108 bino
3202 1054 3512 1112 intervalla

1857 1137 2136 1193 Januario
2168 1140 2413 1210 ejusque
2444 1140 2701 1211 compari
2735 1141 3046 1196 Novembri
3077 1143 3296 1218 tribuo.
3331 1145 3510 1208 Quar-

1860 1229 1988 1282 tum
2021 1243 2155 1281 cum
2189 1227 2396 1299 quinto
2430 1228 2742 1284 Februario
2765 1235 2824 1284 et
2853 1229 3124 1299 Octobri;
3188 1236 3416 1288 sextum
3453 1236 3512 1289 et

1859 1314 2178 1386 septimum
2210 1315 2416 1371 Martio
2448 1321 2504 1372 et
2534 1317 2896 1388 Septembri;
2931 1318 2989 1373 in
3009 1335 3261 1390 quorum
3293 1321 3509 1377 medie-

1858 1403 2073 1457 tatibus
2103 1403 2243 1456 bina
2270 1404 2615 1472 aequinoctia
2645 1404 2889 1458 veniunt
2915 1406 3202 1478 Ariesque
3246 1410 3303 1462 et
3334 1407 3508 1464 Libra

1856 1488 2093 1544 initium
2125 1493 2389 1545 sumunt.
2424 1489 2645 1546 Dehinc
2686 1495 2953 1546 octavum
2979 1509 3113 1548 cum
3145 1510 3297 1550 nono
3326 1494 3508 1568 Aprili

1859 1581 1917 1632 et
1937 1578 2202 1648 Augusto
2239 1595 2252 1644 ;
2311 1595 2447 1634 cum
2507 1578 2734 1634 decimo
2764 1579 3141 1636 undecimum
3176 1581 3392 1638 Maium
3422 1586 3509 1638 te-

1860 1670 2036 1720 neant
2074 1670 2130 1720 et
2155 1665 2400 1721 Julium.
2435 1666 2880 1733 Duodecimum,
2913 1670 3069 1740 quod
3100 1674 3300 1738 restat,
3351 1671 3507 1742 quod

1857 1752 2126 1809 videlicet
2157 1757 2213 1809 et
2243 1755 2653 1810 Germinorum
2688 1760 2948 1812 extrema
2977 1762 3034 1813 et
3073 1759 3284 1814 Cancri
3321 1758 3512 1830 prima

1858 1847 2062 1916 gestat,
2092 1843 2334 1898 Junium
2367 1859 2502 1899 cum
2527 1842 2722 1900 aestivo
2775 1845 2837 1902 in
2880 1846 3074 1902 medio
3122 1847 3216 1903 sui
3245 1846 3508 1904 Solstitio

1868 1929 2138 2001 accipiat.

91 2022 282 2079 ductis
309 2038 346 2077 a
379 2036 628 2076 summo
649 2019 922 2118 deorsum
946 2017 1116 2074 lineis
1146 2019 1360 2118 divido,
1384 2018 1558 2118 ethis
1589 2020 1747 2075 senis
1787 2055 1832 2118 Β
1933 2019 2035 2076 His
2066 2019 2372 2118 duodecim
2404 2019 2751 2118 intervallis,
2785 2021 2895 2118 boc
2918 2023 3091 2118 modo
3119 2039 3224 2118 per
3253 2021 3422 2118 signa
3451 2027 3509 2080 et

91 2111 297 2184 signis,
339 2111 402 2165 in
438 2108 666 2181 quibus
696 2107 820 2164 dies
841 2111 1134 2174 crescunt,
1169 2105 1232 2172 id
1260 2110 1348 2162 est
1379 2106 1749 2180 Capricorno,

93 2198 370 2271 Aquario,
408 2197 708 2261 Piscibus,
778 2194 988 2264 Ariete,
1017 2196 1208 2250 Tauro
1239 2199 1296 2250 et
1343 2195 1606 2251 Geminis
1664 2197 1752 2250 in-

97 2288 309 2354 scribo,
373 2291 434 2342 et
469 2285 612 2340 inde
671 2288 964 2340 revertens
1017 2283 1244 2356 reliqua
1287 2284 1752 2340 decrescentium

96 2376 292 2432 itidem
325 2376 570 2432 dierum
605 2373 773 2446 signa
804 2373 916 2428 sibi
949 2373 1006 2428 in
1030 2372 1328 2445 quantiate
1358 2373 1567 2429 diebus
1599 2390 1753 2429 com-

97 2465 333 2538 paribus
355 2463 654 2536 compleo.
674 2463 961 2517 Cancrum
985 2461 1249 2518 videlicet
1271 2462 1752 2526 Geminis,Tauro

96 2554 367 2622 Leonem,
398 2551 708 2625 Virginem
739 2550 939 2618 Arieti,
974 2550 1239 2606 Piscibus
1272 2550 1527 2615 Libram,
1559 2553 1750 2622 Aqua-

96 2643 174 2698 rio
197 2638 860 2714 Scorpium,Sagittario
891 2638 1332 2711 Capricornum.
1359 2639 1753 2712 Deinde,quia

95 2731 150 2786 in
169 2731 359 2788 medio
384 2729 766 2803 singulorum
785 2727 1002 2796 singuli
1016 2744 1248 2784 menses
1269 2727 1748 2800 ordiuntur,pra:-

98 2819 206 2876 fata
233 2821 552 2893 signorum
584 2835 684 2874 sex
713 2816 1018 2873 intervalla
1047 2817 1104 2872 in
1139 2817 1254 2874 duo
1302 2818 1506 2874 itidem
1535 2817 1748 2884 ductis,

409 3063 466 3117 ,Ξ

409 3121 465 3166 :2

409 3173 466 3231 ,Ξ

409 3262 466 3323 ,Ξ

685 3007 724 3036 ω

667 3042 722 3102 ,Ξ

685 3103 722 3131 ιι

683 3135 720 3168 ας

683 3174 720 3210 :1

683 3217 721 3252 ε

684 3258 722 3289 es

669 3296 725 3327 μ»

937 3030 977 3058 ω

927 3065 976 3122 ,Ξ

938 3125 977 3190 ’ἐξ

935 3197 991 3274 ἐς

927 3284 976 3326 <

1419 3284 1474 3324 Ωιι

1187 3156 1224 3202 s3

1171 3211 1226 3246 ,Ω

1171 3249 1226 3323 εξί

179 3145 213 3237 ἑ

162 3243 214 3326 ἑὲ

1672 3153 1723 3222 -οέ

1667 3227 1724 3321 ἔ

1866 2123 2097 2162 menses
2144 2106 2710 2175 distributisﬁnales
2757 2109 3125 2182 singularum
3167 2111 3282 2167 diei
3328 2111 3505 2168 hora-

1863 2212 1992 2250 rum
2018 2195 2387 2267 lineas,juxta
2404 2213 2710 2253 ascensum
2724 2197 2810 2253 vel
2824 2199 3168 2254 descensum
3184 2198 3325 2256 solis
3341 2200 3507 2256 diur-

1863 2301 2003 2338 num
2037 2301 2138 2340 seu
2164 2289 2557 2351 menstruum,
2591 2285 3064 2342 debesinvenire.
3100 2288 3211 2343 Sed
3246 2292 3311 2343 ut
3341 2287 3505 2344 labo-

1863 2389 1983 2428 rem
2016 2372 2121 2428 tibi
2152 2373 2246 2428 hic
2295 2373 2638 2445 scrupulose
2685 2375 3020 2445 quaaritanti
3051 2375 3332 2444 adimam,
3367 2380 3510 2448 quot

1862 2462 2081 2534 gradus
2104 2462 2161 2516 in
2194 2462 2309 2518 ﬁne
2341 2462 2827 2532 cujuslibetborae
2859 2463 2917 2518 in
2943 2463 3178 2521 climate
3196 2469 3396 2521 nostro
3421 2465 3508 2521 sol

1863 2550 1920 2604 in
1955 2550 2428 2623 uniuscujusque
2458 2551 2610 2624 signi
2642 2551 2728 2608 vel
2761 2551 2983 2608 mensis
3013 2552 3178 2609 initio
3210 2554 3508 2620 ascendat,

1862 2638 2133 2704 breviter,
2167 2640 2321 2695 sicut
2355 2656 2453 2711 per
2483 2639 2782 2696 astrolabii
2805 2641 3229 2714 experientiam
3251 2659 3511 2716 compre-

1862 2726 2113 2783 hendere
2146 2732 2364 2799 potero,
2398 2727 2454 2783 in
2489 2727 2740 2785 formula
2770 2729 3034 2800 subjecta
3063 2730 3417 2788 describam.

3376 3047 3416 3102 ὁ

3360 3106 3416 3171 Ξ

3359 3175 3414 3235 ..Ε

3376 3267 3414 3302 c1

2156 3144 2212 3204 τέ

2173 3209 2211 3235 ι.

2172 3243 2229 3278 Ω.

2158 3281 2212 3327 «τι

2877 3075 2933 3155 'a'

2877 3163 2934 3244 ’ἓ

2878 3245 2934 3328 e

3136 3118 3174 3146 ω

3135 3152 3174 3186 β

3118 3193 3174 3211 ιιι.

3137 3217 3174 3251 α

3135 3259 3174 3294 =3

3117 3300 3173 3332 μ’

1933 3141 1972 3224 ἓξ

1916 3230 1971 3326 Ξ

2413 3151 2450 3196 ἀ

2412 3205 2451 3276 ἒς

2396 3281 2450 3328 θη

2637 3170 2693 3327 ἓ

3359 3307 3413 3326 ι-

133 3353 272 3410 Dict.
340 3354 574 3426 Capric.
644 3353 778 3409 Dec.
865 3353 1069 3428 Sagitt.
1147 3353 1288 3408 Nov.
1358 3353 1558 3423 Scorp.
1609 3350 1812 3406 Octob.
1867 3350 2057 3408 Libra.
2127 3353 2284 3426 Sept.
2355 3354 2514 3426 Virg.
2610 3357 2756 3428 Aug.
2853 3360 2981 3412 Leo.
3048 3357 3262 3411 Julius.
3293 3359 3512 3414 Cancer

106 3455 303 3468 —-—
343 3457 562 3467 _——
603 3455 812 3467 —_——
852 3457 1063 3468 ———
1100 3455 1311 3466 ___
1349 3453 1564 3465 ———

107 3496 294 3570 tetu
371 3497 604 3570 5grad.
680 3498 717 3570 5
894 3498 930 3570 e
1015 3568 1031 3570 ᾗ
1107 3497 1240 3552 es.
1384 3495 1519 3570 7__s.
1667 3491 1702 3570 β

105 3569 293 3624 20t10
398 3565 462 3624 9⁷
684 3569 720 3623 9
898 3569 968 3624 40
1007 3568 1066 3624 8.
1115 3571 1178 3624 12
1393 3566 1463 3621 43
1677 3565 1740 3617 16

107 3636 252 3694 3et9
363 3639 432 3696 13
686 3639 751 3694 13
789 3639 846 3695 8.
891 3641 959 3696 15
1104 3639 1171 3695 47
1385 3639 1456 3692 20
1668 3635 1738 3689 24

110 3708 137 3762 4
155 3714 207 3764 et
223 3711 256 3764 8
364 3711 434 3766 15
677 3711 742 3766 16
889 3712 956 3766 18
1097 3713 1165 3766 21
1382 3710 1454 3763 25
1667 3706 1738 3760 30

111 3779 256 3836 5et7
365 3782 434 3836 17
676 3783 777 3836 18.
885 3783 958 3836 20
1099 3783 1170 3837 23
1386 3781 1456 3835 28
1661 3777 1731 3832 34

111 3850 140 3903 6
362 3854 428 3910 18
665 3853 734 3907 19
875 3855 940 3909 21
1097 3854 1168 3908 24
1383 3852 1454 3907 30
1661 3849 1732 3903 36

1874 3455 2061 3466 ---
2094 3455 2302 3466 —-—-—
2336 3456 2546 3467 ———_
2573 3457 2784 3468 —_—
2811 3457 3022 3468 —-—_
3051 3457 3265 3469 ————
3293 3458 3505 3470 _——_

1881 3495 1917 3547 9
2099 3497 2167 3550 10
2347 3497 2412 3550 10
2596 3498 2664 3552 10
2699 3497 2760 3552 8.
2841 3498 2908 3552 10
2945 3497 3005 3554 8.
3085 3498 3151 3552 10
3189 3498 3248 3555 8.
3339 3500 3396 3553 1l
3443 3499 3504 3554 8.

1885 3567 1953 3619 18
2095 3568 2168 3621 20
2207 3568 2264 3623 8.
2340 3570 2413 3621 22
2451 3567 2512 3623 8.
2587 3571 2660 3622 22
2695 3567 2754 3624 8.
2831 3569 2902 3623 23
3062 3569 3150 3636 ,23
3339 3569 3411 3624 24
3447 3574 3505 3626 S.

1882 3638 1952 3690 27
1991 3636 2049 3692 8.
2090 3639 2153 3692 31
2339 3639 2408 3692 33
2587 3640 2658 3693 35
2835 3640 2906 3695 36
3084 3641 3152 3694 37
3332 3641 3402 3696 38

1879 3707 1951 3762 35
2092 3709 2162 3764 40
2344 3711 2409 3764 44
2591 3711 2656 3764 47
2839 3712 2907 3765 48
2947 3711 3006 3767 8.
3082 3713 3154 3766 50
3341 3713 3409 3767 50
3446 3711 3505 3768 8.

1877 3778 1946 3831 40
2087 3781 2158 3835 46
2335 3781 2402 3836 51
2586 3783 2656 3836 56
2833 3783 2906 3837 59
3083 3783 3144 3838 6|
3333 3784 3400 3839 61

1877 3850 1945 3903 42
2088 3851 2158 3906 49
2335 3854 2404 3907 54
2583 3853 2655 3908 60
2833 3854 2904 3909 63
3083 3855 3155 3908 65
3199 3856 3256 3908 8.
3331 3856 3404 3910 66

173 3947 269 4005 His
307 3950 389 4006 ita
438 3951 824 4023 praestructis,
884 3951 944 4006 in
994 3951 1168 4022 plana
1220 3948 1424 4006 tabula
1479 3950 1749 4020 quartam
1784 3946 1826 4012 C
1865 3964 2043 4020 quam
2102 3966 2290 4021 nuper
2318 3949 2455 4015 dixi,
2517 3949 3058 4022 perpendiculorem
3115 3949 3355 4019 lineam,
3406 3951 3509 4006 ubi

114 4040 319 4105 partem
341 4038 550 4094 circuli
582 4038 896 4112 diligenter
925 4040 1036 4095 fixo
1068 4043 1266 4094 centro
1297 4055 1331 4092 (ι
1374 4035 1751 4110 integerrime

117 4122 384 4193 describo,
418 4128 670 4199 ejusque
701 4144 928 4197 arcum,
961 4127 1018 4183 id
1051 4132 1141 4182 est
1172 4143 1407 4182 curvam
1441 4125 1656 4180 lineam
1690 4125 1749 4178 in

118 4211 216 4266 tria
244 4214 552 4286 partior,et
591 4232 1006 4290 unaquamque
1036 4216 1267 4272 tertiam
1317 4215 1376 4271 in
1427 4219 1608 4281 sex,et
1649 4213 1750 4268 ba-

121 4313 235 4355 rum
265 4305 822 4377 unamquamquein
844 4307 878 4361 5
899 4303 1585 4370 subdivido,utvidclicet
1601 4303 1753 4359 sicut

122 4389 402 4448 astrolabii
419 4394 648 4465 quadra
677 4394 733 4449 in
755 4395 826 4449 90
858 4395 934 4451 sit
955 4394 1162 4450 divisa.
1196 4396 1317 4460 Quo
1343 4394 1511 4459 facto,
1532 4393 1604 4448 ab
1625 4392 1751 4464 ipso

123 4483 300 4535 centro
325 4497 356 4536 a
385 4482 488 4538 ubi
518 4489 828 4539 coraustus
859 4489 914 4540 et
943 4483 1232 4551 cathetus,
1280 4483 1337 4538 id
1369 4488 1458 4538 est
1488 4483 1748 4554 superja-

123 4578 244 4622 cens
273 4573 327 4623 et
348 4570 628 4627 deorsum
651 4573 912 4645 pendens
935 4571 1108 4640 linea,
1137 4573 1550 4628 convenientes
1573 4588 1752 4643 augu-

125 4651 232 4708 lum
259 4662 481 4714 rectum
507 4661 791 4730 efﬁciunt,
813 4666 1041 4718 tantum
1065 4662 1136 4716 de
1165 4661 1292 4734 ipso
1315 4665 1583 4717 corausto
1617 4664 1754 4717 nota

126 4739 392 4814 impressa
405 4764 649 4807 secerno
671 4753 960 4822 quantum
985 4749 1414 4823 longitudinem
1438 4749 1749 4817 sciothero,

126 4825 176 4883 id
201 4837 284 4886 est
309 4839 610 4909 gnomoni,
636 4840 808 4910 juxta
837 4843 1176 4912 quantatem
1236 4839 1611 4895 instrumenti
1650 4839 1751 4894 tri-

129 4913 287 4977 buere
312 4923 462 4994 volo,
495 4930 554 4982 et
583 4927 655 4983 ab
685 4927 817 5000 ipsa
837 4932 977 4985 nota
1007 4929 1280 4985 deorsum
1313 4927 1752 5000 perpendicula-

127 5019 235 5062 νοω
263 5007 475 5070 lineam
509 5032 544 5072 a
576 5016 808 5073 catheto
839 5033 1004 5090 aeque
1033 5017 1349 5087 distuitem
1383 5016 1751 5090 dirigo,scili-

130 5096 396 5188 pet-tanta:
429 5100 1137 5179 longitudinis,quantum
1169 5105 1427 5178 postulat
1454 5105 1752 5178 quantitas

129 5186 487 5247 instrumenti
510 5193 843 5264 pendentis.

1861 4037 2062 4109 regula
2100 4039 2361 4111 tangitur
2412 4041 2548 4093 nota
2591 4037 2902 4110 impressa,
2985 4037 3253 4110 designo,
3307 4038 3510 4111 sicque

1860 4126 2132 4182 deorsum
2167 4127 2527 4182 descendens
2557 4127 2626 4181 ad
2662 4126 2928 4198 singulos
2985 4143 3089 4198 per
3118 4127 3385 4184 ordinem
3416 4144 3506 4183 se-

1861 4219 2108 4287 quentes
2135 4216 2373 4288 gradus,
2405 4213 2668 4287 regulam
2700 4232 2733 4271 a
2765 4214 3032 4287 pristimo
3063 4215 3279 4288 angulo
3327 4233 3361 4272 a
3393 4233 3506 4272 non

1862 4309 2080 4360 motam
2100 4308 2334 4378 pono,et
2351 4305 2420 4360 ad
2446 4303 2711 4378 singulas
2735 4305 3054 4377 positiones
3079 4306 3266 4377 ipsam
3289 4305 3507 4362 lineam

1861 4394 2177 4450 ordinatim
2211 4393 2310 4449 ubi
2343 4393 2545 4466 regula
2576 4411 2706 4450 eam
2739 4395 2950 4466 tangit,
2983 4394 3171 4467 signis
3203 4395 3510 4466 impressis

1863 4486 1996 4537 noto
2028 4497 2211 4552 usque
2242 4481 2311 4535 ad
2344 4483 2412 4535 66
2437 4481 2708 4554 gradum,
2745 4482 2801 4536 in
2827 4499 2942 4553 quo
2974 4480 3199 4537 scilicet
3231 4498 3507 4538 summus

1864 4571 1921 4625 in
1953 4569 2184 4626 climate
2240 4573 2440 4626 nostro
2501 4569 2644 4626 solis
2692 4569 3154 4641 deprehenditur
3187 4587 3503 4626 .ascensus.

1861 4660 2019 4716 Hanc
2047 4676 2181 4731 ergo
2227 4658 2441 4714 lineam
2472 4657 3014 4731 perpendicularem
3075 4657 3182 4714 hoc
3233 4659 3405 4716 modo
3437 4661 3508 4713 66

1862 4749 2143 4823 gradibus
2165 4748 2507 4822 insignitam
2530 4764 2634 4820 pro
2666 4748 2854 4820 ipsius
2885 4748 3266 4804 instrumenti
3297 4765 3331 4805 a
3360 4748 3506 4805 scio-

1862 4838 2028 4894 tbero
2041 4838 2314 4893 deorsum
2339 4835 2706 4909 longitudine
2727 4835 3040 4908 accipiens,
3056 4836 3114 4891 in
3139 4834 3507 4910 singulorum

1861 4926 2167 5000 signorum
2193 4930 2251 4981 et
2304 4924 2598 4982 mensium
2661 4923 2869 4991 initiis,
2900 4928 3046 4998 quot
3071 4925 3294 4998 gradus
3334 4924 3420 4982 sol
3449 4925 3508 4981 in

1862 5017 1976 5072 ﬁne
2035 5015 2326 5087 cujusque
2374 5013 2528 5070 horta
2585 5013 2918 5082 acendat,in
2954 5014 3296 5087 praescripta
3325 5014 3514 5070 forma

1861 5104 2140 5178 despicio,
2173 5107 2232 5159 et
2269 5107 2556 5176 quantum
2591 5101 2766 5175 spatii
2793 5101 3362 5174 numerusipsorum
3379 5119 3510 5176 gra-

1860 5194 2002 5250 dum
2027 5193 2084 5248 in
2117 5192 2226 5248 bac
2252 5190 2409 5246 linea
2429 5207 2464 5246 a
2488 5194 2760 5247 corausto
2783 5192 3062 5248 deorsum
3085 5191 3512 5264 complectitur,

191 5268 397 5380 Pehinc
427 5280 696 5380 regulam
723 5281 783 5337 in
827 5283 1156 5355 predictum
1213 5287 1477 5340 centrum
1510 5300 1612 5339 seu
1645 5301 1746 5340 an-
1781 5315 1828 5380 Β
1862 5280 2420 5380 tantumdem-spati
2449 5279 2509 5336 in
2530 5279 2903 5380 lpngitudine
2926 5280 3115 5380 ipsius
3140 5277 3514 5379 instrumenti

131 5355 310 5426 ευῘιιω
338 5381 392 5432 a,
423 5373 481 5424 et
513 5369 574 5425 in
609 5369 868 5441 primum
891 5373 1141 5446 gradum
1173 5373 1244 5428 de
1262 5374 1508 5444 90,quos
1531 5375 1587 5428 in
1612 5390 1748 5428 arcu
1781 5355 1828 5380 υ
1861 5391 1896 5429 a
1919 5371 2208 5429 sciothero
2233 5371 2512 5426 decraum
2533 5369 2860 5426 demetiens
2891 5370 2949 5425 in
2975 5368 3151 5435 linea,
3183 5384 3300 5437 qua
3320 5365 3507 5435 ipsius

135 5447 341 5512 (luaer
371 5455 578 5513 circuli
608 5458 857 5516 feceram
915 5478 948 5518 a
977 5466 1141 5533 parte
1199 5461 1453 5516 corausti
1484 5478 1632 5533 pone
1672 5465 1748 5528 et,

1862 5461 2016 5535 signi
2045 5459 2134 5515 vel
2166 5458 2391 5514 mensis
2423 5457 2658 5514 initium
2709 5457 3150 5520 constitueram,
3189 5450 3508 5519 unicuique

190 5567 360 5656 $1001)
393 5579 614 5640 Divisio
650 5580 919 5643 Liborum
948 5587 1110 5643 deest
1163 5586 1225 5642 in
1250 5585 1465 5656 codice,
1493 5603 1594 5642 nec
1617 5586 1750 5643 inde
1789 5589 1933 5646 satis
1955 5587 2184 5644 constat
2205 5600 2346 5640 num
2387 5581 2691 5655 sequentia
2729 5581 2846 5638 sint
2894 5578 3084 5652 aperis
3112 5571 3323 5645 prioris
3365 5586 3503 5642 pars

133 5634 308 5700 altera.
