3880 6378
325 406 444 476 £07

1163 412 1576 480 HERMANNI
1620 409 2062 480 CONTRACTI
2104 409 2518 480 AUGIENSIS
2561 411 2943 481 MONACHI.

3607 411 3774 478 40a

325 544 480 603 horae
509 545 829 604 terminum
861 547 1026 619 facio,
1065 550 1224 607 verbi
1257 549 1443 630 gratia
1475 565 1488 605 :
1529 548 1587 604 in
1618 547 1953 622 Capricorni
1981 549 2036 618 Α
2066 565 2128 605 se
2158 547 2304 604 alias
2335 547 2627 622 quaslibet
2674 550 3054 608 habitudines
3103 565 3382 607 mensura
3440 547 3746 623 diligenti

323 633 490 691 initio
518 635 578 692 in
613 637 728 692 fine
773 643 947 694 sextae
975 639 1127 694 horae
1159 637 1418 695 ascendit
1464 637 1547 694 sol
1601 637 1818 710 gradus
1849 637 1954 706 18;

323 727 612 796 quantum
645 741 780 798 ergo
811 725 983 798 spatii
1015 727 1073 780 in
1105 723 1658 798 sape‘dictalineaa
1688 729 1956 780 corausto

321 828 512 885 usque
541 815 615 869 ad
647 814 824 878 finem
857 813 1056 870 dicimi
1088 813 1276 869 octavi
1331 813 1550 886 gradus
1607 813 1956 881 continetur,

323 903 714 958 tamtumdem
735 902 793 957 in
819 901 971 957 linea
986 919 1100 974 qua
1122 902 1506 974 Capricornus
1519 902 1706 957 orditu
1717 918 1959 974 r,usque

325 991 398 1046 ad
429 995 600 1046 sextae
624 990 774 1046 horae
805 991 1122 1046 terminum
1154 991 1444 1046 constituo
1467 995 1524 1046 et
1555 991 1634 1045 ita
1663 990 1722 1046 in
1754 991 1958 1062 singu-

325 1077 516 1134 lorum
549 1079 732 1134 initiis
758 1079 1060 1150 signorum
1091 1083 1147 1134 et
1169 1079 1460 1133 mensium
1491 1077 1960 1151 uniuscujusque

325 1167 479 1222 horae
511 1171 731 1223 certum
763 1167 1076 1222 terminum
1115 1167 1416 1222 inveniens
1447 1167 1648 1240 puncti
1677 1169 1954 1240 designo;

325 1255 524 1326 sicque
554 1255 612 1310 in
644 1256 929 1328 cujusque
961 1255 1116 1311 horae
1148 1256 1261 1310 fine
1292 1273 1325 1310 a
1355 1257 1586 1328 punctis
1631 1257 1700 1310 ad
1743 1261 1960 1328 puncta

323 1343 590 1413 obliquas
615 1342 1961 1409 lineas,utvidelicetincrementaetdetrimenta

323 1429 548 1484 dierum
579 1429 897 1502 postulant,
931 1430 1261 1485 decedendo
1292 1431 1473 1484 totius
1502 1429 1750 1502 horlogii
1781 1430 1960 1501 hujus

325 1534 662 1574 mensuram
693 1518 1272 1582 consummabaouae
1303 1523 1368 1572 ut
1392 1517 1760 1573 manifestius
1789 1533 1962 1589 appa-

325 1611 491 1662 reant
518 1606 709 1679 ipsam
766 1605 968 1661 circuli
1023 1607 1439 1678 quadraturam
1499 1606 1556 1660 in
1591 1607 1660 1660 90
1689 1605 1960 1678 pradicto

325 1695 498 1750 modo
543 1694 811 1762 divisam,
877 1699 934 1748 et
990 1693 1525 1766 perpendicularem
1582 1692 1796 1749 lineam
1838 1693 1963 1750 vice

325 1783 607 1856 horologii
635 1783 810 1854 hujus
840 1783 1272 1856 pendentem,et
1297 1784 1367 1838 66
1395 1783 1694 1854 gradibus,
1727 1787 1792 1838 ut
1819 1781 1958 1851 dixi,

323 1871 434 1928 insi
441 1871 664 1942 gnitam
687 1871 780 1926 hic
791 1870 1179 1943 depingamus
1195 1889 1208 1937 ;
1225 1871 1324 1927 ubi
1337 1872 1664 1926 secundum
1686 1871 1954 1942 ipsorum

321 1959 512 2030 spatia
534 1963 591 2015 et
611 1975 925 2014 numerum
971 1959 1262 2030 graduum
1287 1957 1346 2012 in
1369 1959 1657 2030 superiori
1704 1957 1958 2014 formula

321 2046 727 2119 praescriptum
757 2045 1034 2103 horarum
1064 2045 1371 2103 intervalla
1399 2063 1500 2119 per
1529 2046 1761 2120 singula
1789 2047 1957 2119 signa

317 2140 374 2192 et
405 2152 634 2192 menses
665 2135 858 2192 metiri
889 2134 1210 2192 valeamus.

691 2260 796 2331 (ιια
829 2260 1010 2332 ﬁgura
1037 2260 1324 2315 exhibetur
1351 2260 1413 2314 in
1442 2259 1582 2330 cod.)

497 2396 900 2472 pendenslinea.
919 2397 940 2450 l
957 2394 1212 2452 Cathetns
1225 2397 1829 2468 siveperpendicularis.

441 2619 484 2648 υ

434 2651 485 2774 Ξ

440 2776 484 2869 ἒ

425 2872 484 2914 υ

435 2955 486 3040 ἓ

427 3075 486 3140 ΣΞ

444 3185 496 3285 ἑ

427 3290 483 3361 ἑ

440 3414 486 3476 ἓ

427 3478 483 3520 ἐ

429 3525 498 3664 Ξῖ

525 2494 1811 2605 mw;

527 2531 1826 3039 ἔ

524 2960 1617 3753 Ιθ
1731 3638 1744 3644 ,

381 3894 498 3948 Hoc
529 3893 702 3949 modo
755 3899 1156 3951 mensuratum
1199 3897 1477 3970 horologii
1507 3898 1684 3970 hujus
1727 3902 1944 3958 instru-

311 3985 596 4048 mentum,
627 3985 792 4039 verso
815 3983 886 4039 ad
920 3983 1198 4040 instantis
1221 3987 1440 4042 mensis
1461 3990 1518 4041 et
1545 3987 1700 4061 signi
1727 3987 1941 4047 lineam

307 4069 614 4137 sciothero,
649 4071 720 4126 ad
747 4071 886 4128 solis
933 4074 1162 4129 radium
1193 4076 1504 4146 suspende,
1528 4080 1584 4132 et
1613 4094 1943 4150 quamcun-

306 4172 418 4228 que
446 4156 650 4214 horam
683 4161 993 4217 summitas
1025 4163 1384 4234 gnomonicas
1412 4164 1667 4237 tetigerit
1699 4168 1936 4237 umbrae,

305 4244 495 4318 ipsam
528 4263 640 4301 non
673 4247 904 4304 dubites
935 4251 1160 4306 adesse.

371 4331 578 4390 In'hoc
615 4335 792 4392 etiam
821 4335 1116 4411 horologia
1165 4339 1215 4395 si
1246 4341 1550 4398 duodecim
1606 4346 1938 4415 prastaxatis

302 4421 603 4494 signorum
636 4430 694 4480 et
714 4425 1002 4482 mensium
1036 4427 1354 4486 intrevallis
1385 4432 1619 4487 tertium
1643 4433 1938 4492 decimum

299 4511 442 4568 velis
499 4514 768 4584 adjicere,
822 4515 1134 4588 ipsumque
1195 4534 1490 4586 mensura,
1553 4538 1670 4593 qua
1717 4522 1932 4592 dicam,

2069 636 2338 708 notisque
2367 635 2698 708 discernito,
2729 643 2796 694 ut
2825 655 2991 695 verso
3046 639 3114 695 ad
3148 637 3280 711 ipsa
3307 637 3746 696 dimensiones

2067 724 2775 798 sciothero,umbramque
2789 725 3017 782 lucente
3029 725 3153 782 Iole
3169 727 3229 782 in
3241 727 3372 800 ipsa
3382 727 3746 797 emittente,

2067 829 2242 884 quam
2273 815 2710 884 proportionem
2757 814 2883 888 ipse
2913 818 2970 870 et
2998 816 3210 870 umbra
3267 817 3401 888 ejus
3456 815 3744 874 invicem

2065 899 2320 956 habeant
2350 901 2546 957 statim
2576 903 2764 975 possit
2793 917 3090 975 apparere.
3123 904 3268 960 Nam
3292 903 3342 960 si
3373 905 3446 960 ad
3486 911 3748 963 sextam

2065 987 2339 1045 sciotheri
2372 993 2597 1060 partem
2631 991 2840 1046 umbra
2868 990 3058 1062 ipsius
3079 991 3747 1065 pervenerit,planities

2065 1077 2398 1132 inumbrata
2427 1078 2496 1133 ad
2529 1077 3026 1152 alitudinem,quae
3047 1081 3318 1136 umbram
3333 1083 3750 1154 jacit,sexcu-

2066 1165 2162 1238 pia
2189 1166 2321 1223 erit.
2342 1167 2401 1222 Si
2431 1167 2500 1222 ad
2541 1171 2811 1238 quartam
2844 1169 3212 1241 quadrupla;
3247 1167 3296 1226 si
3327 1170 3400 1226 ad
3451 1171 3746 1240 tertiam,

2067 1252 2238 1325 tripla
2265 1272 2277 1322 ;
2311 1255 2398 1309 sid
2429 1255 2500 1310 ad
2523 1255 2852 1323 dimidiam,
2887 1256 3066 1328 dupla
3088 1258 3137 1313 si
3163 1257 3234 1314 ad
3258 1261 3438 1314 totam
3462 1258 3754 1333 longitu-

2069 1341 2266 1398 dinem
2315 1341 2589 1398 sciotheri
2620 1344 2942 1416 pertigerit,
2973 1345 3216 1416 aequalis
3247 1347 3378 1404 erit.
3411 1347 3469 1404 Si
3503 1349 3581 1404 ad
3625 1347 3750 1406 du—

2069 1429 2248 1500 plam,
2283 1429 2499 1502 dupla;
2530 1429 2580 1486 si
2611 1433 2683 1488 ad
2713 1431 2950 1504 triplam
2982 1434 3294 1508 subtripla,
3325 1440 3384 1492 et
3410 1436 3494 1492 ita
3523 1437 3590 1492 in
3618 1454 3746 1494 ce-

2067 1516 2230 1572 teris.

2715 1607 2948 1663 CAPUT
2985 1609 3053 1664 ΙΙ.

2280 1698 2360 1750 De
2383 1694 2763 1765 magnitudine
2787 1697 3024 1752 ambitus
3061 1698 3309 1754 universi
3337 1699 3506 1755 orbis.

2085 1832 2090 1840 .
2138 1783 2411 1848 Quamvis
2436 1783 2726 1839 Ambrosii
2749 1783 3058 1840 Theodosii
3077 1787 3426 1844 auctoritate
3444 1787 3740 1847 universi

2069 1870 2228 1926 orbis
2243 1871 2500 1927 ambitus
2521 1871 2796 1926 notabilis
2817 1872 3121 1941 habeatur,
3136 1873 3277 1946 quia
3296 1875 3488 1932 abillo
3511 1881 3760 1934 aucto-'

2064 1957 2253 2014 ritatis
2273 1960 2420 2016 ratio
2445 1959 2616 2031 quasi
2649 1961 3044 2032 praetermissa
3069 1965 3178 2029 est,
3199 1961 3532 2021 volentibus
3565 1966 3742 2023 scire

2072 2050 2448 2118 proponatur.
2483 2049 2642 2112 Quod
2674 2048 2830 2105 enim
2858 2065 2892 2105 a
2914 2049 3209 2106 modernis
3229 2049 3608 2125 impossibile
3630 2054 3742 2126 ju-

2067 2134 2312 2202 dicatur,
2343 2131 2400 2192 id
2431 2153 2466 2192 a
2499 2137 2815 2206 veteribus,
2847 2137 3134 2210 sapientia
3163 2139 3332 2209 duce,
3361 2139 3739 2200 facillimum

2067 2223 2475 2294 afﬁrmatur,et
2503 2225 2655 2298 quad
2687 2226 2942 2298 corporis
2997 2227 3272 2284 sensibus
3297 2227 3570 2303 indagari
3604 2247 3739 2289 non

2065 2328 2236 2384 posse
2264 2313 2577 2384 videtur,id
2603 2313 2845 2371 rationis
2857 2315 3125 2372 acumine
3143 2314 3274 2374 luce
3292 2315 3511 2375 clarius
3541 2319 3740 2377 inda-

2063 2405 2266 2473 gatum
2295 2401 2563 2458 habetur.

2132 2489 2378 2562 Sumpto
2403 2490 2726 2564 horoscopo
2748 2492 2857 2548 sub
2889 2491 3136 2549 stallatte
3170 2493 3360 2551 noctis
3406 2494 3734 2555 clarudine

2061 2577 2438 2650 inspectoque
2469 2579 2599 2651 polo
2630 2596 2765 2636 cum
2788 2584 3038 2653 utroque
3058 2581 3378 2639 mediclinii
3400 2585 3731 2655 foramine,

2061 2670 2372 2740 notataque
2403 2669 2582 2740 gradu
2593 2669 2779 2736 um,in
2796 2686 2914 2742 qua
2929 2670 3090 2726 stetit
3109 2671 3410 2728 mediclini
3423 2675 3728 2740 um,mul-

2058 2753 2330 2824 titudine,
2360 2755 2655 2828 profectus
2683 2761 2773 2814 est
2819 2763 3208 2816 cosmometra
3260 2777 3364 2832 per
3410 2765 3724 2820 rectamli-

2060 2859 2232 2898 neam
2263 2849 2466 2900 contra
2497 2844 2964 2918 Septentrionem
3015 2863 3050 2904 a
3107 2846 3350 2906 Meridie
3403 2855 3528 2908 tam
3587 2852 3726 2922 diu,

2057 2932 2242 2987 donec
2268 2931 2328 2987 in
2359 2932 2602 2990 alterius
2630 2935 2817 2991 noctis
2865 2935 3126 2994 claritate
3151 2936 3302 3006 viso,
3360 2939 3464 2994 ubi
3519 2941 3722 3012 prius,

2058 3019 2189 3092 polo
2211 3037 2344 3076 cum
2375 3025 2624 3094 utroque
2657 3022 2973 3080 mediclinii
2999 3013 3286 3083 foramine
3307 3027 3474 3083 stetit
3506 3028 3723 3102 ipsum

2057 3107 2456 3165 mediclinium
2489 3110 2663 3167 altius
2692 3110 2866 3168 unius
2883 3113 3100 3185 gradus
3121 3117 3726 3178 numerositate.Post

2059 3197 2198 3266 haec,
2227 3198 2446 3254 ratione
2468 3199 2994 3268 dictante,mensus
3024 3205 3114 3257 est
3125 3201 3308 3275 hujus
3327 3203 3560 3262 itineris
3581 3225 3724 3280 spa-

1978 3263 2020 3328 C
2059 3263 2228 3351 tium,
2262 3292 2319 3342 et
2341 3291 2538 3343 notata
2569 3263 2746 3361 hujus
2768 3289 3094 3362 quantitate
3123 3263 3232 3346 7οδ
3260 3293 3453 3350 stadia
3482 3263 3720 3352 sive}!

2057 3373 2332 3430 milliaria
2385 3376 2714 3433 affirmavit.
2749 3377 2967 3434 Deinde
3024 3379 3178 3436 datis
3234 3381 3562 3456 unicuique
3599 3385 3719 3442 360

2057 3462 2418 3536 astrolapsus
2447 3466 2851 3538 graduum,tot
2866 3467 3074 3524 stadiis
3087 3467 3207 3525 sive
3227 3469 3590 3532 milliaribus
3610 3474 3716 3534 in-

2053 3555 2262 3608 ventus
2286 3559 2375 3608 est
2393 3553 2653 3610 ambitus
2681 3556 2895 3614 terreni
2926 3555 3283 3626 orbis.Nam,
3307 3559 3714 3634 multiplicato

2056 3655 2160 3712 per
2186 3640 2330 3696 alios
2361 3642 2578 3713 gradus
2607 3643 2784 3700 unius
2806 3644 3310 3717 spatio,quantum
3341 3664 3412 3704 ex
3431 3647 3546 3706 hac
3577 3668 3718 3724 pro-

2053 3729 2275 3784 venerit
2295 3729 2798 3803 multiplicatione,
2827 3736 3078 3803 tantum,
3111 3734 3396 3792 contineri
3416 3739 3714 3810 probatur
3777 3743 3782 3746 ’

2053 3815 2236 3873 totius
2266 3819 2470 3875 mundi
2493 3818 2844 3878 circuitione.

2689 3909 2924 3966 CAPUT
2957 3910 3054 3966 III.

2328 3997 2694 4052 Eratosthenis
2724 3997 2791 4053 de
2818 3997 3004 4054 eadem
3032 4015 3094 4054 re
3119 4003 3414 4057 sententia.

2121 4083 2528 4140 Eratosthenes
2560 4084 2946 4158 philosophus
2988 4093 3403 4162 geometraque
3435 4095 3704 4167 sagacis-

2050 4169 2238 4226 simus
2268 4172 2449 4228 totius
2479 4173 2638 4229 orbis
2659 4177 2820 4230 terrae
2849 4174 3160 4232 circuitum
3182 4193 3286 4250 per
3306 4180 3704 4242 mutationem

2049 4258 2344 4331 gnominis
2373 4261 2716 4318 umbrarum
2746 4263 2804 4318 in
2833 4265 2987 4319 terra
3015 4266 3342 4323 secundum
3371 4267 3571 4340 partes
3600 4289 3704 4332 ao-

2046 4347 2200 4402 diaei
2223 4347 2520 4419 ingeniose
2557 4351 2986 4422 deprehensum
3009 4351 3193 4410 CCLII
3215 4355 3428 4425 stadia,
3455 4358 3515 4414 id
3551 4365 3646 4418 est
3680 4379 3696 4420 :

2046 4435 2264 4491 XXXID
2297 4435 2570 4492 milliaria
2599 4439 2898 4496 continere
2945 4441 3180 4510 difﬂuit,
3215 4434 3536 4518 unicuique
3584 4451 3701 4508 356

2047 4524 2260 4596 partim
2296 4525 2356 4580 in
2391 4525 2623 4582 zodiaco
2667 4530 2772 4582 700
2799 4527 2988 4584 stadia
3015 4528 3074 4584 id
3105 4535 3195 4586 est
3223 4533 3294 4586 e7
3319 4533 3606 4595 milliaria
3636 4544 3701 4597 et

297 4599 679 4673 distinguere,
738 4603 1051 4673 cujuslibet
1106 4607 1279 4662 erecti
1333 4609 1590 4680 corporis
1647 4610 1705 4666 in
1763 4611 1936 4684 plano
1969 4626 2015 4691 ι)
2045 4611 2348 4668 semissem
2381 4613 2690 4685 deputans.
2725 4617 2792 4672 Et
2819 4615 2912 4673 his
2954 4619 3126 4688 juxta
3155 4619 3421 4693 regulam
3477 4609 3696 4684 circuli

295 4689 507 4744 stantis
538 4690 910 4747 altitudinem
942 4710 1043 4765 per
1070 4695 1341 4750 umbram
1403 4695 1590 4768 ipsius
1639 4698 1804 4756 facile
1833 4717 1934 4772 po-

295 4776 432 4832 teris
488 4778 854 4853 investigare.
889 4782 1033 4838 Cum
1084 4783 1238 4839 enim
1280 4785 1537 4856 cujusvis
1594 4787 1652 4840 in
1693 4787 1933 4860 planitie

294 4865 466 4921 erecti
527 4868 782 4940 corporis
841 4870 1052 4926 umbra
1101 4872 1458 4946 triangulum
1516 4871 1926 4949 orthogonium

290 4951 546 5026 efﬁngat,
581 4973 835 5030 cumque
889 4957 1269 5016 nihilominus
1301 4961 1358 5016 in
1391 4961 1499 5020 hoc
1531 4963 1926 5021 instrumento

290 5040 646 5114 triangulam
680 5045 950 5100 umbram
984 5046 1310 5104 sciotherus
1341 5049 1411 5105 ad
1455 5051 1724 5108 umbram
1775 5069 1810 5109 a
1865 5071 1928 5110 se

291 5127 506 5184 factam
539 5129 826 5201 habuerit,
857 5133 1122 5188 eamdem
1184 5135 1310 5190 sine
1357 5135 1536 5193 dubio
1592 5141 1926 5198 inumbrata

247 5223 252 5229 '
289 5214 564 5286 planities
621 5218 902 5274 obtinebit
932 5222 1002 5276 ad
1033 5239 1245 5294 corpus
1275 5225 1576 5295 quodlibet
1607 5230 1759 5300 quod
1795 5248 1924 5286 um-

291 5302 462 5356 bram
509 5302 678 5371 jacit.
743 5307 870 5361 Ideo
929 5307 986 5362 in
1047 5309 1214 5364 tertio
1270 5311 1518 5380 decimo,
1575 5317 1729 5385 quod
1785 5317 1922 5388 dixi,

289 5389 592 5444 intervallo
643 5396 830 5449 certos
861 5395 1134 5451 sciotheri
1170 5403 1382 5468 partes,
1440 5404 1638 5470 utpote
1683 5405 1717 5456 8
1745 5406 1779 5456 7
1806 5407 1841 5458 6
1891 5408 1927 5462 5

289 5480 317 5528 4
349 5476 404 5541 3,
462 5476 767 5536 dimidiam
801 5481 1040 5548 bissem,
1082 5485 1208 5550 ejus
1268 5485 1631 5554 dodrantem,
1685 5491 1926 5548 dextan-

284 5566 531 5651 temque
549 5569 726 5623 totam
761 5571 892 5639 ejus
920 5569 1431 5641 longitudinem,et
1461 5578 1926 5651 quamvissuper

289 5648 696 5726 particularem
711 5657 900 5734 ipsius
915 5657 1417 5734 dupl‘um,quoque
1431 5663 1728 5736 octuplum
1742 5648 1924 5738 ipsius

2045 4704 2101 4754 et
2125 4700 2450 4757 diametrici
2483 4703 2933 4761 crassitudinem
2967 4723 3070 4762 seu
3131 4707 3488 4767 diametrum
3521 4715 3697 4772 terra:

2041 4787 2125 4844 sic
2156 4789 2645 4862 comprehendere
2674 4793 2891 4864 poteris
2921 4794 3071 4866 (Vide
3099 4813 3226 4868 cap.
3269 4798 3340 4852 93
3392 4798 3696 4865 Geometr.

2041 4875 2542 4950 Gerberti).Aufer
2561 4879 2899 4938 vicesimam
2951 4883 3274 4940 secundam
3313 4885 3386 4942 de
3433 4888 3696 4956 circuitu

2036 4968 2186 5034 teras,
2223 4964 2278 5020 id
2303 4970 2390 5022 est
2418 4967 2489 5022 de
2515 4969 2691 5026 com
2737 4969 2942 5026 stadiis
2975 4971 3110 5028 tolle
3133 4973 3255 5030 XXI
3287 4975 3581 5034 cccc:le
3632 4969 3694 5040 et

2036 5053 2348 5113 semissem
2392 5063 2450 5115 et
2481 5055 2731 5114 XXllzlm
2755 5063 2979 5131 partem
3002 5061 3182 5126 unius
3203 5063 3702 5134 stadii,remanen

2033 5141 2432 5200 CCXLDXLIV
2485 5162 2619 5202 cum
2650 5147 2930 5217 semisse;
2959 5152 3017 5205 et
3061 5151 3184 5208 XXI
3207 5152 3472 5223 partibus
3505 5157 3693 5218 unius

2033 5231 2226 5286 stadii.
2261 5231 2478 5289 Horum
2530 5235 2705 5290 tertia
2743 5253 2899 5309 pars,
2932 5238 2988 5293 id
3021 5243 3112 5294 est
3166 5239 3406 5298 LXXXC
3454 5241 3688 5306 LXXXI

2034 5321 2096 5408 S;
2124 5324 2182 5375 et
2211 5335 2312 5376 sex
2340 5321 2664 5394 vigessimaa
2691 5325 2817 5380 duae
2848 5327 3024 5383 unius
3073 5328 3246 5384 stadii
3277 5331 3493 5386 terreni
3519 5335 3714 5408 orbis.

2033 5391 2382 5466 diametrum
2396 5391 2496 5466 seu
2521 5412 2824 5484 spissitudi
2835 5431 2963 5471 nem
2979 5417 3146 5488 juxta
3158 5415 3311 5490 praed
3319 5418 3496 5492 ictam
3511 5391 3693 5489 terrm

2033 5497 2432 5555 circuitionem
2459 5499 2752 5558 dubietate
2783 5505 3110 5577 postposita
3141 5507 3483 5564 continebit.
3513 5510 3716 5575 Quod'

2033 5583 2256 5656 liquido
2287 5587 2430 5643 satis
2467 5592 2634 5645 caute
2663 5594 3009 5665 supputanti
3039 5598 3217 5666 patet,
3252 5597 3527 5667 quamvis
3557 5599 3700 5668 Ma:

2033 5674 2266 5732 crobius
2296 5692 2472 5750 super
2497 5677 2805 5738 Somnium
2837 5682 3127 5756 Scipionis
3147 5684 3304 5742 idem
3318 5683 3685 5751 diametrum
