3866 6342
29 451 150 516 409

1157 445 1260 507 DE
1302 439 1854 509 UTILITATIBUS
1897 437 2396 504 ASTROLABII.

3352 425 3477 499 410

31 583 220 643 LXXX
251 582 600 640 stadiorum
641 583 872 638 tantum
901 579 988 636 vel
1022 596 1134 636 non
1169 578 1351 634 multo
1385 578 1518 650 plus
1551 578 1704 633 dicat
1733 586 1788 647 Α
1817 579 1912 631 tur
1931 573 2432 629 Almucantarath.
2463 573 2799 630 Secundum
2833 572 2984 628 hanc
3024 571 3478 644 descriptionem

36 675 278 732 habere.

701 759 934 815 CAPUT
966 759 1058 814 IV.

611 849 762 904 Idem
791 850 920 903 aliis
948 849 1144 904 verbis.

109 940 393 996 Ambitus
455 937 670 994 terreni
739 936 898 992 orbis
947 937 1127 992 CCLII
1197 935 1519 991 stadiorum
1601 936 1720 991 sive

46 1029 262 1086 XXXID
297 1027 547 1083 milliar.
602 1041 732 1082 esse
781 1025 1160 1081 Eratosthene
1206 1024 1552 1097 philosopho
1586 1041 1716 1096 pro-

50 1121 217 1175 batur
241 1120 513 1172 auctore.
547 1114 728 1184 Cujus
765 1113 1105 1168 vicesimam
1155 1116 1423 1184 quartam
1469 1117 1718 1183 partem,

51 1208 103 1262 id
135 1209 224 1261 est
252 1205 302 1261 X
332 1203 535 1259 stadia
565 1202 684 1258 sive
715 1201 874 1256 mille
904 1201 1030 1257 CCC
1072 1201 1167 1256 XII
1213 1200 1437 1256 scilicet
1481 1199 1715 1255 milliar.

52 1294 142 1352 Sol
173 1310 292 1348 una
320 1290 686 1347 transcurrit
713 1290 876 1346 hora.
909 1289 1070 1345 Horae
1088 1294 1285 1345 autem
1308 1293 1470 1361 parte
1494 1289 1722 1344 decima

54 1382 272 1456 quinta,
301 1381 417 1436 hoc
448 1383 542 1435 est
572 1379 751 1434 unius
780 1395 849 1434 ex
880 1379 985 1433 360
1006 1378 1287 1449 gradibus
1333 1394 1581 1432 ascensu
1632 1375 1719 1431 vel

54 1473 338 1528 descensu
370 1467 565 1524 solem
589 1469 698 1522 700
726 1467 915 1522 sladia
943 1466 1062 1522 sive
1091 1467 1180 1531 87,
1213 1467 1272 1522 S.
1317 1465 1503 1521 millia
1523 1471 1716 1520 trans-

58 1573 284 1612 currere
315 1555 590 1627 praedicti
621 1559 784 1610 terra:
817 1555 1075 1609 ambitus
1107 1571 1209 1626 per
1237 1556 1342 1609 360
1371 1554 1612 1609 clarebit
1634 1552 1721 1608 di-

59 1645 296 1700 visione.
328 1643 702 1698 Diametrum
735 1646 929 1698 autem
957 1647 1122 1697 terrae
1146 1644 1316 1713 juxta
1356 1642 1555 1698 circuli
1582 1659 1726 1714 geo-

63 1732 417 1788 metricalem
452 1730 721 1803 regulam
767 1731 826 1785 in
852 1731 1039 1786 LXXX
1086 1731 1360 1787 CLXXXI.
1392 1732 1450 1786 S.
1491 1731 1719 1798 stadiis,

66 1837 158 1877 seu
200 1819 271 1876 IX
322 1818 476 1874 XXII
530 1818 842 1885 milliariis,
880 1819 997 1875 CXI
1043 1819 1222 1875 sextis
1257 1820 1499 1876 decimis
1546 1819 1723 1874 unius

71 1909 317 1964 milliarii
349 1906 556 1980 colligi
588 1908 887 1979 probatur,
911 1908 1181 1980 quamvis
1211 1907 1542 1963 Macrobius
1567 1905 1722 1963 idem

70 1997 419 2054 diametrum
455 1995 646 2052 LXXX
677 1996 904 2063 stadiis,
934 1995 1022 2051 vel
1053 2013 1168 2052 non
1201 1995 1386 2051 multo
1426 1997 1559 2068 plus
1595 2012 1724 2052 esse

80 2087 340 2143 fateatur.
961 2084 974 2090 ’

736 2173 970 2230 CAPUT
1000 2174 1067 2228 V.

81 2263 144 2319 De
168 2263 560 2319 distributione
597 2261 925 2347 quadrante}:
971 2264 1053 2344 ita
1079 2269 1140 2317 ut
1183 2265 1356 2318 certas
1403 2262 1518 2318 diei
1565 2263 1727 2318 horas

658 2349 834 2405 posse;
863 2349 1130 2388 mvemre.

146 2439 352 2498 Circuli
411 2440 708 2512 quadram
740 2440 801 2496 in
847 2441 920 2495 90
964 2456 1065 2513 per
1120 2439 1592 2512 quinquepertita
1639 2439 1728 2496 in-

84 2529 305 2586 tervalla
330 2529 391 2585 in
443 2528 793 2585 summitate
821 2528 1031 2584 divide.
1073 2529 1217 2584 Hinc
1274 2545 1592 2596 cursorem,
1627 2530 1728 2601 qui

86 2618 222 2674 infra
243 2619 515 2686 volvitur,
546 2618 630 2673 sio
661 2617 882 2674 metire.
913 2618 1093 2675 Verso
1123 2619 1193 2674 ad
1227 2623 1282 2674 te
1314 2635 1506 2689 quam
1530 2623 1729 2675 centro

86 2707 138 2762 in
165 2708 403 2764 sinistra
447 2711 620 2780 parte
674 2707 956 2763 subtrahe
1010 2709 1076 2762 24
1110 2708 1180 2763 de
1229 2709 1373 2778 ipsis
1421 2709 1509 2774 90,
1544 2714 1599 2762 et
1629 2725 1733 2780 per

89 2812 366 2853 cursorem
396 2795 654 2852 ﬁrmiter
708 2795 766 2851 in
817 2813 925 2852 sua
980 2797 1332 2852 concavitate
1397 2803 1729 2853 manentem

93 2884 271 2957 regula
288 2890 572 2941 manente
601 2883 660 2938 in
685 2889 882 2939 centro
915 2885 1104 2956 posita
1145 2890 1202 2940 et
1249 2887 1308 2940 in
1357 2887 1542 2957 gradu
1586 2886 1729 2941 vice-

94 2971 222 3030 simo
249 2978 457 3046 quarto
488 2973 711 3028 lineam
734 2973 916 3029 trahe.
950 2975 1013 3028 In
1059 2975 1262 3029 dextra
1301 2991 1434 3029 vero
1468 2979 1630 3046 parte
1659 2975 1732 3032 de

96 3060 220 3131 ipsis
245 3064 316 3117 90
343 3063 414 3119 I9
461 3062 773 3128 subtrahe,
822 3067 880 3118 et
910 3062 1109 3135 regula
1143 3067 1414 3119 manente
1441 3063 1500 3118 in
1534 3069 1731 3120 centro

97 3154 144 3206 et
168 3150 222 3206 in
251 3151 475 3208 decimo
496 3167 658 3208 nono
681 3151 885 3223 gradu,
920 3151 1033 3206 duc
1063 3151 1274 3207 lineam
1311 3168 1411 3222 per
1433 3168 1731 3209 cursorem

97 3241 143 3292 et
167 3239 430 3313 utrinque
462 3255 600 3296 eam
634 3239 889 3306 abscide,
921 3245 978 3294 et
999 3239 1120 3295 haec
1151 3245 1239 3294 est
1270 3240 1569 3311 longitudo
1600 3258 1729 3297 cur-

99 3340 246 3382 801⁵18.
1105 3343 1108 3348 ’

157 3423 361 3483 Deinde
390 3425 683 3482 circulum
707 3423 860 3482 infra
885 3426 1168 3482 circulum
1201 3427 1524 3482 secundum
1555 3427 1732 3499 placi-

100 3515 228 3580 tum,
257 3515 404 3570 inter
433 3531 616 3588 quem
643 3515 758 3570 duo
790 3514 886 3570 alii
917 3515 1230 3581 ducantur,
1263 3513 1321 3569 in
1341 3515 1557 3586 quibus
1578 3533 1680 3587 per
1699 3518 1734 3570 6

104 3599 281 3658 divisis
309 3603 621 3661 duodecim
654 3602 807 3658 hora:
839 3608 1133 3669 notentur,
1152 3607 1209 3658 et
1230 3609 1380 3658 recte
1402 3620 1505 3676 per
1523 3604 1731 3660 dister-

20 3731 21 3736 η
105 3687 304 3746 minum
333 3691 488 3748 hora;
515 3692 554 3748 3
596 3693 650 3746 et
678 3693 732 3758 4,
766 3695 823 3747 et
864 3692 951 3758 40,
986 3697 1042 3747 et
1074 3694 1163 3759 11,
1195 3692 1398 3764 regula
1428 3693 1485 3746 in
1536 3697 1731 3750 centro

107 3783 370 3851 manente,
399 3785 459 3836 et
476 3779 581 3853 qui
603 3779 662 3834 in
686 3781 1134 3853 quadragesimo
1169 3780 1373 3852 quinto
1403 3781 1587 3852 gradu
1618 3782 1730 3836 du-

108 3870 247 3921 catur
263 3867 430 3937 linea,
451 3886 583 3941 quae
603 3869 819 3925 dicitur
839 3868 1280 3939 aequinoctialis.
1304 3870 1464 3924 Tunc
1503 3869 1561 3924 in
1603 3869 1733 3941 ipsa

110 3955 460 4024 aequinoctiali
489 3959 649 4014 linea
677 3974 881 4014 cursor
908 3957 967 4013 in
997 3960 1032 4013 5
1053 3957 1422 4014 dividaturin
1455 3963 1616 4031 parte
1647 3959 1733 4014 si--

111 4041 302 4113 nistra;
332 4063 585 4119 quarum
615 4048 649 4101 3
678 4064 806 4120 qua
851 4047 1124 4119 proxima:
1151 4052 1289 4104 sunt
1339 4047 1730 4119 aequinoctiali

112 4125 270 4201 linem,
296 4133 354 4191 in
394 4139 425 4192 4
454 4136 755 4192 dividatur
781 4153 1170 4208 unaquaeque,
1194 4141 1252 4192 et
1289 4137 1346 4192 in
1375 4138 1410 4190 9
1433 4137 1558 4191 dua
1592 4136 1730 4191 reli-

116 4231 237 4278 (ωε.
281 4222 559 4281 Similiter
601 4223 935 4281 laciendum
979 4224 1155 4280 estin
1187 4225 1421 4280 dextera
1459 4230 1641 4298 parte,
1675 4229 1730 4280 et

117 4310 353 4368 notentur
380 4313 480 4370 illa
509 4313 780 4385 spatiola.

173 4395 439 4457 Mensium
467 4419 606 4459 vero
642 4402 917 4458 discretio
940 4401 1023 4458 sic
1057 4403 1190 4457 fiat:
1223 4403 1280 4457 in
1311 4407 1472 4474 parte
1495 4404 1728 4458 dextera

118 4479 312 4543 duobus
349 4489 566 4546 relictis
615 4490 883 4562 spatiolis
913 4490 1189 4546 Januario
1219 4493 1272 4556 6,
1329 4491 1640 4546 Februario
1671 4493 1723 4560 5,

117 4569 287 4629 Martio
312 4578 363 4644 6,
413 4579 596 4651 Aprili
624 4581 680 4650 6,
740 4579 891 4635 Maio
919 4581 954 4636 6
1009 4580 1438 4648 concedantur;
1492 4580 1665 4635 Junio
1696 4583 1727 4636 4

119 4663 227 4753 ante
245 4663 575 4735 solstitium,
609 4675 662 4724 et
686 4668 795 4724 hoc
816 4667 875 4723 in
922 4667 1206 4740 superiori
1256 4667 1492 4724 circulo.
1544 4670 1609 4723 In
1633 4669 1726 4724 in-
1760 4687 1807 4753 Ι)

120 4742 283 4804 Ieriori
308 4769 435 4810 vero
474 4755 695 4813 circulo
743 4757 870 4812 duae
903 4761 1036 4829 post
1078 4755 1393 4812 solstitium
1437 4757 1734 4830 particula:

121 4830 300 4918 dentur
321 4841 532 4912 Junio;
568 4845 724 4902 Julio
756 4846 1034 4916 autem_6.
1083 4847 1348 4918 Augusto
1377 4847 1412 4900 6
1457 4846 1725 4918 Septem-

123 4917 195 4975 bri
214 4925 262 4991 6,
291 4929 513 4989 Octobri
543 4937 598 5006 6,
629 4933 940 4990 Novembri
969 4935 1024 5002 6,
1057 4917 1358 4991 Decembri
1390 4936 1423 4990 4
1455 4917 1591 4992 ante
1619 4935 1728 4991 sol-

127 5009 338 5086 stitium,
365 5025 420 5076 et
440 5021 549 5079 hoc
579 5027 670 5080 est
699 5023 758 5079 in
789 5022 1047 5079 inferiori
1079 5023 1315 5080 circulo.
1359 5023 1493 5080 Post
1531 5023 1729 5080 solsti-

129 5094 248 5185 tium
274 5110 456 5166 autem
477 5111 536 5168 in
559 5111 860 5185 superiore
889 5112 1184 5168 mensium
1205 5110 1422 5168 circulo
1449 5112 1576 5168 duae
1599 5129 1729 5184 par-

131 5183 305 5261 ticula,
339 5212 461 5269 quis
491 5183 732 5266 restant,
775 5201 1080 5257 Decembri
1124 5201 1477 5257 tribuantur.
1510 5183 1730 5256 Dehinc

134 5278 314 5362 1“Mm,
332 5289 391 5341 ut
421 5304 598 5362 supra
625 5289 765 5357 dixi,
788 5288 1068 5345 Januario
1091 5306 1207 5346 sex.
1228 5291 1392 5346 Tunc
1414 5289 1544 5362 polo
1564 5305 1728 5346 verso

135 5360 191 5457 ιςὶ
287 5371 353 5426 ab
380 5360 510 5447 ipso
549 5377 683 5451 polo
712 5394 902 5450 usque
932 5378 1004 5433 ad
1036 5377 1312 5433 ultimum
1352 5360 1634 5434 circulum
1668 5379 1728 5434 in

138 5451 331 5514 sinistra
349 5469 505 5532 parte
532 5467 800 5523 ultimam
828 5466 1041 5522 lineam
1064 5467 1122 5522 in
1155 5468 1225 5521 30
1255 5466 1464 5522 divide.

194 5538 379 5635 Ilehinc
421 5553 706 5612 circulum
759 5556 1034 5612 intimum
1092 5557 1162 5611 de
1225 5559 1388 5628 parte
1435 5556 1731 5612 dexteraa

141 5635 293 5726 libata
317 5636 496 5699 divide
527 5660 712 5718 usque
743 5645 814 5701 ad
849 5642 1121 5700 ultimum
1150 5644 1304 5700 horae
1326 5649 1497 5701 sextae
1521 5661 1622 5717 per
1637 5645 1728 5709 30,

142 5715 188 5766 et
201 5716 269 5775 sic
295 5739 325 5780 a
349 5737 555 5800 puncto
585 5715 646 5790 in
669 5736 952 5805 punctum
978 5732 1090 5788 duc
1121 5731 1327 5802 lineas,
1357 5749 1483 5804 quae
1520 5715 1728 5790 dicun-

1827 665 2052 736 quadra
2091 663 2364 734 superius
2394 663 2768 736 depingatur.
2801 664 2904 732 (Ita
2935 662 3172 733 ﬁguram
3200 659 3367 716 codex
3385 674 3480 715 ea:-

1809 753 2019 821 'hibet.)

1910 2337 2259 2392 Inventurus
2286 2336 2491 2392 horam
2515 2353 2648 2392 cum
2671 2337 2914 2408 quadra,
2939 2354 3067 2408 quae
3093 2343 3183 2394 est
3203 2354 3336 2394 cum
3357 2354 3488 2394 cur-

1837 2441 1985 2494 sore,
2010 2425 2473 2497 aequinoctialem
2522 2425 2733 2480 lineam
2768 2427 3023 2481 cursoris
3049 2443 3176 2498 quas
3209 2427 3489 2485 Martium

1835 2515 2352 2586 Septembremque
2384 2513 2775 2577 discriminat,
2800 2514 2912 2568 duc
2945 2530 3122 2586 super
3147 2531 3486 2584 numerum,

1838 2601 1938 2674 qui
1969 2601 2028 2656 in
2060 2603 2340 2674 gradibus
2371 2603 2429 2656 in
2465 2603 2716 2658 umbone
2759 2603 2913 2658 notis
2954 2601 3324 2662 altitudinem
3364 2605 3493 2674 ejus

1837 2689 2113 2755 climatis,
2147 2691 2205 2744 in
2247 2707 2360 2762 quo
2395 2694 2502 2759 est,
2550 2694 2922 2761 praesentant,
2967 2696 3194 2762 utputa,
3229 2691 3278 2747 si
3320 2693 3400 2748 sis
3433 2693 3492 2747 in

1839 2782 2056 2846 nostro,
2081 2777 2138 2832 id
2170 2783 2257 2833 est
2280 2779 2339 2832 in
2370 2778 2617 2850 septimo
2648 2778 2904 2847 climate,
2956 2795 3104 2850 pone
3154 2780 3492 2850 praedictam

1839 2866 2052 2922 lineam
2086 2883 2262 2936 super
2289 2867 2378 2932 48,
2413 2867 2484 2922 ab
2522 2867 2638 2922 imo
2679 2884 2886 2922 sursus
2932 2865 3220 2938 incipiens
3251 2885 3493 2940 compu-

1838 2959 1980 3012 tare.
2015 2961 2220 3010 Locato
2251 2954 2335 3010 sic
2366 2971 2602 3011 cursore
2641 2957 2754 3011 duc
2793 2956 3274 3027 perpendiculum
3320 2973 3498 3029 super

1842 3049 2188 3116 praesentem
2247 3043 2422 3110 diem,
2455 3045 2512 3099 in
2545 3061 2663 3115 qua
2719 3044 2924 3100 horam
2981 3044 3253 3115 inquiris,
3286 3052 3342 3100 et
3371 3046 3500 3106 vide

1841 3149 2018 3204 quam
2050 3133 2262 3188 lineam
2292 3141 2359 3188 ex
2396 3132 2884 3189 Almucantarath
2927 3150 2961 3188 a
2990 3133 3228 3190 sinistro
3265 3151 3497 3192 versum

1841 3237 2140 3278 cursorem
2184 3221 2432 3277 inferius
2464 3227 2682 3295 tangat.
2717 3225 2841 3288 Qua
2873 3226 3090 3293 notata,
3123 3223 3236 3278 duc
3252 3240 3500 3296 perpen-

1761 3319 1803 3384 ί]
1842 3309 2100 3365 diculum
2148 3310 2219 3366 ad
2253 3314 2429 3382 caput
2480 3310 2744 3380 ejusdem
2795 3309 2959 3365 linea
2991 3327 3059 3365 ex
3109 3309 3290 3366 altera
3337 3317 3499 3382 parte

1841 3413 2046 3454 versus
2077 3397 2331 3470 pinulas,
2364 3405 2418 3452 et
2447 3398 2545 3452 ubi
2591 3414 2720 3452 eam
2750 3398 2937 3469 tangit
2985 3398 3494 3469 perpendiculum,

1839 3489 1901 3540 tu
1930 3485 1990 3541 in
2021 3503 2150 3540 cera
2181 3485 2576 3558 perpendiculi
2605 3486 2694 3540 fac
2726 3489 3031 3558 punctum,
3058 3485 3144 3541 vel
3180 3489 3494 3559 perpendi-

1841 3574 2058 3637 culum,
2094 3579 2160 3629 ut
2185 3574 2339 3644 apud
2371 3574 2654 3646 quosdam
2681 3590 2804 3630 mos
2828 3579 2935 3640 est,
2959 3574 3175 3631 habeat
3197 3592 3497 3634 cursorem

1840 3661 2170 3734 parvulum.
2204 3662 2368 3718 l—lunc
2402 3666 2464 3718 tu
2489 3661 2650 3718 volve
2681 3663 2751 3718 ad
2784 3662 2997 3731 locum,
3032 3663 3132 3720 ubi
3161 3664 3496 3736 praedictam

1840 3750 2055 3806 lineam
2087 3756 2291 3823 tangat
2321 3750 2825 3824 perpendiculum.
2861 3752 2978 3806 Hac
3009 3752 3233 3808 ratione
3265 3754 3498 3811 invento

1840 3845 2140 3912 puncto,et
2169 3839 2228 3894 in
2261 3857 2390 3894 ccra
2421 3855 2523 3912 per
2543 3840 2828 3896 circulum
2852 3841 3253 3913 perpendiculi
3277 3847 3494 3912 notato,

1841 3928 1940 3984 ubi
1965 3927 2334 3984 altitudinem
2374 3929 2512 3984 solis
2559 3929 2794 3985 inventa
2844 3929 3031 4001 poscit
3080 3930 3247 3985 ratio.
3310 3931 3497 3996 Quam

1839 4016 2393 4073 inventuruslevata
2422 4018 2648 4089 quadra
2689 4017 2995 4073 sinistrum
3029 4017 3132 4072 soli
3179 4017 3495 4076 humerum

1839 4121 2086 4177 Oppone,
2120 4109 2176 4160 ct
2226 4104 2428 4160 tandiu
2477 4121 2604 4162 eam
2638 4105 2752 4160 huc
2808 4105 2947 4161 illuc
2979 4110 3154 4176 verte,
3190 4108 3370 4164 donec
3402 4109 3490 4165 sol

1845 4198 2163 4265 utrumque
2194 4193 2571 4265 pinnularum
2624 4195 2882 4250 foramen
2927 4199 3189 4267 penetret
3230 4202 3384 4253 recto
3416 4203 3498 4254 te-

1844 4299 2003 4340 nore.
2029 4282 2278 4347 Gradus,
2298 4299 2471 4354 quem
2485 4288 2625 4338 tunc
2647 4283 3128 4356 perpendiculum
3152 4285 3210 4340 in
3243 4287 3498 4344 umbone

1836 4371 2111 4443 tetigerit,
2147 4371 2273 4436 tibi,
2299 4376 2586 4442 quantum
2609 4371 2693 4427 sol
2712 4374 2837 4442 jam
2874 4373 3495 4442 ascendit,descendit,

1837 4457 2059 4536 liquido
2087 4459 2530 4515 demonstrabit.
2565 4461 2752 4531 Super
2776 4462 3046 4516 eumdem
3081 4462 3326 4532 gradum
3361 4479 3488 4534 per-

1837 4545 2146 4618 pendiculo
2168 4550 2399 4618 jacente
2420 4547 2548 4603 vide
2579 4565 2754 4619 quam
2790 4548 3003 4603 lineam
3030 4565 3098 4603 ex
3120 4548 3496 4608 Almucanta-

1838 4636 1968 4691 rath
2002 4637 2272 4707 superius
2298 4640 2500 4709 tangat
2540 4636 2856 4709 regionem.
2879 4641 3064 4708 Super
3092 4636 3244 4692 hanc
3276 4637 3497 4696 lineam

1843 4729 1903 4779 tu
1935 4729 2217 4796 punctum
2248 4725 2307 4779 in
2366 4741 2496 4780 cera
2526 4742 2701 4797 super
2757 4725 3130 4796 pendiculum
3162 4726 3378 4782 factum
3409 4728 3497 4784 vel

1845 4811 2132 4868 circulum
2165 4812 2478 4886 pendiculi,
2513 4813 2849 4885 ubicunque
2879 4829 3008 4869 eam
3031 4818 3270 4885 tangere
3288 4815 3495 4889 possit,

1842 4917 2066 4974 ponens
2095 4901 2421 4970 considera,
2455 4901 2554 4973 qui
2587 4901 2742 4956 hora
2775 4901 3260 4974 perpendiculum
3293 4921 3496 4977 super-

1828 4989 2042 5063 jaceat,
2073 4991 2132 5045 et
2155 4988 2276 5044 haec
2306 4993 2416 5056 est,
2449 5004 2628 5063 quam
2669 4994 2807 5047 tuus
2848 4989 3014 5047 labor
3045 4991 3208 5060 [cod.,
3241 4997 3498 5066 quantus

1839 5077 2027 5149 labor]
2050 5078 2335 5150 exquirat.

1838 5239 1916 5294 ΑιΙ
1932 5239 2370 5312 mensurandam
2397 5166 2980 5312 quacnilglgtrixlplano
3011 5244 3252 5296 stantem
3297 5242 3497 5312 altitu-

1910 5310 2096 5436 dine";
2123 5327 2247 5434 bper
2291 5327 2450 5366 suam
2506 5313 2680 5383 ipsius
2737 5310 2990 5368 umbram
3045 5327 3170 5366 cum
3226 5311 3492 5382 quadrato

1910 5390 2057 5436 astro
2084 5399 2117 5436 α
2157 5399 2218 5436 u.

1910 5390 2218 5437 astrolabz‘z’.

1912 5470 2015 5541 (Ea:
2046 5468 2346 5525 Geometria
2377 5468 2638 5538 Gcrberti,
2661 5487 2778 5542 cap.
2800 5471 2916 5542 2i.)
2939 5469 2997 5526 Si
3030 5468 3114 5523 vis
3129 5465 3379 5534 alicujus
3400 5481 3489 5519 ar-

1838 5557 1998 5615 boris
2023 5557 2108 5615 vel
2139 5557 2443 5628 columnaz,
2476 5558 2563 5614 vel
2598 5559 2797 5626 turris,
2831 5559 2916 5614 vel
2940 5553 3242 5625 cujusdam
3271 5547 3482 5606 talium

1839 5645 1898 5700 in
1932 5647 2105 5718 plano
2134 5647 2416 5704 duntaxat
2447 5647 2569 5702 loco
2600 5645 2830 5711 stantis,
2866 5637 3184 5700 altitudinis
3222 5650 3324 5704 per
3345 5651 3480 5690 um-

1837 5735 2001 5792 bram
2031 5737 2218 5810 ipsius
2244 5736 2521 5805 invenire,
2554 5750 2837 5806 suspenso
2876 5721 3182 5788 astrolabio
3222 5719 3478 5791 solisque
