3866 6336
380 415 446 478 41
466 419 492 479 ί
1194 400 1608 469 HERMANNI
1648 391 2024 464 CONTBAC'.

2142 393 2550 460 AUGIENSIS
2596 391 2980 462 MONACHI.
3689 389 3776 458 ll!

381 547 543 606 radio
570 562 672 620 per
705 549 950 616 utraque
980 541 1268 598 foramina
1296 536 1593 593 Alhidadae
1623 531 1888 588 directim
1918 529 2024 620 im-
2051 531 2106 598 Α
2135 528 2460 620 Assumuth
2493 546 2596 586 seu
2627 528 2936 598 rectitudo,
2971 527 3132 601 quia
3165 527 3270 585 his
3325 526 3518 586 scitur
3541 525 3598 584 in
3647 529 3775 600 cujus

381 617 716 692 misso—vide
747 634 804 687 in
838 649 955 704 qua
985 634 1146 703 parte
1175 627 1371 683 lateris
1395 622 1757 697 quadrantis,
1782 619 1934 692 quod
1961 619 2019 674 in
2132 619 2315 690 partis
2347 619 2552 674 mundi
2583 619 2803 675 directo
2843 619 2922 675 sit
2949 617 3178 691 aliqua
3237 617 3428 690 regio,
3467 633 3590 689 quae
3629 617 3777 674 taliter

381 727 448 782 12
479 729 671 797 partes
702 722 952 776 divisum
981 723 1088 786 est,
1121 718 1337 772 directa
1367 713 1552 786 ipsius
1581 710 1881 765 Alhidada:
1911 711 2056 763 stet-
2133 707 2326 762 fuerit.
2361 708 2626 763 Invenies
2657 709 2934 780 primitus
2967 711 3274 764 centrum
3341 706 3618 778 regionis,
3663 708 3790 762 acci-'

378 795 552 882 linea,
603 817 660 867 et
680 825 1091 883 quamcunque
1127 803 1556 878 proportionem
1581 815 1863 855 numerus
1889 815 2020 869 par-
2133 796 2298 866 piens
2329 795 2698 852 latitudinem
2747 797 3012 868 regionis
3045 814 3084 852 a
3137 799 3374 868 puncto
3403 811 3433 850 ε
3453 812 3645 850 versus
3667 796 3707 862 Ι),
3737 801 3776 850 et

377 903 521 958 tium
542 881 733 971 rsupe'r
767 883 1046 951 A‘lhidada
1078 891 1482 965 apparentium
1516 890 1584 943 ad
1621 889 1706 954 l2,
1741 887 1795 941 id
1831 889 1919 940 est
1948 883 2018 938 ad
2131 885 2350 940 faciens
2383 889 2600 952 notam,
2633 901 2813 956 supra
2843 902 3028 956 quam
3066 900 3269 956 pones
3299 881 3570 955 regulam
3595 888 3646 938 et
3663 901 3772 955 pun-

375 996 562 1046 totum
597 989 748 1042 latus
781 983 1043 1058 quadrati
1077 979 1365 1044 habuerit,
1398 978 1658 1033 eamdem
1687 971 1891 1046 procul
1921 973 2022 1026 du-
2131 979 2290 1028 ctum
2321 990 2366 1040 ε,
2400 978 2474 1040 et,
2519 974 2620 1028 ubi
2679 973 3000 1029 absciderit
3047 973 3434 1028 diametrum
3483 989 3512 1028 ε
3537 989 3570 1026 a
3597 972 3645 1038 ά,
3697 973 3774 1025 erit

375 1081 468 1136 bio
492 1077 917 1150 proportionem
960 1071 1225 1133 altitudo,
1259 1085 1434 1140 quam
1466 1065 1724 1119 invenire
1763 1060 2019 1126 voluisti,
2131 1067 2396 1116 centrum
2419 1061 2695 1133 regionis,
2721 1079 2900 1133 quam
2925 1062 3178 1118 notabis
3201 1065 3434 1135 puncto
3450 1077 3499 1116 ο.
3525 1065 3588 1114 Et
3618 1067 3774 1132 postea

376 1169 446 1223 ad
479 1147 749 1222 umbram
783 1181 815 1218 a
845 1179 906 1216 se
939 1163 1144 1215 factam
1191 1159 1246 1212 in
1275 1155 1517 1228 planitie
1563 1151 1833 1218 habebit;
1869 1147 2024 1202 verbi
2133 1150 2381 1222 accipies
2439 1152 2643 1206 eadem
2701 1149 3096 1206 latitudinem
3157 1169 3194 1206 a
3257 1155 3482 1222 puncto
3511 1165 3538 1202 c
3561 1148 3776 1204 versusd

373 1256 579 1328 gratia,
615 1255 663 1308 si
698 1254 822 1306 dua:
856 1267 1034 1322 supra
1066 1250 1346 1319 apparent
1393 1247 1608 1315 partes,
1667 1242 1738 1296 ad
1790 1255 1937 1310 quas
1963 1238 2026 1290 12
2135 1256 2314 1310 supra
2344 1255 2520 1310 quam
2555 1255 2734 1310 pones
2767 1238 3040 1310 regulam
3075 1243 3138 1294 et
3171 1243 3476 1310 punctum
3505 1254 3550 1303 ε,
3569 1242 3621 1292 et
3639 1237 3776 1292 facies

374 1342 706 1414 sescuplam
739 1340 957 1394 habent
986 1336 1413 1408 propotionem,
1475 1329 1744 1402 scscupla
1797 1341 2026 1398 quoque
2137 1332 2336 1382 notam
2359 1328 2418 1380 in
2449 1327 2574 1383 loco
2603 1331 2794 1382 tactus
2824 1327 3050 1399 regulae
3083 1327 3150 1382 in
3183 1326 3576 1382 diametroea
3597 1325 3622 1379 1
3643 1341 3780 1396 super

371 1413 582 1488 umbra
611 1431 722 1486 erit
751 1429 822 1484 ad
855 1426 1250 1482 altitudinem.
1298 1423 1358 1478 Si
1391 1427 1512 1477 tres
1539 1423 1839 1492 apparent,
1883 1429 2025 1488 qua-
2135 1415 2396 1474 tabulam
2415 1416 2668 1488 ligneam
2699 1419 2960 1483 extenso,
2995 1421 3059 1470 et
3089 1415 3328 1472 scribes
3359 1417 3385 1469 ί
3409 1431 3456 1470 e.
3495 1413 3694 1470 Deinde
3719 1413 3778 1466 fa-

371 1519 619 1590 drupla;
655 1517 702 1571 si
739 1519 1008 1585 quatuor,
1043 1511 1256 1581 tripla;
1291 1509 1338 1563 si
1395 1511 1448 1576 5,
1511 1507 1720 1578 duplex
1764 1501 2028 1573 superbi'
2138 1506 2256 1560 cies
2287 1501 2812 1560 circumferentiam
2847 1521 2950 1575 per
2971 1509 3284 1576 punctum
3309 1507 3472 1573 oetp
3511 1507 3777 1555 transeun-

374 1589 632 1680 partiens
655 1603 951 1674 quantitas
979 1619 991 1662 ;
1027 1598 1075 1652 si
1106 1599 1162 1664 6,
1211 1594 1426 1667 dupla;
1472 1593 1518 1648 si
1545 1595 1602 1659 7,
1638 1593 1864 1663 super5
1895 1607 2022 1662 par-
2139 1598 2256 1650 tem
2288 1594 2359 1648 ad
2395 1597 2656 1648 centrum
2689 1593 2954 1648 medium
2987 1597 3424 1662 utrorumque,
3447 1589 3609 1659 cujus
3629 1601 3775 1660 parsa

369 1697 524 1751 tiens
547 1693 827 1763 septimas
852 1709 863 1752 ;
891 1689 934 1743 si
957 1691 1010 1753 8,
1035 1684 1418 1756 sesquialtcra
1442 1699 1456 1750 ;
1485 1683 1534 1736 si
1557 1679 2028 1751 9,sesquitertia;
2141 1683 2170 1736 b
2202 1682 2260 1736 in
2292 1699 2320 1736 ο
2339 1698 2441 1753 per
2467 1698 2498 1736 ο
2528 1680 2862 1746 manifesta,
2894 1684 2953 1735 et
2977 1679 3104 1736 alia
3135 1697 3174 1735 a
3197 1697 3228 1735 ο
3260 1679 3322 1734 in
3357 1679 3386 1733 b
3409 1693 3562 1750 perp
3589 1674 3774 1730 occulta

375 1785 424 1840 si
454 1784 540 1848 10,
566 1776 1064 1851 sesquiquinta;si
1085 1777 1167 1842 11,
1193 1770 2030 1843 sesquiundecima;siomnes
2139 1771 2438 1826 notabitur
2461 1789 2474 1838 ;
2499 1769 2637 1840 quia
2665 1769 2766 1824 illa
2796 1785 2924 1840 qua;
2965 1773 3064 1824 est
3095 1769 3128 1823 b
3159 1768 3224 1823 in
3273 1784 3303 1823 ε
3331 1783 3438 1838 per
3471 1782 3502 1822 0
3525 1766 3589 1820 de
3628 1765 3774 1817 Assu-

376 1875 462 1938 12,
493 1847 660 1940 aequa
683 1847 1064 1924 eritaltitudo
1097 1869 1153 1953 et
1185 1861 1397 1953 umbra
1442 1858 1791 1953 ethomnino-
1831 1857 2028 1927 cujus-
2059 1888 2107 1953 Β
2141 1860 2308 1915 muth
2339 1859 2448 1915 erit
2477 1859 2684 1926 lineis;
2735 1857 2851 1912 alia
2887 1874 3027 1913 vero
3079 1861 3224 1929 post
3265 1857 3452 1912 factas
3497 1847 3770 1908 Assumuth

373 1976 604 2031 cunque
638 1954 1024 2028 proportionis
1053 1950 1410 2022 triangulum
1461 1947 1750 2002 Alhidada
1778 1946 1836 2000 in
1877 1963 2025 2016 qua-
2059 1946 2102 1953 ’⁷
2138 1948 2444 2004 delebitur.

374 2029 539 2105 drato
599 2050 724 2117 ipso
783 2043 1036 2098 effecerit
1087 2041 1350 2110 ejusdem
1409 2035 1796 2109 proportionis
1845 2034 2026 2090 trian-
2207 2038 2325 2092 Hoc
2355 2037 2503 2092 facto
2535 2035 2760 2092 divides
2791 2035 3074 2090 eumdem
3111 2033 3412 2089 circulum
3443 2048 3542 2102 per
3562 2029 3662 2084 duo
3683 2041 3770 2080 me-

374 2137 604 2210 gulum,
623 2114 842 2188 umbra
871 2129 1187 2200 cujuslibet
1218 2127 1393 2183 erecti
1427 2125 1684 2197 corporis
1707 2124 1765 2178 in
1787 2121 2027 2195 planitie
2137 2125 2233 2182 dia
2253 2127 2472 2181 ducens
2497 2126 2850 2180 diametrum
2872 2123 2932 2178 in
2957 2122 3415 2194 longitudinem
3439 2137 3537 2192 per
3555 2114 3766 2173 tabulam

374 2202 572 2283 statim
603 2221 897 2278 formabit.
958 2220 1020 2274 In
1079 2235 1192 2288 quo
1249 2215 1514 2270 videlicet
1561 2212 1849 2284 triangulo
1897 2211 2028 2283 ipsa
2135 2215 2389 2286 ligneam
2421 2230 2490 2268 ex
2514 2218 2763 2284 utraque
2791 2215 2956 2283 parte
2987 2212 3192 2284 ipsius
3225 2208 3436 2266 circuli
3459 2207 3514 2261 in
3538 2220 3643 2277 quo
3672 2202 3766 2256 dia-

375 2317 644 2371 umbrata
665 2310 931 2383 planities
947 2307 1103 2362 basis
1119 2310 1207 2360 est
1231 2323 1243 2372 ;
1265 2308 1454 2359 erecta
1468 2301 1713 2356 altitudo
1736 2301 2024 2364 cathetus,
2135 2307 2318 2357 metro
2342 2301 2602 2356 invenies
2633 2299 2962 2355 Assumuth
2981 2305 3220 2355 centra,
3247 2297 3484 2352 Divides
3502 2292 3643 2349 enim
3661 2305 3763 2360 par-

372 2404 572 2460 radius
603 2381 743 2457 solis
767 2398 1036 2452 umbram
1067 2393 1412 2449 tranversim
1465 2391 1732 2446 limitans
1777 2390 2024 2462 hypote-
2133 2395 2249 2447 tem
2282 2389 2506 2458 circuli,
2539 2405 2665 2461 quae
2707 2393 2798 2444 est
2828 2406 2864 2444 a
2893 2391 2922 2443 b
2956 2389 3018 2442 in
3051 2405 3086 2444 0
3119 2405 3227 2460 per
3255 2387 3312 2454 9,
3345 2389 3402 2441 et
3447 2381 3634 2446 aliam,
3664 2392 3762 2448 qua:

375 2519 531 2556 nusae
557 2499 738 2554 vicem
772 2494 1138 2567 dignoscitur
1167 2491 1402 2546 habere.
2133 2483 2221 2535 est
2251 2480 2322 2534 ab
2355 2496 2384 2534 ο
2409 2479 2467 2533 in
2505 2495 2554 2544 c,
2585 2476 2860 2533 similiter
2889 2493 2995 2548 per
3026 2477 3084 2532 9.
3119 2477 3193 2531 Et
3223 2474 3310 2530 sic
3351 2472 3522 2528 facies
3550 2469 3614 2524 de
3654 2464 3756 2521 aliis

1017 2598 1252 2656 CAPUT
1285 2597 1386 2650 VH
2133 2567 2527 2632 inferioribus,
2561 2567 2697 2622 licet
2725 2565 3139 2638 superioribus
3173 2564 3298 2620 sint
3335 2562 3611 2632 majores:
3657 2568 3752 2656 qua

2131 2675 2265 2713 cum
2289 2657 2406 2712 sint
2425 2656 2606 2711 totius
2628 2654 2826 2710 circuli
2847 2671 2900 2726 g,
2921 2653 3181 2727 singulae
3205 2649 3552 2710 obtinebunt
3577 2642 3754 2717 gradus

2132 2747 2350 2802 decem.
2385 2745 2606 2809 Quibus
2628 2743 3023 2800 divisionibus
3047 2741 3306 2814 signatis
3327 2753 3505 2812 pones
3533 2729 3750 2804 regulam

2131 2851 2307 2906 super
2335 2838 2618 2906 punctum
2657 2850 2689 2888 o
2719 2836 2777 2887 et
2831 2831 3167 2888 secundam
3226 2827 3584 2888 divisionem,
3611 2818 3660 2873 id
3687 2818 3753 2870 est

2131 2939 2312 2994 supra
2324 2923 2580 2994 primum
2599 2921 2868 2994 gradum,
2885 2923 2943 2975 et
2963 2920 3070 2976 ubi
3090 2911 3745 2994 abscideritdiametrum,

2127 2993 2300 3084 longe
2327 2993 2388 3066 in
2421 2993 2621 3066 tabula
2665 3009 2862 3082 lignea
2889 3009 3074 3065 facies
3107 3007 3372 3081 primum
3401 2993 3746 3084 centrum

2130 3100 2396 3156 sumuth.
2430 3101 2537 3156 Per
2561 3099 2718 3170 quod
2759 3101 3034 3154 centrum
3085 3077 3272 3154 facies
3315 3077 3746 3148 circumferentia

2131 3193 2357 3261 partem
2389 3205 2422 3243 a
2441 3187 2657 3243 circulo
2680 3185 3084 3258 hemisphmrii
3115 3183 3517 3240 transeuntem
3529 3188 3621 3246 per
3637 3181 3746 3261 ριξο·

2133 3281 2290 3332 ctum
2321 3293 2352 3332 ο
2382 3293 2569 3348 usque
2617 3275 2690 3330 ad
2749 3255 3040 3330 circulum
3101 3266 3455 3343 Capricorni,
3511 3267 3564 3317 et
3605 3255 3744 3348 facies

2129 3371 2332 3440 postea
2361 3340 2520 3423 aliu-d
2557 3364 2904 3422 Assumuth.
2935 3365 3022 3420 Ad
3058 3340 3316 3436 quorum
3345 3340 3746 3440 divisionem,id

2128 3459 2218 3513 est
2239 3456 2312 3511 ad
2358 3456 2653 3512 decimum
2691 3453 2964 3527 gradum,
3019 3431 3094 3508 et-
3121 3453 3357 3507 invento
3389 3445 3572 3500 centro
3598 3431 3742 3527 faciet

2129 3543 2379 3602 transire
2423 3543 2581 3601 aliud
2623 3519 2956 3600 Assumuth
2989 3557 3096 3614 per
3137 3541 3296 3596 idem
3344 3533 3608 3608 punctum
3625 3537 3667 3588 0,
3701 3519 3746 3614 et:

2133 3635 2286 3691 scias
2317 3633 2456 3706 quia
2482 3649 2618 3690 cum
2651 3632 2856 3706 feceris
2887 3603 3218 3688 Assumutb
3247 3627 3320 3683 ad
3344 3603 3440 3690 ‘10,
3459 3603 3744 3706 exibuntafi

2140 3724 2202 3780 l0
2229 3741 2242 3792 ;
2266 3701 2488 3780 et—cum
2511 3722 2582 3778 ad
2617 3723 2706 3788 10,
2735 3701 2978 3776 exibunt
3008 3721 3068 3776 S.
3104 3722 3250 3774 Cum
3267 3716 3458 3770 autem
3481 3701 3740 3792 perfeceris

2133 3829 2312 3870 unam
2362 3810 2736 3868 medietatem
2758 3808 2986 3878 circuli,
3021 3805 3246 3865 redibis
3289 3802 3360 3858 ad
3391 3797 3576 3858 aliam,
3595 3791 3646 3843 et
3668 3794 3734 3837 διο

2134 3919 2339 3958 omnes
2368 3899 2812 3956 consummabis
2841 3895 3196 3954 Assumuth.

2203 3953 2336 4046 ἓξὲξ
2363 3953 2872 4044 ὧῖείτῆᾷὦήιὲέιέαδ
2893 4003 3044 4059 pone
3067 3983 3244 4056 caput
3263 3972 3460 4035 Cancri
3484 3977 3643 4059 super

2133 4077 2538 4135 mucantarath
2573 4079 2612 4131 ί.
2636 4093 2688 4147 g.
2723 4076 2784 4131 in
2815 4051 3224 4142 occidente,-et
3279 4057 3545 4147 signabis-
3575 4051 3734 4147 locum

2132 4167 2340 4240 capitis
2369 4165 2574 4222 Cancri
2605 4164 2664 4220 in
2696 4167 2860 4236 parte
2888 4141 3168 4219 horarum
3193 4176 3207 4226 ;
3231 4156 3429 4224 sicque
3449 4141 3606 4240 facies
3625 4143 3734 4240 cuin

2131 4232 2319 4329 capite
2347 4255 2558 4311 Arietis
2591 4257 2646 4310 et
2675 4232 3034 4326 dapricorni,
3067 4253 3126 4305 et
3171 4239 3426 4329 signabis
3454 4232 3623 4301 capita

2135 4361 2266 4402 rum
2301 4343 2708 4418 Oppositorum
2739 4343 2798 4398 in
2831 4339 3127 4414 praedictis
3158 4331 3338 4391 horis.
3371 4327 3471 4418 i’er
3495 4311 3734 4418 ignaui-ff

2138 4397 2625 4418 ____”_-,-_,,
2831 4397 2848 4414 ι
2932 4397 2935 4398 ν
3611 4397 3656 4410 ..

2135 4435 2303 4508 signa
2333 4434 2511 4489 duces
2541 4431 2756 4487 lineam
2785 4426 3116 4502 crepusculi
3147 4414 3466 4480 Orientalis.
3495 4397 3733 4508 Simlhfr

561 2695 713 2749 Alius
747 2691 933 2745 modus
964 2688 1318 2744 altitudinem
1350 2702 1538 2740 rerum
1559 2684 1836 2738 metiendi.

444 2788 564 2856 (Est
591 2801 658 2838 ac
688 2800 803 2854 mp.
837 2783 906 2836 82
938 2780 1248 2836 Geometriae
1280 2776 1523 2831 Gerberli
1549 2773 1869 2845 sumptum.)
1921 2773 2024 2826 Est

374 2881 431 2930 et
456 2874 570 2930 alia
601 2873 745 2927 ratio
787 2868 1152 2926 altitudinem
1203 2865 1436 2920 videndi
1478 2881 1604 2935 qua:
1653 2859 2015 2932 hujusmodi.

373 2963 796 3032 Orthogonum,
831 2958 1000 3027 cujus
1033 2955 1298 3010 cathetus
1327 2955 1362 3007 6
1384 2952 1638 3023 pendum
1663 2951 1757 3016 sit,
1783 2949 1940 3004 basis
1964 2950 2016 3016 8,

373 3052 738 3122 hypotenusa
773 3047 856 3110 lO,
889 3045 1079 3115 erigas
1111 3043 1191 3097 ita
1223 3047 1284 3095 ut
1337 3045 1498 3095 terra:
1533 3040 1690 3094 basis
1737 3037 2020 3106 adjacent,

372 3138 638 3193 cathetus
672 3136 952 3190 adversus
1005 3147 1128 3186 rem
1159 3129 1342 3194 illam,
1381 3129 1549 3197 cujus
1598 3125 1842 3180 altitudo
1893 3141 2019 3196 per-

371 3227 544 3298 pendi
582 3225 772 3289 debet,
803 3223 1078 3292 erigatur.
1131 3219 1506 3290 Hypotenusa
1541 3232 1674 3270 vero
1705 3231 1738 3268 a
1786 3229 2018 3269 summo

370 3315 578 3372 catheti
607 3315 661 3368 in
703 3326 1004 3367 summum
1038 3307 1195 3363 basis
1227 3307 1490 3361 ducatur.
1525 3304 1583 3359 Si
1635 3303 1852 3358 directo
1899 3301 2019 3356 illic

368 3405 550 3471 visus,
583 3403 682 3457 ubi
715 3400 872 3456 basis
897 3398 1257 3471 hipotenusa:
1301 3394 1590 3466 jungitur,
1642 3389 1878 3450 oculum
1917 3408 2018 3463 ap-

369 3509 517 3566 pone
547 3492 618 3547 ad
647 3495 862 3546 terram
917 3489 1261 3560 prostratus.
1321 3483 1538 3538 Deinde
1595 3481 1712 3536 huc
1768 3485 1824 3536 et
1861 3479 2020 3536 illuc

362 3586 484 3639 tam
511 3581 610 3635 diu
640 3577 1067 3644 detrahe,oculo
1099 3580 1292 3630 tamen
1354 3588 1584 3643 semper
1612 3571 1898 3644 apposito,
1919 3570 2022 3624 do-

367 3685 474 3726 nec
499 3683 800 3724 summum
815 3664 1028 3720 cathcti
1041 3664 1146 3719 tibi
1165 3663 1324 3717 illius
1343 3663 1446 3728 rei,
1467 3661 1636 3732 cujus
1650 3659 2018 3714 altitudinem

368 3757 603 3830 quaeris,
635 3753 960 3810 summitati
1009 3751 1301 3823 adaquari
1361 3750 1643 3804 videatur.
1694 3749 1816 3812 Quo
1869 3747 2020 3802 facto

369 3863 551 3919 ponas
584 3845 841 3916 signum,
871 3841 971 3896 ubi
1005 3839 1238 3895 oculum
1279 3839 1541 3904 tenebas,
1575 3841 1632 3892 et
1658 3851 1728 3891 ex
1757 3851 1821 3890 eo
1853 3834 2020 3906 signo

369 3936 574 3992 metire
603 3933 858 4006 spatium
893 3947 1078 4002 usque
1128 3929 1196 3984 ad
1242 3928 1444 4000 pedem
1479 3926 1558 3981 rei
1617 3923 1778 3979 illius
1811 3929 1867 3980 et
1913 3923 2021 3978 hoc

367 4025 556 4097 spatio
588 4041 687 4094 per
717 4024 748 4076 4
781 4020 989 4093 partito
1013 4022 1280 4090 quartam
1301 4033 1478 4071 unam
1506 4013 1835 4078 subtrahas,
1859 4016 2023 4067 caete-

367 4131 465 4169 ras
495 4116 611 4166 tres
637 4127 737 4182 pro
760 4109 1070 4164 altitudine
1095 4107 1217 4170 illa,
1241 4121 1417 4177 quam
1442 4102 1762 4174 quaerebas,
1787 4101 2017 4156 habeto.

369 4203 501 4258 Haec
529 4199 895 4255 altitudinem
928 4196 1156 4250 videndi
1191 4195 1334 4250 ratio
1367 4191 1694 4248 certissima
1727 4195 1833 4255 est,
1861 4189 1908 4244 si
1941 4193 2021 4244 ta-

372 4306 504 4346 men
536 4305 669 4343 area
701 4303 800 4358 per
829 4301 1006 4357 quam
1041 4283 1304 4339 cathetus
1353 4280 1679 4337 detrahitur
1711 4295 1823 4334 non
1851 4295 2023 4333 mon-

369 4385 541 4435 tuosa
571 4393 764 4448 nequa
795 4372 1012 4429 vallosa
1043 4373 1143 4427 sed
1174 4371 1347 4443 plana
1383 4369 1576 4426 fuerit.

999 4478 1231 4534 CAPUT
1263 4478 1406 4534 VIII.
2135 4478 2303 4540 2”?"
2335 4478 2522 4540 ῖέῗῖἶ
2541 4478 2916 4540 ῘζῗῖΪῗ-Ῐῖῖἷ
2929 4478 3325 4540 ζῗζξζιζηιηιο
3346 4485 3726 4540 .mnngculum-

584 4572 861 4646 Quomodo
890 4501 1295 4626 εἰη,ζῖἷὶϊῶαέ
1311 4501 1649 4639 ἓὲρίηθδηάί
1677 4567 1807 4619 sint.
2057 4619 2101 4646 ἢ
2137 4524 2312 4580 facies
2336 4523 2396 4578 in
2418 4520 2690 4593 opposita
2709 4523 2872 4592 parte
2889 4501 2960 4574 ad
2977 4507 3328 4574 occidentale
3345 4501 3656 4571 crepusculu

447 4619 1112 4724 Post\Almucantarath,
1147 4657 1246 4730 qui
1287 4619 1716 4718 describantur,
1761 4651 2028 4723 sequitur
2055 4619 2102 4684 Β
2749 4643 2964 4700 Caetera
2989 4641 3200 4697 desunt.
