3880 6360
1153 407 1570 472 HERMANNI
1614 405 2052 474 CONTRACTI
2097 404 2512 470 AUGIENSIS
2559 404 2936 470 MONACHI.

3676 396 3794 468 450.

386 546 442 601 tr
480 560 687 618 porum
709 541 769 598 in
799 545 1004 616 quarto
1029 541 1114 599 vel
1139 542 1343 614 quinto
1369 541 1490 597 loco
1518 539 1769 596 reditum
1793 555 2027 595 concor-
2058 541 2110 605 Α
2141 539 2329 612 prima
2385 539 2542 596 ﬁnali
2576 543 2633 597 et
2679 557 2748 596 ex
2777 540 2966 613 prima
3020 536 3328 612 superiori.
3360 536 3650 596 Secunda
3675 535 3785 608 ΕΛ

375 634 474 690 dat
503 633 692 706 prima
714 649 849 688 cum
880 633 1090 704 prima,
1111 631 1368 686 secunda
1389 647 1521 685 cum
1555 628 2011 693 secunda,tertia

372 739 505 776 cum
534 723 726 786 tertia,
751 727 958 792 quarta
988 737 1118 774 cum
1143 723 1384 790 quarta:
1415 718 1737 774 secundum
1767 717 2008 788 positio-

372 827 504 866 nem
529 811 678 876 dico,
710 827 825 865 non
849 811 1170 864 secundum
1204 824 1422 863 vocem.

441 901 750 954 Sciendum
781 915 1013 970 quoque
1058 902 1144 952 est
1175 898 1328 968 quod
1363 895 1529 967 quasi
1589 895 1854 967 quadam
1886 895 2006 948 dia-

367 993 629 1044 tessaron
679 989 900 1058 species
959 989 1020 1055 F,
1055 987 1157 1056 eth
1211 986 1522 1049 invenitur,
1557 984 1656 1038 sed
1693 985 1829 1056 quia
1859 984 2010 1038 inter

365 1077 1031 1149 legalesconstitutioncs
1053 1075 1244 1130 locum
1277 1091 1389 1129 non
1423 1075 1615 1140 habet,
1647 1073 2004 1143 repudiatur,

363 1166 618 1238 ipsaaque
651 1167 800 1221 inter
829 1184 888 1220 sc
934 1182 1036 1220 nec
1067 1169 1479 1228 acuunter,nec
1511 1161 2005 1233 gravantur,unde

363 1257 536 1310 etiam
571 1257 876 1325 cujusdam
921 1253 1292 1308 intervallum
1349 1269 1415 1307 ex
1446 1251 1664 1305 eisdem
1693 1251 2004 1304 statuentis

363 1362 522 1400 error
571 1345 952 1400 convincitur.
1012 1344 1334 1397 Possumus
1391 1356 1620 1410 quoque
1677 1337 1734 1392 in
1798 1338 2003 1391 harum

364 1434 778 1490 constitutione
824 1433 1146 1502 specierum
1181 1434 1397 1483 natura:
1445 1428 1719 1482 virtutem
1757 1432 2002 1497 potesta-

363 1528 600 1592 temque
623 1521 841 1576 mirari.
867 1521 1012 1574 Nam
1045 1520 1090 1574 si
1125 1537 1222 1574 eus
1252 1519 1307 1571 in
1341 1533 1592 1588 sequens
1623 1514 2000 1586 quadricbor-

374 1611 537 1676 dum,
598 1611 752 1682 quod
805 1609 1012 1664 tertius
1046 1612 1100 1662 et
1151 1606 1278 1662 ideo
1301 1605 1663 1676 diapenticus
1695 1602 2006 1674 quadrupli

368 1717 578 1772 passus
623 1699 865 1764 invenit,
928 1702 1398 1766 transponamus,
1453 1694 1561 1749 erit
1617 1692 1802 1764 prima
1858 1690 2004 1757 D,G

365 1790 586 1845 ratione
619 1803 903 1859 perversa.
929 1786 1075 1840 Nam
1095 1784 1361 1855 quamvis
1394 1783 1437 1837 D
1471 1786 1708 1852 propter
1737 1796 2005 1834 commu—

363 1879 598 1933 nionem
623 1875 802 1948 possit
823 1891 949 1930 esse
968 1873 1174 1944 prima,
1202 1878 1394 1926 tamen
1414 1871 1460 1926 G
1488 1885 1729 1924 numero
1753 1867 2004 1938 septima
2036 1903 2082 1967 Β

362 1967 580 2038 tropice
602 1969 851 2036 quarta,1
881 1978 1137 2034 unquam
1164 1966 1350 2032 potest
1375 1975 1502 2014 esse
1525 1957 2008 2030 prima.Secunda

363 2056 432 2112 ab
489 2056 528 2110 E
585 2071 712 2126 quae
761 2057 848 2108 est
921 2050 1143 2106 deuteri
1197 2049 1502 2120 incipiens,
1566 2047 1702 2111 ina,
1741 2063 1868 2117 quae
1919 2048 2010 2100 est

361 2145 532 2216 proli,
558 2143 790 2198 desinit.
813 2140 1008 2196 Tertia
1039 2139 1204 2204 ibi,si
1238 2143 1447 2192 natura
1476 2132 2008 2206 inspiciatur,nulla

361 2237 466 2290 est.
525 2233 740 2296 Quarta
797 2230 918 2294 aG,
971 2246 1094 2300 quae
1128 2232 1216 2282 est
1260 2225 1500 2281 tetrardi
1536 2223 1836 2289 inchoans,
1860 2222 1919 2276 in
1953 2238 2002 2288 c,

362 2339 490 2394 quae
519 2325 606 2374 est
627 2319 768 2385 triti,
800 2317 1165 2372 terminatur.
1198 2316 1302 2370 Sed
1329 2329 1462 2368 cum
1495 2312 1616 2368 haec
1635 2311 1921 2376 confusio,
1955 2310 2004 2364 si

364 2425 466 2482 per
495 2408 756 2463 ordinem
790 2409 1190 2471 numerentur,
1225 2403 1755 2472 oriatur,quantum
1777 2398 1875 2454 ille
1905 2399 2002 2453 de-

359 2496 657 2570 liquit,qui
685 2493 841 2550 solas
871 2495 1088 2548 formas
1119 2509 1232 2547 non
1272 2490 1462 2546 solum
1491 2487 1845 2544 naturalium
1866 2503 2000 2542 con-

361 2586 730 2643 stitutionum
782 2583 1018 2638 intuens
1070 2598 1300 2644 causas,
1359 2580 1425 2645 D,
1463 2579 1509 2635 G
1543 2578 1814 2650 primam,
1876 2577 1936 2642 E,
1970 2592 2004 2630 a

360 2675 702 2739 secundam,
751 2673 981 2727 tertiam
1015 2671 1081 2738 G,
1115 2687 1144 2724 c
1193 2669 1369 2724 nimis
1409 2669 1638 2722 incaute
1689 2664 1997 2730 deﬁniunt,

359 2762 542 2819 solam
573 2766 841 2816 caeterum
902 2759 1176 2830 primam,
1207 2758 1264 2812 id
1307 2762 1396 2812 est
1424 2774 1476 2822 a,
1501 2757 1535 2809 d
1569 2758 1723 2810 recte
1755 2769 1994 2824 ponens,

357 2853 458 2908 sed
491 2851 602 2907 sibi
634 2849 743 2922 ipsi
767 2848 1114 2912 contrarius,
1145 2846 1245 2918 qui
1274 2847 1436 2918 prius
1464 2845 1533 2912 D,
1564 2844 1608 2899 G
1631 2843 1880 2914 primam
1899 2857 1996 2911 po-

358 2940 494 2995 suit.
541 2938 701 3001 Quod
732 2937 861 2991 ideo
887 2941 1008 2990 tam
1057 2935 1153 2990 isti
1213 2949 1390 3006 quam
1423 2931 1720 2997 omnibus,
1756 2927 1996 2984 musicis

355 3025 562 3093 evenit,
600 3025 802 3097 quiain
854 3023 1139 3094 positione
1171 3023 1369 3094 primae
1402 3019 1562 3075 nulla
1609 3021 1828 3090 quarta:
1859 3033 1997 3071 con-

357 3115 631 3172 sideratio
649 3117 758 3168 est.

425 3204 526 3259 His
557 3204 640 3258 ita
660 3219 722 3258 se
751 3201 1122 3267 habentibus,
1161 3199 1461 3254 sciendum
1493 3201 1580 3253 est
1611 3196 1762 3268 quod
1789 3195 1834 3250 si
1860 3193 1992 3266 quis

353 3309 419 3349 ea
441 3309 567 3365 quae
598 3291 752 3346 dicta
780 3293 922 3344 sunt
943 3289 1000 3342 in
1024 3263 1280 3343 secundo
1305 3287 1584 3358 diapason
1609 3263 1793 3340 facere
1813 3263 1992 3337 tenta-
2022 3263 2064 3330 C

351 3381 512 3450 verit,
549 3397 663 3436 non
723 3379 898 3434 aliam
928 3377 1256 3450 genituram
1290 3375 1652 3431 diatessaron
1671 3371 1852 3438 nasci,
1888 3371 1988 3426 sed

349 3487 478 3526 eam
507 3487 634 3542 qua:
672 3471 796 3539 jam
827 3466 983 3522 dicta
1011 3470 1098 3521 est
1151 3465 1328 3536 repeti
1376 3463 1612 3528 videbit,
1672 3465 1728 3516 et
1747 3462 1901 3532 quod
1931 3461 1990 3513 in

349 3559 624 3632 gravibus
645 3556 731 3612 vel
757 3555 1174 3628 principalibus
1194 3554 1410 3608 factum
1443 3558 1552 3617 est,
1583 3551 1642 3606 in
1675 3547 1990 3621 superiori-

348 3648 480 3712 bus,
501 3647 602 3717 qui
630 3645 891 3716 ejusdem
925 3647 1144 3697 naturae
1176 3645 1332 3705 sunt,
1355 3641 1582 3696 efﬁcere
1611 3637 1838 3694 valebit.
1869 3636 1988 3692 Sic-

350 3749 464 3806 que
491 3731 785 3804 colligitur
811 3734 1062 3802 quatuor
1089 3745 1216 3785 esse
1246 3729 1465 3800 primas
1495 3733 1562 3795 A,
1598 3727 1664 3794 D,
1689 3727 1814 3794 a,d;
1849 3741 1991 3796 qua-

349 3828 480 3879 tuor
502 3821 790 3878 secundas
822 3821 884 3884 B,
907 3820 969 3885 E,
1003 3825 1048 3888 η,
1081 3835 1143 3885 e;
1174 3821 1426 3890 quatuor
1455 3817 1656 3872 tertias
1685 3816 1750 3883 Ο,
1771 3819 1826 3882 F,
1850 3831 1902 3885 c,
1932 3814 1986 3882 f;

349 3917 607 3986 quatuor
635 3913 878 3982 quartas
899 3909 968 3974 D,
998 3911 1066 3975 G,
1088 3908 1146 3976 d,
1175 3924 1230 3979 g.

419 4005 560 4057 Cum
591 3999 790 4072 igitur,
841 3997 991 4054 sicut
1013 3997 1139 4068 jam
1191 4012 1342 4066 sazpe
1369 3995 1588 4050 dictum
1611 3997 1719 4059 est,
1753 3997 1992 4063 quartus

348 4086 660 4162 quadrupli
695 4102 904 4157 passus
925 4087 1176 4156 quatuor
1205 4099 1410 4138 vocum
1437 4098 1639 4153 capax,
1657 4083 1714 4134 et
1743 4084 1994 4152 quatuor

346 4181 652 4248 troporum
711 4173 996 4240 ordinem,
1049 4176 1299 4243 quatuor
1353 4185 1585 4241 quoque
1631 4169 1990 4224 diatessaron

349 4265 576 4338 species
605 4265 966 4334 progeneret,
1017 4261 1317 4315 videamus
1349 4275 1582 4330 quoque
1621 4258 1692 4312 de
1723 4257 1992 4328 diapente

347 4353 754 4427 speciebus,an
785 4355 841 4406 et
862 4349 1002 4422 ipsa
1025 4349 1095 4404 de
1127 4365 1255 4414 suo,
1275 4347 1384 4402 hoc
1415 4353 1504 4402 est
1536 4347 1710 4402 tertio
1737 4346 1990 4418 quadru-

345 4443 425 4516 pli
457 4460 655 4515 passu,
682 4439 1026 4496 naturaliter
1045 4439 1374 4492 orientestet
1403 4435 1804 4492 ordinabiliter
1854 4453 1992 4506 prae~

343 4533 634 4599 cedentes,
659 4530 812 4586 sicut
840 4528 1208 4584 diatessaron
1241 4525 1464 4598 species
1495 4527 1556 4580 in
1587 4525 1882 4592 ﬁnalibus,
1913 4524 1994 4580 ita

2126 646 2194 685 ex
2227 631 2482 686 secunda
2507 629 2690 698 ﬁnali,
2721 634 2778 686 et
2799 647 2869 686 ex
2899 630 3157 686 secunda
3177 625 3705 701 superiori.'l‘ertia
3725 627 3783 694 F,

2122 737 2152 774 c
2185 736 2250 775 ex
2279 720 2451 774 tertia
2498 719 2656 774 ﬁnali
2688 724 2745 775 et
2794 737 2862 775 ex
2898 719 3072 774 tertia
3119 717 3430 790 superiori.
3459 716 3694 780 Quarta
3718 715 3783 784 G,

2121 809 2152 864 d
2183 825 2251 863 ex
2274 815 2481 879 quarta
2510 807 2692 874 ﬁnali,
2753 813 2810 863 et
2837 824 2907 864 ex
2953 812 3162 880 quarta
3184 805 3495 878 superiori.
3539 807 3686 870 Qua
3733 805 3780 860 si

2115 897 2377 952 vicissim
2401 899 2465 952 sd
2495 914 2696 970 graves
2718 893 3458 968 transponantur,occurrit
3483 893 3691 966 prima.
3718 895 3780 960 A,

2127 987 2168 1041 E
2196 985 2448 1041 naturali
2467 987 2700 1057 quidem
2739 986 3028 1058 positione
3056 990 3332 1041 tonorum
3351 983 3484 1040 dico
3515 985 3575 1039 et
3607 981 3786 1037 semi-

2121 1075 2439 1141 toniorum,
2474 1091 2568 1130 sec
2592 1092 2705 1130 non
2731 1091 2795 1130 ex
2843 1073 3073 1131 duabus
3104 1072 3311 1145 primis
3342 1071 3603 1128 duorum
3639 1086 3786 1142 qua-

2117 1165 2150 1218 d
2162 1164 2501 1218 richordoru
2513 1181 2563 1217 m
2600 1169 2878 1218 constans
2894 1163 3350 1234 vocibus,neque
3365 1161 3576 1230 eodem
3590 1163 3784 1230 tropo,

2118 1271 2233 1325 quo
2269 1253 2571 1323 incipitur,
2637 1252 2876 1319 ﬁnitur;
2911 1252 3011 1306 sed
3069 1250 3206 1306 hinc
3257 1249 3450 1321 prima
3487 1247 3788 1322 gravium,

2117 1341 2252 1396 inde
2308 1342 2564 1396 secunda
2623 1339 2910 1406 ﬁnalium,
2963 1344 3141 1410 atque
3189 1339 3318 1395 ideo
3364 1337 3504 1393 hinc
3539 1335 3789 1410 proprio

2117 1436 2288 1502 tropo
2313 1431 2478 1485 ainde
2509 1429 2681 1496 lieno,
2716 1429 2823 1484 hoc
2853 1432 2942 1485 est
2970 1429 3207 1484 denter.
3243 1427 3486 1495 ,ﬁnitur.
3517 1425 3797 1484 Secunda

2117 1520 2176 1583 B,
2204 1520 2412 1590 F,quae
2471 1518 2743 1590 deinceps
2770 1535 2885 1572 non
2933 1533 3061 1572 esse
3110 1517 3380 1589 diapente
3423 1516 3663 1588 species
3696 1517 3792 1573 de-

2117 1607 2564 1664 monstrabitur.
2598 1606 2795 1663 Tertia
2822 1608 2883 1670 C,
2909 1607 2976 1670 G,
3009 1607 3057 1661 si
3089 1605 3261 1661 tertia
3289 1605 3403 1661 dici
3435 1608 3662 1678 potest,
3684 1607 3786 1662 uni

2116 1699 2302 1769 prima
2335 1695 2814 1759 deviat,secunda
2843 1695 3080 1750 omnino
3123 1711 3237 1750 non
3269 1699 3360 1751 est
3383 1712 3398 1762 ;
3423 1711 3542 1750 non
3570 1699 3784 1752 tamen

2114 1787 2242 1858 ipsa
2273 1803 2340 1840 ex
2384 1786 2612 1840 duabus
2652 1783 2838 1839 tertiis
2895 1784 3143 1839 duorum
3194 1781 3782 1856 quadrichordorum

2113 1873 2478 1935 vocibus,sed
2530 1873 2665 1927 hinc
2695 1873 2868 1927 tertia
2924 1872 3355 1944 gravium,inde
3385 1875 3602 1944 quarta
3625 1873 3779 1930 ﬁna-

2118 1962 2264 2017 lium
2291 1968 2465 2032 atque
2509 1961 2636 2016 ideo
2669 1961 3058 2017 dissimilibus
3089 1961 3295 2034 tropis,
3347 1961 3484 2018 trito
3545 1961 3782 2019 scilicet

2119 2055 2392 2106 constans
2423 2055 2478 2104 et
2517 2050 2790 2105 tetrardo.
2829 2051 3046 2114 Quarta
3082 2051 3210 2121 jam
3243 2048 3366 2104 sola
3393 2050 3662 2122 perfecta
3686 2068 3778 2108 oc-

2117 2140 2314 2204 currit,
2347 2139 2400 2193 id
2435 2143 2522 2194 est
2555 2139 2620 2208 D,
2652 2141 2698 2194 A
2748 2141 2982 2210 excepto
3025 2138 3181 2210 quod
3213 2138 3336 2193 haec
3379 2155 3499 2194 non
3532 2146 3777 2210 quarto,

2115 2229 2214 2284 sed
2249 2229 2436 2300 primo
2467 2226 2655 2282 ordini
2697 2227 3030 2300 deputatur.
3087 2225 3291 2282 Nonne
3339 2243 3478 2300 ergo
3509 2229 3780 2285 attendis

2114 2319 2268 2388 quod
2300 2316 2557 2371 vicissim
2613 2319 2671 2370 et
2709 2315 3073 2370 diatessaron
3121 2314 3180 2370 in
3225 2314 3528 2384 ﬁnalibus,
3564 2321 3630 2372 et
3657 2317 3779 2373 dia-

2112 2412 2282 2477 pente
2297 2403 2517 2476 species
2527 2402 2810 2458 violenter
2829 2401 3203 2473 requirantur
3223 2402 3283 2458 in
3300 2403 3777 2478 gravibus?Ergo

2111 2495 2263 2566 quod
2305 2491 2639 2549 constitutio
2681 2491 3161 2562 repudiat,forma
3197 2491 3566 2562 tantum,sil‘
3614 2493 3776 2551 Gras-

2109 2600 2243 2638 cum
2275 2588 3046 2654 apponatur,synemmenon
3063 2596 3298 2652 quoque
3320 2581 3446 2637 ﬁeri
3478 2585 3780 2654 potestmt

2109 2672 2184 2728 sit
2214 2670 2382 2743 quasi
2413 2669 2650 2742 I‘prima
2693 2710 2706 2735 ,
2734 2675 2802 2736 Α,
2837 2669 2898 2736 Β,
2922 2669 2986 2733 C,
3020 2673 3062 2722 D
3084 2686 3097 2736 ;
3121 2669 3382 2726 secunda
3403 2675 3474 2736 A,
3509 2670 3576 2737 B,
3602 2671 3675 2739 C,
3709 2677 3772 2740 D,

2107 2761 2188 2827 F;
2223 2759 2392 2816 tertia
2421 2760 2484 2825 B,
2509 2758 2571 2823 C,
2605 2756 2670 2824 D,
2706 2757 3091 2828 E,F;quarta
3118 2757 3178 2826 C,
3211 2761 3278 2825 D,
3311 2759 3377 2824 E,
3411 2759 3475 2826 F,
3509 2759 3581 2814 G.

2178 2850 2341 2904 Nunc
2397 2847 2571 2902 etiam
2614 2845 2686 2901 de
2733 2845 3018 2918 diapason
3068 2845 3375 2916 speciebus
3430 2846 3772 2906 videamus.

2107 2937 2387 3009 Superius
2409 2935 2628 2990 dictum
2679 2938 2768 2990 est
2795 2935 2950 3005 quod
2986 2935 3103 2990 duo
3133 2938 3376 3006 septena
3395 2951 3612 2992 vocum
3648 2939 3774 2995 dis-

2105 3026 2351 3082 crimina
2381 3027 2632 3096 quatuor
2679 3022 2933 3078 reddunt
2985 3023 3440 3094 quadrichorda,
3474 3041 3610 3096 qua
3643 3043 3774 3084 om-

2105 3115 2202 3171 nia
2229 3115 2553 3171 secundum
2605 3110 2960 3167 uniformem
2983 3116 3288 3184 troporum
3319 3115 3774 3173 successionem

2103 3209 2241 3261 sunt
2271 3201 2538 3275 aequalia,
2573 3201 2898 3257 secundum
2924 3199 3354 3258 institutionem
3379 3219 3516 3278 vero
3546 3207 3774 3278 specie-

2101 3310 2233 3350 rum
2264 3291 2535 3362 diapente
2563 3293 2622 3345 et
2641 3289 3002 3344 diatessaron
3035 3289 3294 3361 primum
3316 3291 3514 3362 tertio,
3549 3310 3772 3352 secun-

2100 3383 2242 3437 dum
2267 3378 2488 3452 aequale
2507 3383 2597 3435 est
2644 3381 2872 3450 quarto.
2905 3377 3068 3433 Unde
3119 3395 3358 3435 necesse
3387 3385 3480 3436 est
3499 3386 3588 3450 ut,
3627 3401 3768 3440 cum

2101 3469 2429 3542 superiores
2475 3467 2761 3540 gravium,
2814 3463 3159 3522 excellentes
3197 3471 3410 3524 octavas
3455 3469 3582 3526 sint
3610 3471 3770 3529 ﬁna-

2100 3559 2266 3626 lium,
2301 3561 2553 3628 quatuor
2582 3555 2860 3626 diapason
2908 3553 3132 3626 species
3177 3554 3464 3628 incoepta,
3495 3575 3532 3614 a
3560 3561 3769 3632 gravi-

2101 3649 2212 3704 bus
2243 3647 2523 3702 ﬁniantur
2543 3645 2600 3699 in
2623 3643 3044 3715 superioribus,
3076 3644 3414 3718 eaedemque
3435 3649 3716 3720 repetita:
3735 3667 3771 3706 a

2101 3734 2376 3790 ﬁnalibus
2409 3731 2798 3788 terminentur
2855 3731 2917 3786 in
2947 3731 3390 3789 excellentibus.
3426 3736 3554 3791 Erit
3577 3737 3774 3810 igitur

2103 3824 2292 3896 prima
2319 3828 2388 3892 A,
2419 3839 2451 3877 a
2481 3839 2549 3878 ex
2577 3821 2767 3893 prima
2812 3820 2973 3893 gravi
3005 3826 3062 3876 et
3089 3837 3158 3877 ex
3196 3822 3410 3893 .prima
3437 3827 3771 3898 superiori.

2101 3913 2369 3969 Secunda
2399 3912 2461 3980 Β,
2493 3913 2606 3982 hex
2635 3909 2891 3965 secunda
2920 3908 3079 3982 gravi
3110 3914 3168 3966 et
3195 3926 3266 3970 ex
3293 3913 3562 3970 secunda
3590 3932 3776 3990 supe-

2101 4001 2274 4069 riori;
2305 3999 2480 4056 tertia
2508 3998 2567 4063 C,
2601 4014 2630 4052 ο
2659 4013 2728 4053 ex
2768 3997 2942 4052 tertia
2969 3997 3129 4069 gravi
3187 4003 3244 4054 et
3264 4015 3335 4056 ex
3364 4001 3540 4058 tertia
3579 4019 3774 4079 supe-

2101 4089 2259 4146 riori.
2311 4091 2528 4154 Quarta
2557 4087 2623 4153 D,
2685 4085 2721 4140 d
2777 4101 2846 4142 ex
2875 4089 3086 4156 quarta
3140 4089 3304 4159 gravi
3355 4094 3416 4145 et
3443 4106 3517 4146 ex
3549 4100 3778 4164 quarta

2101 4178 2402 4250 superiori.
2437 4177 2580 4232 Item
2623 4175 2814 4246 prima
2848 4179 3085 4246 propter
3113 4175 3455 4248 praedictam
3486 4195 3774 4240 commu-

2101 4265 2292 4322 nionis
2321 4281 2560 4321 causam
2589 4263 2658 4331 D,
2679 4263 2713 4318 d
2743 4279 2813 4318 ex
2842 4261 3032 4334 prima
3062 4263 3226 4319 ﬁnali
3256 4269 3315 4320 et
3346 4267 3546 4338 prima
3569 4271 3774 4328 excel-

2099 4355 2259 4412 lenti.
2285 4353 2552 4411 Secunda
2575 4353 2638 4420 Ε,
2684 4369 2714 4406 e
2744 4369 2812 4408 ex
2836 4351 3094 4408 secunda
3123 4351 3288 4408 ﬁnali
3319 4357 3377 4410 et
3395 4371 3467 4410 ex
3495 4361 3779 4416 secunda

2099 4443 2422 4500 excellenti.
2483 4441 2677 4496 Tertia
2732 4441 2792 4509 F,
2820 4440 2848 4494 i‘
2888 4456 2954 4496 ex
2981 4439 3151 4496 tertia
3184 4441 3346 4498 ﬁnali
3375 4447 3436 4498 et
3483 4461 3556 4500 ex
3587 4449 3777 4505 tertia

2101 4530 2422 4589 excellenti.
2455 4532 2670 4596 Quarta
2691 4529 2758 4596 G,
2783 4545 2821 4600 g
2849 4543 2918 4584 ex
2939 4532 3149 4600 quarta
3163 4527 3326 4592 ﬁnali
3354 4533 3414 4586 et
3441 4546 3515 4586 ex
3545 4541 3779 4606 quarta

343 4622 481 4694 ipsae
497 4615 1133 4691 disponidetrectentin
1173 4613 1782 4687 gravibus.Ubiprimo
1803 4614 1988 4669 scien-
2017 4629 2062 4691 ι)
2095 4619 2420 4678 excellenti.
2451 4619 2621 4685 Quid,
2646 4633 2864 4688 quaeso,
2891 4617 3387 4690 jucundius,quid
3409 4622 3644 4680 certius
3657 4627 3781 4682 erit

345 4712 486 4766 dum
509 4714 598 4764 est
632 4707 810 4779 quod,
837 4705 988 4762 sicut
1021 4703 1380 4758 diatessaron
1413 4702 1634 4775 species
1656 4719 1758 4773 per
1785 4717 1988 4773 graves

345 4802 404 4854 et
429 4795 653 4862 ﬁnales,
676 4794 758 4850 ita
771 4794 1040 4865 diapente
1061 4791 1286 4863 species
1307 4807 1408 4863 per
1433 4789 1638 4846 ﬁnales
1669 4791 1954 4846 conﬁciun
1982 4822 1990 4831 -

345 4888 442 4940 tur
473 4887 529 4940 et
570 4883 920 4954 superiores.
961 4882 1064 4935 Est
1092 4879 1271 4951 igitur
1318 4880 1508 4952 prima
1537 4879 1604 4944 D,
1637 4897 1670 4934 a
1713 4883 1989 4935 constans

351 4977 515 5040 tono,
537 4970 867 5036 semitonio,
905 4974 1061 5035 tono,
1094 4973 1230 5024 tono
1251 4973 1307 5024 et
1336 4968 1585 5040 propriis
1628 4986 1696 5024 ex
1722 4969 1994 5040 utrinque

348 5060 552 5116 clausa
581 5056 812 5113 litteris.
864 5057 1132 5114 Secunda
1159 5058 1223 5127 E,
1257 5058 1282 5128 ﬁ
1325 5062 1600 5114 constans
1657 5057 1990 5128 semitonio,

347 5153 508 5216 tono,
562 5151 720 5212 tono,
751 5150 889 5201 tono
947 5147 1158 5202 etsuis
1190 5163 1257 5200 ex
1315 5150 1560 5218 utraque
1608 5151 1769 5216 parte
1801 5145 1992 5202 nitens

346 5235 580 5292 litteris.
613 5234 805 5289 Tertia
828 5235 886 5298 F,
920 5252 950 5290 c
976 5241 1250 5290 constans
1288 5239 1447 5299 tono,
1473 5239 1626 5300 tono,
1660 5234 1994 5302 tono,semiv

342 5326 502 5382 tonio
534 5328 590 5378 et
611 5321 862 5392 pr0priis
895 5322 1032 5377 hinc
1061 5322 1196 5376 inde
1229 5321 1459 5375 munita
1504 5319 1734 5376 litteris.
1771 5325 1990 5387 Quarta

345 5415 412 5484 G,
438 5416 474 5470 d
507 5415 788 5468 constans
845 5414 1003 5474 tono,
1038 5417 1198 5474 tono,
1230 5408 1558 5474 semitonio,
1584 5413 1745 5475 tono,
1773 5414 1830 5465 et
1861 5428 1994 5482 pro-

342 5503 485 5575 priis
519 5497 728 5554 litteris
767 5501 886 5549 tam
918 5513 979 5550 se
1025 5497 1212 5566 ipsam
1237 5511 1410 5566 quam
1435 5502 1754 5566 utrumque
1785 5498 1994 5556 ﬁniens

345 5583 872 5664 quadrichordum.
905 5583 1057 5644 Quas
1091 5589 1155 5638 ut
1194 5583 1624 5639 manifestories
1659 5585 1992 5657 reddamus,

346 5679 479 5739 aliis
511 5687 614 5730 eas
668 5669 860 5726 verbis
891 5669 1254 5742 replicemus.
1292 5671 1484 5729 Prima
1519 5676 1578 5741 Ι),
1615 5688 1648 5725 a
1675 5679 1899 5730 constat
1927 5693 1993 5733 ex

2097 4725 2276 4782 quam
2305 4724 2508 4763 omnes
2537 4705 2844 4779 praedictas
2869 4704 3092 4778 species
3121 4707 3428 4780 diapason,
3457 4708 3774 4784 diapente,

2099 4797 2460 4854 diatessaron
2489 4812 2522 4851 a
2576 4811 2679 4849 suo
2711 4793 2914 4850 ordine
2944 4810 3060 4850 non
3117 4794 3350 4852 deviare
3375 4813 3389 4864 ;
3412 4797 3520 4854 sed
3552 4815 3778 4860 omnes

2099 4885 2320 4958 primas
2378 4884 2437 4938 in
2460 4882 2690 4954 primis,
2718 4880 2928 4938 litteris
2967 4882 3568 4954 quadrichordorum,
3597 4887 3664 4944 in
3687 4907 3781 4947 se-

2101 4974 2312 5030 cundis
2349 4972 2664 5040 secundas,
2695 4971 2753 5025 in
2779 4969 2968 5027 tertiis
2996 4971 3218 5039 tertias,
3251 4971 3310 5027 in
3342 4975 3582 5044 quartis
3601 4994 3784 5050 quat.

2101 5068 2190 5120 tas
2219 5060 2551 5118 contineri?

2172 5153 2376 5208 Restat
2395 5149 2587 5206 adhuc
2637 5165 2753 5204 una
2797 5163 2928 5215 vox,
2959 5147 3059 5204 sed
3093 5164 3200 5206 cur
3268 5153 3476 5223 postea
3495 5157 3775 5228 patebit;

2101 5257 2256 5296 nunc
2276 5239 2509 5296 interim
2542 5239 2612 5294 de
2644 5237 2830 5309 tropis
2853 5236 3178 5294 videamus.
3213 5239 3446 5314 Tropus
3490 5248 3587 5300 est
3612 5245 3782 5304 inter

2102 5328 2564 5401 unumquodque
2593 5326 2873 5397 diapason
2905 5325 3226 5383 multarum
3261 5345 3476 5387 vocum
3509 5334 3660 5392 ratis
3686 5338 3780 5393 ef-

2101 5419 2252 5474 fecta
2281 5415 2603 5472 intervallis
2663 5419 2800 5487 apta
2849 5413 2910 5471 in
2941 5431 3128 5472 unum
3157 5432 3374 5490 corpus
3405 5422 3774 5484 modulatio.

2100 5506 2274 5578 Tropi
2307 5511 2502 5560 autem
2531 5507 2672 5560 sunt
2692 5507 2945 5576 quatuor
2965 5504 3024 5559 in
3047 5508 3257 5562 natura
3279 5508 3780 5586 ;sed,sicutpraa-

2102 5595 2322 5650 dictum
2355 5598 2468 5660 est,
2501 5596 2735 5666 prOpter
2756 5592 3179 5665 specialitatem
3203 5597 3498 5654 acuminis
3528 5605 3592 5658 et
3639 5617 3781 5677 grao

2100 5681 2296 5738 vitatis
2329 5679 2786 5737 subdividuntur
2833 5681 2892 5736 in
2931 5683 3204 5750 quatuor.
3235 5685 3388 5740 Sunt
3415 5701 3560 5758 ergo
3582 5687 3780 5748 simul
