  <div class='ocr_page' id='page_1' title='image "/cluster/home/n/w/nwhite01/storage/ocr_20150623/142-143/uc1.31175018423130/950.png"; bbox 0 0 3880 6346; ppageno 0'>
   <div class='ocr_carea' id='block_1_1' title="bbox 99 431 201 493">
    <p class='ocr_par' dir='ltr' id='par_1_1' title="bbox 99 431 201 493">
     <span class='ocr_line' id='line_1_1' title="bbox 99 431 201 493; baseline -0.02 0"><span class='ocrx_word' id='word_1_1' title='bbox 99 431 201 493; x_wconf 70' lang='grc'>421</span> 
     </span>
    </p>
   </div>
   <div class='ocr_carea' id='block_1_2' title="bbox 1401 424 2182 494">
    <p class='ocr_par' dir='ltr' id='par_1_2' title="bbox 1401 424 2182 494">
     <span class='ocr_line' id='line_1_2' title="bbox 1401 424 2182 494; baseline -0.006 -1"><span class='ocrx_word' id='word_1_2' title='bbox 1401 428 1809 494; x_wconf 82' lang='lat' dir='ltr'>OPUSCULA</span> <span class='ocrx_word' id='word_1_3' title='bbox 1860 424 2182 493; x_wconf 82' lang='lat' dir='ltr'>MUSICA.</span> 
     </span>
    </p>
   </div>
   <div class='ocr_carea' id='block_1_3' title="bbox 3381 430 3497 497">
    <p class='ocr_par' dir='ltr' id='par_1_3' title="bbox 3381 430 3497 497">
     <span class='ocr_line' id='line_1_3' title="bbox 3381 430 3497 497; baseline 0.017 -2"><span class='ocrx_word' id='word_1_4' title='bbox 3381 430 3497 497; x_wconf 68' lang='lat'>422</span> 
     </span>
    </p>
   </div>
   <div class='ocr_carea' id='block_1_4' title="bbox 98 562 3491 635">
    <p class='ocr_par' dir='ltr' id='par_1_4' title="bbox 98 562 3491 635">
     <span class='ocr_line' id='line_1_4' title="bbox 98 562 3491 635; baseline 0.001 -15"><span class='ocrx_word' id='word_1_5' title='bbox 98 567 234 626; x_wconf 90' lang='lat' dir='ltr'>octo,</span> <span class='ocrx_word' id='word_1_6' title='bbox 264 576 513 634; x_wconf 86' lang='lat' dir='ltr'>quarum</span> <span class='ocrx_word' id='word_1_7' title='bbox 546 568 802 635; x_wconf 81' lang='lat' dir='ltr'>quatuOr</span> <span class='ocrx_word' id='word_1_8' title='bbox 832 563 1132 631; x_wconf 88' lang='lat' dir='ltr'>autentici,</span> <span class='ocrx_word' id='word_1_9' title='bbox 1157 564 1213 619; x_wconf 91' lang='lat' dir='ltr'>id</span> <span class='ocrx_word' id='word_1_10' title='bbox 1248 568 1335 618; x_wconf 89' lang='lat' dir='ltr'>est</span> <span class='ocrx_word' id='word_1_11' title='bbox 1374 563 1720 627; x_wconf 86' lang='lat' dir='ltr'>auctorales,</span> <span class='ocrx_word' id='word_1_12' title='bbox 1758 570 1809 634; x_wconf 66' lang='grc' dir='ltr'><strong>Α</strong></span> <span class='ocrx_word' id='word_1_13' title='bbox 1837 573 1883 633; x_wconf 64' lang='lat' dir='ltr'>q,</span> <span class='ocrx_word' id='word_1_14' title='bbox 1919 562 1975 615; x_wconf 88' lang='lat' dir='ltr'>id</span> <span class='ocrx_word' id='word_1_15' title='bbox 2010 566 2097 616; x_wconf 89' lang='lat' dir='ltr'>est</span> <span class='ocrx_word' id='word_1_16' title='bbox 2128 563 2253 631; x_wconf 86' lang='lat' dir='ltr'>ejus</span> <span class='ocrx_word' id='word_1_17' title='bbox 2278 563 2691 617; x_wconf 85' lang='lat' dir='ltr'>acutissimum</span> <span class='ocrx_word' id='word_1_18' title='bbox 2724 567 2780 617; x_wconf 87' lang='lat' dir='ltr'>et</span> <span class='ocrx_word' id='word_1_19' title='bbox 2809 564 3244 635; x_wconf 88' lang='lat' dir='ltr'>gravissimum,</span> <span class='ocrx_word' id='word_1_20' title='bbox 3277 566 3312 619; x_wconf 76' lang='grc' dir='ltr'>Ε</span> <span class='ocrx_word' id='word_1_21' title='bbox 3354 582 3491 623; x_wconf 89' lang='lat' dir='ltr'>vero</span> 
     </span>
    </p>
   </div>
   <div class='ocr_carea' id='block_1_5' title="bbox 98 649 1734 724">
    <p class='ocr_par' dir='ltr' id='par_1_5' title="bbox 98 649 1734 724">
     <span class='ocr_line' id='line_1_5' title="bbox 98 649 1734 724; baseline -0.001 -17"><span class='ocrx_word' id='word_1_22' title='bbox 98 656 294 724; x_wconf 87' lang='lat' dir='ltr'>quater</span> <span class='ocrx_word' id='word_1_23' title='bbox 321 649 523 723; x_wconf 65' lang='lat' dir='ltr'>plagae,</span> <span class='ocrx_word' id='word_1_24' title='bbox 558 652 615 706; x_wconf 91' lang='lat' dir='ltr'>id</span> <span class='ocrx_word' id='word_1_25' title='bbox 656 657 744 708; x_wconf 89' lang='lat' dir='ltr'>est</span> <span class='ocrx_word' id='word_1_26' title='bbox 793 656 1002 707; x_wconf 86' lang='lat' dir='ltr'>lateres</span> <span class='ocrx_word' id='word_1_27' title='bbox 1044 657 1131 707; x_wconf 91' lang='lat' dir='ltr'>vel</span> <span class='ocrx_word' id='word_1_28' title='bbox 1180 652 1525 723; x_wconf 87' lang='lat' dir='ltr'>subjugales</span> <span class='ocrx_word' id='word_1_29' title='bbox 1568 656 1734 706; x_wconf 91' lang='lat' dir='ltr'>sunt.</span> 
     </span>
    </p>
   </div>
   <div class='ocr_carea' id='block_1_6' title="bbox 98 738 1734 811">
    <p class='ocr_par' dir='ltr' id='par_1_6' title="bbox 98 738 1734 811">
     <span class='ocr_line' id='line_1_6' title="bbox 98 738 1734 811; baseline 0.001 -19"><span class='ocrx_word' id='word_1_30' title='bbox 98 739 381 795; x_wconf 74' lang='lat' dir='ltr'>Vocantur</span> <span class='ocrx_word' id='word_1_31' title='bbox 408 738 490 793; x_wconf 90' lang='lat' dir='ltr'>ita</span> <span class='ocrx_word' id='word_1_32' title='bbox 518 740 843 795; x_wconf 76' lang='lat' dir='ltr'>secundum</span> <span class='ocrx_word' id='word_1_33' title='bbox 875 746 1127 797; x_wconf 83' lang='lat' dir='ltr'>veteres:</span> <span class='ocrx_word' id='word_1_34' title='bbox 1161 741 1389 805; x_wconf 89' lang='lat' dir='ltr'>Dorius,</span> <span class='ocrx_word' id='word_1_35' title='bbox 1420 740 1734 811; x_wconf 84' lang='lat' dir='ltr'>Phrygius,</span> 
     </span>
    </p>
   </div>
   <div class='ocr_carea' id='block_1_7' title="bbox 98 826 1745 901">
    <p class='ocr_par' dir='ltr' id='par_1_7' title="bbox 98 826 1745 901">
     <span class='ocr_line' id='line_1_7' title="bbox 98 826 1745 901; baseline -0.001 -18"><span class='ocrx_word' id='word_1_36' title='bbox 98 827 308 890; x_wconf 85' lang='lat' dir='ltr'>Lidius,</span> <span class='ocrx_word' id='word_1_37' title='bbox 326 826 661 884; x_wconf 81' lang='lat' dir='ltr'>Mixolidius</span> <span class='ocrx_word' id='word_1_38' title='bbox 683 830 1054 901; x_wconf 89' lang='lat' dir='ltr'>;subjugales</span> <span class='ocrx_word' id='word_1_39' title='bbox 1073 846 1207 885; x_wconf 83' lang='lat' dir='ltr'>vero</span> <span class='ocrx_word' id='word_1_40' title='bbox 1223 831 1303 884; x_wconf 89' lang='lat' dir='ltr'>ita</span> <span class='ocrx_word' id='word_1_41' title='bbox 1324 848 1336 884; x_wconf 88' lang='lat'><strong><em>:</em></strong></span> <span class='ocrx_word' id='word_1_42' title='bbox 1360 829 1745 901; x_wconf 81' lang='lat' dir='ltr'>hypodorius,</span> 
     </span>
    </p>
   </div>
   <div class='ocr_carea' id='block_1_8' title="bbox 96 915 1741 991">
    <p class='ocr_par' dir='ltr' id='par_1_8' title="bbox 96 915 1741 991">
     <span class='ocr_line' id='line_1_8' title="bbox 96 915 1741 991; baseline -0.001 -19"><span class='ocrx_word' id='word_1_43' title='bbox 96 915 546 989; x_wconf 82' lang='lat' dir='ltr'>bypophrygius,</span> <span class='ocrx_word' id='word_1_44' title='bbox 583 918 936 990; x_wconf 77' lang='lat' dir='ltr'>bypolidius,</span> <span class='ocrx_word' id='word_1_45' title='bbox 968 918 1485 991; x_wconf 78' lang='lat' dir='ltr'>hypomixolidius,</span> <span class='ocrx_word' id='word_1_46' title='bbox 1516 920 1741 971; x_wconf 89' lang='lat' dir='ltr'>Auten-</span> 
     </span>
    </p>
   </div>
   <div class='ocr_carea' id='block_1_9' title="bbox 100 1006 1735 1076">
    <p class='ocr_par' dir='ltr' id='par_1_9' title="bbox 100 1006 1735 1076">
     <span class='ocr_line' id='line_1_9' title="bbox 100 1006 1735 1076; baseline -0.001 -15"><span class='ocrx_word' id='word_1_47' title='bbox 100 1006 209 1073; x_wconf 91' lang='lat' dir='ltr'>tici,</span> <span class='ocrx_word' id='word_1_48' title='bbox 236 1006 374 1076; x_wconf 87' lang='lat' dir='ltr'>quia</span> <span class='ocrx_word' id='word_1_49' title='bbox 403 1006 681 1062; x_wconf 82' lang='lat' dir='ltr'>ﬁnalibus</span> <span class='ocrx_word' id='word_1_50' title='bbox 725 1008 1156 1062; x_wconf 88' lang='lat' dir='ltr'>concluduntur</span> <span class='ocrx_word' id='word_1_51' title='bbox 1202 1013 1257 1061; x_wconf 92' lang='lat' dir='ltr'>et</span> <span class='ocrx_word' id='word_1_52' title='bbox 1295 1006 1735 1070; x_wconf 73' lang='lat' dir='ltr'>excellentibus,</span> 
     </span>
    </p>
   </div>
   <div class='ocr_carea' id='block_1_10' title="bbox 98 1092 1745 1166">
    <p class='ocr_par' dir='ltr' id='par_1_10' title="bbox 98 1092 1745 1166">
     <span class='ocr_line' id='line_1_10' title="bbox 98 1092 1745 1166; baseline 0 -17"><span class='ocrx_word' id='word_1_53' title='bbox 98 1095 184 1150; x_wconf 91' lang='lat' dir='ltr'>his</span> <span class='ocrx_word' id='word_1_54' title='bbox 213 1110 314 1165; x_wconf 90' lang='lat' dir='ltr'>pro</span> <span class='ocrx_word' id='word_1_55' title='bbox 351 1092 680 1150; x_wconf 91' lang='lat' dir='ltr'>litterarum</span> <span class='ocrx_word' id='word_1_56' title='bbox 730 1096 1018 1166; x_wconf 82' lang='lat' dir='ltr'>positione</span> <span class='ocrx_word' id='word_1_57' title='bbox 1067 1101 1354 1150; x_wconf 88' lang='lat' dir='ltr'>vocantur</span> <span class='ocrx_word' id='word_1_58' title='bbox 1401 1095 1745 1150; x_wconf 87' lang='lat' dir='ltr'>nominibus</span> 
     </span>
    </p>
   </div>
   <div class='ocr_carea' id='block_1_11' title="bbox 100 1181 1749 1255">
    <p class='ocr_par' dir='ltr' id='par_1_11' title="bbox 100 1181 1749 1255">
     <span class='ocr_line' id='line_1_11' title="bbox 100 1181 1749 1255; baseline -0.002 -16"><span class='ocrx_word' id='word_1_59' title='bbox 100 1184 163 1254; x_wconf 89' lang='lat' dir='ltr'>D,</span> <span class='ocrx_word' id='word_1_60' title='bbox 193 1183 255 1253; x_wconf 88' lang='lat' dir='ltr'>E,</span> <span class='ocrx_word' id='word_1_61' title='bbox 287 1181 349 1252; x_wconf 86' lang='lat' dir='ltr'>F,</span> <span class='ocrx_word' id='word_1_62' title='bbox 380 1184 445 1249; x_wconf 89' lang='lat' dir='ltr'>G,</span> <span class='ocrx_word' id='word_1_63' title='bbox 474 1183 532 1250; x_wconf 91' lang='lat' dir='ltr'>d,</span> <span class='ocrx_word' id='word_1_64' title='bbox 557 1200 606 1249; x_wconf 90' lang='lat' dir='ltr'>e,</span> <span class='ocrx_word' id='word_1_65' title='bbox 644 1184 682 1249; x_wconf 80' lang='lat' dir='ltr'>f,</span> <span class='ocrx_word' id='word_1_66' title='bbox 716 1201 788 1255; x_wconf 88' lang='lat' dir='ltr'>g;</span> <span class='ocrx_word' id='word_1_67' title='bbox 821 1184 1165 1255; x_wconf 81' lang='lat' dir='ltr'>subjugales</span> <span class='ocrx_word' id='word_1_68' title='bbox 1196 1200 1350 1238; x_wconf 90' lang='lat' dir='ltr'>vero:</span> <span class='ocrx_word' id='word_1_69' title='bbox 1380 1185 1519 1255; x_wconf 89' lang='lat' dir='ltr'>quia</span> <span class='ocrx_word' id='word_1_70' title='bbox 1554 1182 1749 1254; x_wconf 85' lang='lat' dir='ltr'>gravi-</span> 
     </span>
    </p>
   </div>
   <div class='ocr_carea' id='block_1_12' title="bbox 97 1271 1750 1343">
    <p class='ocr_par' dir='ltr' id='par_1_12' title="bbox 97 1271 1750 1343">
     <span class='ocr_line' id='line_1_12' title="bbox 97 1271 1750 1343; baseline -0.001 -16"><span class='ocrx_word' id='word_1_71' title='bbox 97 1273 200 1327; x_wconf 83' lang='lat' dir='ltr'>bus</span> <span class='ocrx_word' id='word_1_72' title='bbox 234 1276 728 1327; x_wconf 68' lang='lat' dir='ltr'>connectunturet</span> <span class='ocrx_word' id='word_1_73' title='bbox 746 1272 1169 1343; x_wconf 90' lang='lat' dir='ltr'>superioribus,</span> <span class='ocrx_word' id='word_1_74' title='bbox 1196 1272 1377 1343; x_wconf 89' lang='lat' dir='ltr'>etipsi</span> <span class='ocrx_word' id='word_1_75' title='bbox 1397 1272 1510 1326; x_wconf 88' lang='lat' dir='ltr'>ista</span> <span class='ocrx_word' id='word_1_76' title='bbox 1533 1288 1566 1326; x_wconf 90' lang='lat' dir='ltr'>a</span> <span class='ocrx_word' id='word_1_77' title='bbox 1598 1271 1750 1325; x_wconf 89' lang='lat' dir='ltr'>litte-</span> 
     </span>
    </p>
   </div>
   <div class='ocr_carea' id='block_1_13' title="bbox 103 1357 1749 1428">
    <p class='ocr_par' dir='ltr' id='par_1_13' title="bbox 103 1357 1749 1428">
     <span class='ocr_line' id='line_1_13' title="bbox 103 1357 1749 1428; baseline 0 -15"><span class='ocrx_word' id='word_1_78' title='bbox 103 1360 177 1415; x_wconf 86' lang='lat' dir='ltr'>ris</span> <span class='ocrx_word' id='word_1_79' title='bbox 203 1357 449 1415; x_wconf 82' lang='lat' dir='ltr'>trabunt</span> <span class='ocrx_word' id='word_1_80' title='bbox 478 1359 759 1415; x_wconf 89' lang='lat' dir='ltr'>vocabula</span> <span class='ocrx_word' id='word_1_81' title='bbox 784 1362 850 1427; x_wconf 85' lang='lat' dir='ltr'>A,</span> <span class='ocrx_word' id='word_1_82' title='bbox 884 1360 948 1427; x_wconf 87' lang='grc' dir='ltr'><em>Β,</em></span> <span class='ocrx_word' id='word_1_83' title='bbox 980 1365 1037 1428; x_wconf 93' lang='lat' dir='ltr'>C,</span> <span class='ocrx_word' id='word_1_84' title='bbox 1074 1361 1138 1426; x_wconf 92' lang='lat' dir='ltr'>D,</span> <span class='ocrx_word' id='word_1_85' title='bbox 1164 1377 1214 1427; x_wconf 88' lang='lat' dir='ltr'>a,</span> <span class='ocrx_word' id='word_1_86' title='bbox 1249 1365 1294 1428; x_wconf 67' lang='grc' dir='ltr'>ῃ,</span> <span class='ocrx_word' id='word_1_87' title='bbox 1326 1377 1374 1427; x_wconf 92' lang='lat' dir='ltr'>c,</span> <span class='ocrx_word' id='word_1_88' title='bbox 1411 1361 1468 1415; x_wconf 92' lang='lat' dir='ltr'>d.</span> <span class='ocrx_word' id='word_1_89' title='bbox 1514 1364 1749 1414; x_wconf 89' lang='lat' dir='ltr'>Vocan-</span> 
     </span>
    </p>
   </div>
   <div class='ocr_carea' id='block_1_14' title="bbox 97 1447 1749 1521">
    <p class='ocr_par' dir='ltr' id='par_1_14' title="bbox 97 1447 1749 1521">
     <span class='ocr_line' id='line_1_14' title="bbox 97 1447 1749 1521; baseline 0 -19"><span class='ocrx_word' id='word_1_90' title='bbox 97 1454 188 1503; x_wconf 90' lang='lat' dir='ltr'>tur</span> <span class='ocrx_word' id='word_1_91' title='bbox 215 1447 391 1503; x_wconf 84' lang='lat' dir='ltr'>etiam</span> <span class='ocrx_word' id='word_1_92' title='bbox 424 1449 703 1504; x_wconf 90' lang='lat' dir='ltr'>autentici</span> <span class='ocrx_word' id='word_1_93' title='bbox 735 1454 791 1505; x_wconf 92' lang='lat' dir='ltr'>et</span> <span class='ocrx_word' id='word_1_94' title='bbox 813 1450 883 1503; x_wconf 90' lang='lat' dir='ltr'>ab</span> <span class='ocrx_word' id='word_1_95' title='bbox 917 1450 1121 1504; x_wconf 88' lang='lat' dir='ltr'>ordine</span> <span class='ocrx_word' id='word_1_96' title='bbox 1168 1456 1389 1521; x_wconf 89' lang='lat' dir='ltr'>protus,</span> <span class='ocrx_word' id='word_1_97' title='bbox 1443 1449 1749 1519; x_wconf 89' lang='lat' dir='ltr'>deuterus,</span> 
     </span>
    </p>
   </div>
   <div class='ocr_carea' id='block_1_15' title="bbox 98 1536 1749 1605">
    <p class='ocr_par' dir='ltr' id='par_1_15' title="bbox 98 1536 1749 1605">
     <span class='ocr_line' id='line_1_15' title="bbox 98 1536 1749 1605; baseline -0.001 -13"><span class='ocrx_word' id='word_1_98' title='bbox 98 1536 283 1605; x_wconf 89' lang='lat' dir='ltr'>tritus,</span> <span class='ocrx_word' id='word_1_99' title='bbox 320 1538 638 1593; x_wconf 89' lang='lat' dir='ltr'>tetrardus.</span> <span class='ocrx_word' id='word_1_100' title='bbox 687 1538 798 1593; x_wconf 87' lang='lat' dir='ltr'>Sed</span> <span class='ocrx_word' id='word_1_101' title='bbox 843 1538 950 1593; x_wconf 88' lang='lat' dir='ltr'>hoc</span> <span class='ocrx_word' id='word_1_102' title='bbox 996 1539 1321 1594; x_wconf 86' lang='lat' dir='ltr'>secundum</span> <span class='ocrx_word' id='word_1_103' title='bbox 1367 1538 1749 1593; x_wconf 90' lang='lat' dir='ltr'>monocbordi</span> 
     </span>
    </p>
   </div>
   <div class='ocr_carea' id='block_1_16' title="bbox 96 1626 1749 1699">
    <p class='ocr_par' dir='ltr' id='par_1_16' title="bbox 96 1626 1749 1699">
     <span class='ocr_line' id='line_1_16' title="bbox 96 1626 1749 1699; baseline -0.001 -17"><span class='ocrx_word' id='word_1_104' title='bbox 96 1626 446 1698; x_wconf 82' lang='lat' dir='ltr'>positionem</span> <span class='ocrx_word' id='word_1_105' title='bbox 491 1627 575 1694; x_wconf 80' lang='lat' dir='ltr'>tit,</span> <span class='ocrx_word' id='word_1_106' title='bbox 628 1643 745 1683; x_wconf 89' lang='lat' dir='ltr'>non</span> <span class='ocrx_word' id='word_1_107' title='bbox 792 1628 1117 1683; x_wconf 92' lang='lat' dir='ltr'>secundum</span> <span class='ocrx_word' id='word_1_108' title='bbox 1186 1627 1552 1699; x_wconf 90' lang='lat' dir='ltr'>dignitatem.</span> <span class='ocrx_word' id='word_1_109' title='bbox 1604 1627 1749 1681; x_wconf 87' lang='lat' dir='ltr'>Nam</span> 
     </span>
    </p>
   </div>
   <div class='ocr_carea' id='block_1_17' title="bbox 96 1713 1753 1787">
    <p class='ocr_par' dir='ltr' id='par_1_17' title="bbox 96 1713 1753 1787">
     <span class='ocr_line' id='line_1_17' title="bbox 96 1713 1753 1787; baseline -0.001 -17"><span class='ocrx_word' id='word_1_110' title='bbox 96 1713 509 1787; x_wconf 64' lang='lat' dir='ltr'>unusquisq&#39;e</span> <span class='ocrx_word' id='word_1_111' title='bbox 538 1732 741 1771; x_wconf 89' lang='lat' dir='ltr'>eorum</span> <span class='ocrx_word' id='word_1_112' title='bbox 773 1716 1104 1771; x_wconf 90' lang='lat' dir='ltr'>autenticus</span> <span class='ocrx_word' id='word_1_113' title='bbox 1136 1720 1243 1782; x_wconf 89' lang='lat' dir='ltr'>est,</span> <span class='ocrx_word' id='word_1_114' title='bbox 1281 1715 1387 1770; x_wconf 89' lang='lat' dir='ltr'>hoc</span> <span class='ocrx_word' id='word_1_115' title='bbox 1418 1720 1506 1771; x_wconf 90' lang='lat' dir='ltr'>est</span> <span class='ocrx_word' id='word_1_116' title='bbox 1548 1720 1753 1769; x_wconf 79' lang='lat' dir='ltr'>auctor</span> 
     </span>
    </p>
   </div>
   <div class='ocr_carea' id='block_1_18' title="bbox 98 1803 1751 1875">
    <p class='ocr_par' dir='ltr' id='par_1_18' title="bbox 98 1803 1751 1875">
     <span class='ocr_line' id='line_1_18' title="bbox 98 1803 1751 1875; baseline -0.001 -16"><span class='ocrx_word' id='word_1_117' title='bbox 98 1804 210 1859; x_wconf 88' lang='lat' dir='ltr'>sive</span> <span class='ocrx_word' id='word_1_118' title='bbox 235 1803 541 1875; x_wconf 74' lang='lat' dir='ltr'>magister.</span> <span class='ocrx_word' id='word_1_119' title='bbox 576 1804 783 1859; x_wconf 91' lang='lat' dir='ltr'>Protus</span> <span class='ocrx_word' id='word_1_120' title='bbox 815 1810 951 1859; x_wconf 91' lang='lat' dir='ltr'>tono</span> <span class='ocrx_word' id='word_1_121' title='bbox 985 1822 1017 1859; x_wconf 91' lang='lat' dir='ltr'>a</span> <span class='ocrx_word' id='word_1_122' title='bbox 1045 1806 1304 1870; x_wconf 90' lang='lat' dir='ltr'>deutero,</span> <span class='ocrx_word' id='word_1_123' title='bbox 1338 1804 1437 1859; x_wconf 85' lang='lat' dir='ltr'>sed</span> <span class='ocrx_word' id='word_1_124' title='bbox 1485 1804 1611 1875; x_wconf 89' lang='lat' dir='ltr'>ipse</span> <span class='ocrx_word' id='word_1_125' title='bbox 1660 1820 1751 1858; x_wconf 90' lang='lat' dir='ltr'>se-</span> 
     </span>
    </p>
   </div>
   <div class='ocr_carea' id='block_1_19' title="bbox 99 1892 1641 1964">
    <p class='ocr_par' dir='ltr' id='par_1_19' title="bbox 99 1892 1641 1964">
     <span class='ocr_line' id='line_1_19' title="bbox 99 1892 1641 1964; baseline -0.001 -17"><span class='ocrx_word' id='word_1_126' title='bbox 99 1892 340 1947; x_wconf 90' lang='lat' dir='ltr'>mitonio</span> <span class='ocrx_word' id='word_1_127' title='bbox 371 1908 408 1946; x_wconf 88' lang='lat' dir='ltr'>a</span> <span class='ocrx_word' id='word_1_128' title='bbox 437 1894 593 1958; x_wconf 90' lang='lat' dir='ltr'>trito,</span> <span class='ocrx_word' id='word_1_129' title='bbox 629 1893 726 1964; x_wconf 91' lang='lat' dir='ltr'>qui</span> <span class='ocrx_word' id='word_1_130' title='bbox 754 1892 890 1947; x_wconf 86' lang='lat' dir='ltr'>item</span> <span class='ocrx_word' id='word_1_131' title='bbox 924 1898 1060 1948; x_wconf 90' lang='lat' dir='ltr'>tono</span> <span class='ocrx_word' id='word_1_132' title='bbox 1092 1893 1270 1947; x_wconf 84' lang='lat' dir='ltr'>distat</span> <span class='ocrx_word' id='word_1_133' title='bbox 1300 1910 1333 1947; x_wconf 91' lang='lat' dir='ltr'>a</span> <span class='ocrx_word' id='word_1_134' title='bbox 1366 1894 1641 1947; x_wconf 91' lang='lat' dir='ltr'>tetrardo.</span> 
     </span>
    </p>
   </div>
   <div class='ocr_carea' id='block_1_20' title="bbox 164 1980 1752 2053">
    <p class='ocr_par' dir='ltr' id='par_1_20' title="bbox 164 1980 1752 2053">
     <span class='ocr_line' id='line_1_20' title="bbox 164 1980 1752 2053; baseline 0 -18"><span class='ocrx_word' id='word_1_135' title='bbox 164 1980 331 2035; x_wconf 87' lang='lat' dir='ltr'>Nunc</span> <span class='ocrx_word' id='word_1_136' title='bbox 357 1982 515 2052; x_wconf 92' lang='lat' dir='ltr'>quod</span> <span class='ocrx_word' id='word_1_137' title='bbox 550 1981 853 2052; x_wconf 83' lang='lat' dir='ltr'>hucusque</span> <span class='ocrx_word' id='word_1_138' title='bbox 885 1982 1057 2053; x_wconf 89' lang='lat' dir='ltr'>longo</span> <span class='ocrx_word' id='word_1_139' title='bbox 1090 1988 1337 2037; x_wconf 89' lang='lat' dir='ltr'>tractum</span> <span class='ocrx_word' id='word_1_140' title='bbox 1354 1987 1441 2037; x_wconf 89' lang='lat' dir='ltr'>est</span> <span class='ocrx_word' id='word_1_141' title='bbox 1464 1997 1752 2046; x_wconf 87' lang='lat' dir='ltr'>sermone,</span> 
     </span>
    </p>
   </div>
   <div class='ocr_carea' id='block_1_21' title="bbox 97 2069 1756 2141">
    <p class='ocr_par' dir='ltr' id='par_1_21' title="bbox 97 2069 1756 2141">
     <span class='ocr_line' id='line_1_21' title="bbox 97 2069 1756 2141; baseline 0.001 -18"><span class='ocrx_word' id='word_1_142' title='bbox 97 2069 197 2124; x_wconf 89' lang='lat' dir='ltr'>hoc</span> <span class='ocrx_word' id='word_1_143' title='bbox 226 2070 580 2141; x_wconf 83' lang='lat' dir='ltr'>compendio</span> <span class='ocrx_word' id='word_1_144' title='bbox 604 2071 990 2125; x_wconf 85' lang='lat' dir='ltr'>terminemus</span> <span class='ocrx_word' id='word_1_145' title='bbox 1015 2090 1026 2137; x_wconf 90' lang='lat'>;</span> <span class='ocrx_word' id='word_1_146' title='bbox 1055 2076 1118 2124; x_wconf 94' lang='lat' dir='ltr'>ut</span> <span class='ocrx_word' id='word_1_147' title='bbox 1140 2087 1623 2141; x_wconf 88' lang='lat' dir='ltr'>unumquemque</span> <span class='ocrx_word' id='word_1_148' title='bbox 1648 2076 1756 2125; x_wconf 89' lang='lat' dir='ltr'>tro-</span> 
     </span>
    </p>
   </div>
   <div class='ocr_carea' id='block_1_22' title="bbox 97 2158 1755 2231">
    <p class='ocr_par' dir='ltr' id='par_1_22' title="bbox 97 2158 1755 2231">
     <span class='ocr_line' id='line_1_22' title="bbox 97 2158 1755 2231; baseline 0.001 -18"><span class='ocrx_word' id='word_1_149' title='bbox 97 2174 232 2230; x_wconf 88' lang='lat' dir='ltr'>pum</span> <span class='ocrx_word' id='word_1_150' title='bbox 264 2158 394 2214; x_wconf 89' lang='lat' dir='ltr'>suis</span> <span class='ocrx_word' id='word_1_151' title='bbox 429 2158 854 2231; x_wconf 87' lang='lat' dir='ltr'>principalibus</span> <span class='ocrx_word' id='word_1_152' title='bbox 886 2160 1113 2226; x_wconf 86' lang='lat' dir='ltr'>litteris,</span> <span class='ocrx_word' id='word_1_153' title='bbox 1151 2160 1402 2231; x_wconf 83' lang='lat' dir='ltr'>propriis</span> <span class='ocrx_word' id='word_1_154' title='bbox 1434 2162 1610 2214; x_wconf 88' lang='lat' dir='ltr'>etiam</span> <span class='ocrx_word' id='word_1_155' title='bbox 1632 2177 1755 2215; x_wconf 90' lang='lat' dir='ltr'>om-</span> 
     </span>
    </p>
   </div>
   <div class='ocr_carea' id='block_1_23' title="bbox 101 2247 1757 2319">
    <p class='ocr_par' dir='ltr' id='par_1_23' title="bbox 101 2247 1757 2319">
     <span class='ocr_line' id='line_1_23' title="bbox 101 2247 1757 2319; baseline 0.001 -18"><span class='ocrx_word' id='word_1_156' title='bbox 101 2247 255 2302; x_wconf 90' lang='lat' dir='ltr'>nium</span> <span class='ocrx_word' id='word_1_157' title='bbox 291 2250 817 2303; x_wconf 89' lang='lat' dir='ltr'>consonantiarum</span> <span class='ocrx_word' id='word_1_158' title='bbox 850 2248 1584 2319; x_wconf 86' lang='lat' dir='ltr'>speciebusint‘ormemus:</span> <span class='ocrx_word' id='word_1_159' title='bbox 1618 2265 1757 2319; x_wconf 85' lang='lat' dir='ltr'>qua-</span> 
     </span>
    </p>
   </div>
   <div class='ocr_carea' id='block_1_24' title="bbox 98 2337 1754 2409">
    <p class='ocr_par' dir='ltr' id='par_1_24' title="bbox 98 2337 1754 2409">
     <span class='ocr_line' id='line_1_24' title="bbox 98 2337 1754 2409; baseline 0 -18"><span class='ocrx_word' id='word_1_160' title='bbox 98 2342 262 2392; x_wconf 89' lang='lat' dir='ltr'>tenus</span> <span class='ocrx_word' id='word_1_161' title='bbox 286 2343 642 2409; x_wconf 87' lang='lat' dir='ltr'>protoomne</span> <span class='ocrx_word' id='word_1_162' title='bbox 663 2337 945 2409; x_wconf 90' lang='lat' dir='ltr'>primum,</span> <span class='ocrx_word' id='word_1_163' title='bbox 968 2338 1204 2393; x_wconf 90' lang='lat' dir='ltr'>deutero</span> <span class='ocrx_word' id='word_1_164' title='bbox 1220 2354 1389 2393; x_wconf 90' lang='lat' dir='ltr'>omne</span> <span class='ocrx_word' id='word_1_165' title='bbox 1405 2338 1754 2405; x_wconf 79' lang='lat' dir='ltr'>secundum,</span> 
     </span>
    </p>
   </div>
   <div class='ocr_carea' id='block_1_25' title="bbox 99 2426 1753 2497">
    <p class='ocr_par' dir='ltr' id='par_1_25' title="bbox 99 2426 1753 2497">
     <span class='ocr_line' id='line_1_25' title="bbox 99 2426 1753 2497; baseline 0.001 -18"><span class='ocrx_word' id='word_1_166' title='bbox 99 2426 228 2482; x_wconf 89' lang='lat' dir='ltr'>trito</span> <span class='ocrx_word' id='word_1_167' title='bbox 246 2442 427 2481; x_wconf 90' lang='lat' dir='ltr'>omne</span> <span class='ocrx_word' id='word_1_168' title='bbox 452 2427 712 2493; x_wconf 90' lang='lat' dir='ltr'>tertium,</span> <span class='ocrx_word' id='word_1_169' title='bbox 738 2428 993 2481; x_wconf 88' lang='lat' dir='ltr'>tetrardo</span> <span class='ocrx_word' id='word_1_170' title='bbox 1015 2444 1185 2481; x_wconf 90' lang='lat' dir='ltr'>omne</span> <span class='ocrx_word' id='word_1_171' title='bbox 1228 2428 1581 2497; x_wconf 86' lang='lat' dir='ltr'>suscipiente</span> <span class='ocrx_word' id='word_1_172' title='bbox 1612 2443 1753 2497; x_wconf 90' lang='lat' dir='ltr'>qua-</span> 
     </span>
    </p>
   </div>
   <div class='ocr_carea' id='block_1_26' title="bbox 104 2515 1754 2587">
    <p class='ocr_par' dir='ltr' id='par_1_26' title="bbox 104 2515 1754 2587">
     <span class='ocr_line' id='line_1_26' title="bbox 104 2515 1754 2587; baseline 0 -18"><span class='ocrx_word' id='word_1_173' title='bbox 104 2519 247 2582; x_wconf 87' lang='lat' dir='ltr'>tum,</span> <span class='ocrx_word' id='word_1_174' title='bbox 279 2515 365 2570; x_wconf 89' lang='lat' dir='ltr'>nil</span> <span class='ocrx_word' id='word_1_175' title='bbox 398 2515 679 2582; x_wconf 87' lang='lat' dir='ltr'>otiosum,</span> <span class='ocrx_word' id='word_1_176' title='bbox 705 2515 783 2569; x_wconf 91' lang='lat' dir='ltr'>nil</span> <span class='ocrx_word' id='word_1_177' title='bbox 810 2517 1174 2587; x_wconf 81' lang='lat' dir='ltr'>superfluum</span> <span class='ocrx_word' id='word_1_178' title='bbox 1201 2516 1585 2585; x_wconf 90' lang='lat' dir='ltr'>relinquatur.</span> <span class='ocrx_word' id='word_1_179' title='bbox 1619 2516 1754 2570; x_wconf 90' lang='lat' dir='ltr'>Pro-</span> 
     </span>
    </p>
   </div>
   <div class='ocr_carea' id='block_1_27' title="bbox 100 2604 1756 2675">
    <p class='ocr_par' dir='ltr' id='par_1_27' title="bbox 100 2604 1756 2675">
     <span class='ocr_line' id='line_1_27' title="bbox 100 2604 1756 2675; baseline -0.001 -17"><span class='ocrx_word' id='word_1_180' title='bbox 100 2607 193 2659; x_wconf 88' lang='lat' dir='ltr'>tus</span> <span class='ocrx_word' id='word_1_181' title='bbox 220 2620 359 2659; x_wconf 88' lang='lat' dir='ltr'>cum</span> <span class='ocrx_word' id='word_1_182' title='bbox 396 2620 508 2658; x_wconf 92' lang='lat' dir='ltr'>suo</span> <span class='ocrx_word' id='word_1_183' title='bbox 541 2604 1014 2675; x_wconf 87' lang='lat' dir='ltr'>subjugali,quia</span> <span class='ocrx_word' id='word_1_184' title='bbox 1034 2605 1204 2675; x_wconf 86' lang='lat' dir='ltr'>primi</span> <span class='ocrx_word' id='word_1_185' title='bbox 1233 2609 1388 2669; x_wconf 90' lang='lat' dir='ltr'>sunt,</span> <span class='ocrx_word' id='word_1_186' title='bbox 1429 2604 1756 2658; x_wconf 87' lang='lat' dir='ltr'>necessario</span> 
     </span>
    </p>
   </div>
   <div class='ocr_carea' id='block_1_28' title="bbox 101 2692 1758 2765">
    <p class='ocr_par' dir='ltr' id='par_1_28' title="bbox 101 2692 1758 2765">
     <span class='ocr_line' id='line_1_28' title="bbox 101 2692 1758 2765; baseline 0 -18"><span class='ocrx_word' id='word_1_187' title='bbox 101 2693 294 2747; x_wconf 87' lang='lat' dir='ltr'>omnia</span> <span class='ocrx_word' id='word_1_188' title='bbox 326 2709 464 2765; x_wconf 67' lang='lat' dir='ltr'>quas</span> <span class='ocrx_word' id='word_1_189' title='bbox 497 2692 685 2764; x_wconf 90' lang='lat' dir='ltr'>prima</span> <span class='ocrx_word' id='word_1_190' title='bbox 707 2698 846 2747; x_wconf 90' lang='lat' dir='ltr'>sunt</span> <span class='ocrx_word' id='word_1_191' title='bbox 870 2694 1205 2763; x_wconf 86' lang='lat' dir='ltr'>requirunt;</span> <span class='ocrx_word' id='word_1_192' title='bbox 1236 2693 1454 2763; x_wconf 89' lang='lat' dir='ltr'>primas</span> <span class='ocrx_word' id='word_1_193' title='bbox 1491 2693 1758 2747; x_wconf 78' lang='lat' dir='ltr'>videlicet</span> 
     </span>
    </p>
   </div>
   <div class='ocr_carea' id='block_1_29' title="bbox 104 2781 1754 2854">
    <p class='ocr_par' dir='ltr' id='par_1_29' title="bbox 104 2781 1754 2854">
     <span class='ocr_line' id='line_1_29' title="bbox 104 2781 1754 2854; baseline 0.001 -21"><span class='ocrx_word' id='word_1_194' title='bbox 104 2781 159 2835; x_wconf 92' lang='lat' dir='ltr'>in</span> <span class='ocrx_word' id='word_1_195' title='bbox 188 2782 480 2837; x_wconf 91' lang='lat' dir='ltr'>omnibus</span> <span class='ocrx_word' id='word_1_196' title='bbox 513 2782 961 2853; x_wconf 87' lang='lat' dir='ltr'>quadrichordis</span> <span class='ocrx_word' id='word_1_197' title='bbox 992 2782 1210 2849; x_wconf 88' lang='lat' dir='ltr'>literas,</span> <span class='ocrx_word' id='word_1_198' title='bbox 1248 2800 1372 2854; x_wconf 71' lang='lat' dir='ltr'>qure</span> <span class='ocrx_word' id='word_1_199' title='bbox 1408 2788 1545 2836; x_wconf 92' lang='lat' dir='ltr'>sunt</span> <span class='ocrx_word' id='word_1_200' title='bbox 1588 2785 1651 2847; x_wconf 78' lang='grc' dir='ltr'>Α,</span> <span class='ocrx_word' id='word_1_201' title='bbox 1689 2782 1754 2846; x_wconf 87' lang='grc' dir='ltr'>Ι),</span> 
     </span>
    </p>
   </div>
   <div class='ocr_carea' id='block_1_30' title="bbox 104 2870 1755 2943">
    <p class='ocr_par' dir='ltr' id='par_1_30' title="bbox 104 2870 1755 2943">
     <span class='ocr_line' id='line_1_30' title="bbox 104 2870 1755 2943; baseline 0.001 -19"><span class='ocrx_word' id='word_1_202' title='bbox 104 2885 151 2938; x_wconf 92' lang='lat' dir='ltr'>a,</span> <span class='ocrx_word' id='word_1_203' title='bbox 184 2870 254 2939; x_wconf 91' lang='lat' dir='ltr'>d;</span> <span class='ocrx_word' id='word_1_204' title='bbox 289 2871 523 2943; x_wconf 88' lang='lat' dir='ltr'>primas</span> <span class='ocrx_word' id='word_1_205' title='bbox 551 2871 774 2941; x_wconf 88' lang='lat' dir='ltr'>species</span> <span class='ocrx_word' id='word_1_206' title='bbox 802 2872 1108 2942; x_wconf 87' lang='lat' dir='ltr'>diapason,</span> <span class='ocrx_word' id='word_1_207' title='bbox 1136 2888 1262 2941; x_wconf 74' lang='lat' dir='ltr'>qua:</span> <span class='ocrx_word' id='word_1_208' title='bbox 1288 2875 1501 2939; x_wconf 79' lang='lat' dir='ltr'>suntA,</span> <span class='ocrx_word' id='word_1_209' title='bbox 1524 2888 1575 2936; x_wconf 88' lang='lat' dir='ltr'>a,</span> <span class='ocrx_word' id='word_1_210' title='bbox 1601 2872 1666 2934; x_wconf 89' lang='lat' dir='ltr'>D,</span> <span class='ocrx_word' id='word_1_211' title='bbox 1692 2872 1755 2937; x_wconf 86' lang='lat' dir='ltr'>d;</span> 
     </span>
    </p>
   </div>
   <div class='ocr_carea' id='block_1_31' title="bbox 104 2960 1759 3031">
    <p class='ocr_par' dir='ltr' id='par_1_31' title="bbox 104 2960 1759 3031">
     <span class='ocr_line' id='line_1_31' title="bbox 104 2960 1759 3031; baseline 0.001 -18"><span class='ocrx_word' id='word_1_212' title='bbox 104 2960 356 3030; x_wconf 86' lang='lat' dir='ltr'>primam</span> <span class='ocrx_word' id='word_1_213' title='bbox 389 2960 652 3031; x_wconf 89' lang='lat' dir='ltr'>speciem</span> <span class='ocrx_word' id='word_1_214' title='bbox 681 2961 974 3031; x_wconf 89' lang='lat' dir='ltr'>diapente,</span> <span class='ocrx_word' id='word_1_215' title='bbox 1004 2977 1133 3031; x_wconf 68' lang='lat' dir='ltr'>qure</span> <span class='ocrx_word' id='word_1_216' title='bbox 1154 2967 1239 3015; x_wconf 90' lang='lat' dir='ltr'>est</span> <span class='ocrx_word' id='word_1_217' title='bbox 1289 2961 1356 3026; x_wconf 90' lang='lat' dir='ltr'>D,</span> <span class='ocrx_word' id='word_1_218' title='bbox 1382 2977 1451 3027; x_wconf 89' lang='lat' dir='ltr'>a;</span> <span class='ocrx_word' id='word_1_219' title='bbox 1509 2960 1759 3031; x_wconf 82' lang='lat' dir='ltr'>primam</span> 
     </span>
    </p>
   </div>
   <div class='ocr_carea' id='block_1_32' title="bbox 105 3047 1760 3121">
    <p class='ocr_par' dir='ltr' id='par_1_32' title="bbox 105 3047 1760 3121">
     <span class='ocr_line' id='line_1_32' title="bbox 105 3047 1760 3121; baseline 0.001 -18"><span class='ocrx_word' id='word_1_220' title='bbox 105 3047 356 3120; x_wconf 88' lang='lat' dir='ltr'>speciem</span> <span class='ocrx_word' id='word_1_221' title='bbox 390 3048 760 3104; x_wconf 89' lang='lat' dir='ltr'>diatessaron</span> <span class='ocrx_word' id='word_1_222' title='bbox 794 3066 920 3121; x_wconf 72' lang='lat' dir='ltr'>qua:</span> <span class='ocrx_word' id='word_1_223' title='bbox 946 3055 1034 3104; x_wconf 89' lang='lat' dir='ltr'>est</span> <span class='ocrx_word' id='word_1_224' title='bbox 1070 3052 1135 3115; x_wconf 80' lang='grc' dir='ltr'>Α,</span> <span class='ocrx_word' id='word_1_225' title='bbox 1172 3050 1236 3103; x_wconf 93' lang='lat' dir='ltr'>D.</span> <span class='ocrx_word' id='word_1_226' title='bbox 1290 3052 1423 3115; x_wconf 63' lang='lat' dir='ltr'>Quae</span> <span class='ocrx_word' id='word_1_227' title='bbox 1475 3049 1760 3121; x_wconf 81' lang='lat' dir='ltr'>generalis</span> 
     </span>
    </p>
   </div>
   <div class='ocr_carea' id='block_1_33' title="bbox 104 3137 1758 3211">
    <p class='ocr_par' dir='ltr' id='par_1_33' title="bbox 104 3137 1758 3211">
     <span class='ocr_line' id='line_1_33' title="bbox 104 3137 1758 3211; baseline 0.001 -20"><span class='ocrx_word' id='word_1_228' title='bbox 104 3137 397 3194; x_wconf 85' lang='lat' dir='ltr'>institutio</span> <span class='ocrx_word' id='word_1_229' title='bbox 431 3138 668 3209; x_wconf 88' lang='lat' dir='ltr'>utrique</span> <span class='ocrx_word' id='word_1_230' title='bbox 700 3154 854 3193; x_wconf 91' lang='lat' dir='ltr'>nunc</span> <span class='ocrx_word' id='word_1_231' title='bbox 886 3139 1207 3193; x_wconf 89' lang='lat' dir='ltr'>secundum</span> <span class='ocrx_word' id='word_1_232' title='bbox 1230 3156 1397 3193; x_wconf 86' lang='lat' dir='ltr'>suam</span> <span class='ocrx_word' id='word_1_233' title='bbox 1444 3139 1758 3211; x_wconf 88' lang='lat' dir='ltr'>proprieta-</span> 
     </span>
    </p>
   </div>
   <div class='ocr_carea' id='block_1_34' title="bbox 108 3226 1761 3300">
    <p class='ocr_par' dir='ltr' id='par_1_34' title="bbox 108 3226 1761 3300">
     <span class='ocr_line' id='line_1_34' title="bbox 108 3226 1761 3300; baseline 0.001 -19"><span class='ocrx_word' id='word_1_234' title='bbox 108 3232 219 3284; x_wconf 87' lang='lat' dir='ltr'>tem</span> <span class='ocrx_word' id='word_1_235' title='bbox 250 3226 596 3300; x_wconf 87' lang='lat' dir='ltr'>specialiter</span> <span class='ocrx_word' id='word_1_236' title='bbox 624 3228 1054 3283; x_wconf 89' lang='lat' dir='ltr'>subdividatur.</span> <span class='ocrx_word' id='word_1_237' title='bbox 1082 3228 1160 3281; x_wconf 84' lang='lat' dir='ltr'>Ex</span> <span class='ocrx_word' id='word_1_238' title='bbox 1191 3233 1442 3299; x_wconf 89' lang='lat' dir='ltr'>quatuor</span> <span class='ocrx_word' id='word_1_239' title='bbox 1476 3228 1761 3299; x_wconf 61' lang='lat' dir='ltr'>praedictis</span> 
     </span>
    </p>
   </div>
   <div class='ocr_carea' id='block_1_35' title="bbox 1789 1942 1837 2006">
    <p class='ocr_par' dir='ltr' id='par_1_35' title="bbox 1789 1942 1837 2006">
     <span class='ocr_line' id='line_1_35' title="bbox 1789 1942 1837 2006; baseline 0 0"><span class='ocrx_word' id='word_1_240' title='bbox 1789 1942 1837 2006; x_wconf 87' lang='grc' dir='ltr'><strong>Β</strong></span> 
     </span>
    </p>
   </div>
   <div class='ocr_carea' id='block_1_36' title="bbox 1857 651 3499 723">
    <p class='ocr_par' dir='ltr' id='par_1_36' title="bbox 1857 651 3499 723">
     <span class='ocr_line' id='line_1_36' title="bbox 1857 651 3499 723; baseline 0.004 -20"><span class='ocrx_word' id='word_1_241' title='bbox 1857 651 2045 704; x_wconf 88' lang='lat' dir='ltr'>media</span> <span class='ocrx_word' id='word_1_242' title='bbox 2080 651 2356 705; x_wconf 82' lang='lat' dir='ltr'>{initeum</span> <span class='ocrx_word' id='word_1_243' title='bbox 2384 668 2518 706; x_wconf 89' lang='lat' dir='ltr'>cum</span> <span class='ocrx_word' id='word_1_244' title='bbox 2552 651 2853 721; x_wconf 84' lang='lat' dir='ltr'>magistro,</span> <span class='ocrx_word' id='word_1_245' title='bbox 2880 669 3150 723; x_wconf 89' lang='lat' dir='ltr'>cumquo</span> <span class='ocrx_word' id='word_1_246' title='bbox 3174 654 3346 707; x_wconf 88' lang='lat' dir='ltr'>etiam</span> <span class='ocrx_word' id='word_1_247' title='bbox 3382 654 3499 709; x_wconf 90' lang='lat' dir='ltr'>dia-</span> 
     </span>
    </p>
   </div>
   <div class='ocr_carea' id='block_1_37' title="bbox 1856 740 3501 813">
    <p class='ocr_par' dir='ltr' id='par_1_37' title="bbox 1856 740 3501 813">
     <span class='ocr_line' id='line_1_37' title="bbox 1856 740 3501 813; baseline 0.002 -20"><span class='ocrx_word' id='word_1_248' title='bbox 1856 743 2023 810; x_wconf 91' lang='lat' dir='ltr'>pente</span> <span class='ocrx_word' id='word_1_249' title='bbox 2048 755 2169 793; x_wconf 90' lang='lat' dir='ltr'>com</span> <span class='ocrx_word' id='word_1_250' title='bbox 2182 740 2465 806; x_wconf 91' lang='lat' dir='ltr'>munitur,</span> <span class='ocrx_word' id='word_1_251' title='bbox 2491 741 2856 795; x_wconf 85' lang='lat' dir='ltr'>diatessaron</span> <span class='ocrx_word' id='word_1_252' title='bbox 2877 757 3010 795; x_wconf 88' lang='lat' dir='ltr'>vero</span> <span class='ocrx_word' id='word_1_253' title='bbox 3024 741 3354 812; x_wconf 86' lang='lat' dir='ltr'>possidetin</span> <span class='ocrx_word' id='word_1_254' title='bbox 3370 757 3501 813; x_wconf 86' lang='lat' dir='ltr'>gra-</span> 
     </span>
    </p>
   </div>
   <div class='ocr_carea' id='block_1_38' title="bbox 1856 827 2786 904">
    <p class='ocr_par' dir='ltr' id='par_1_38' title="bbox 1856 827 2786 904">
     <span class='ocr_line' id='line_1_38' title="bbox 1856 827 2786 904; baseline 0.001 -23"><span class='ocrx_word' id='word_1_255' title='bbox 1856 827 2045 882; x_wconf 88' lang='lat' dir='ltr'>vibus.</span> <span class='ocrx_word' id='word_1_256' title='bbox 2781 900 2786 904; x_wconf 24' lang='grc' dir='ltr'>η</span> 
     </span>
    </p>
   </div>
   <div class='ocr_carea' id='block_1_39' title="bbox 1930 916 3512 989">
    <p class='ocr_par' dir='ltr' id='par_1_39' title="bbox 1930 916 3512 989">
     <span class='ocr_line' id='line_1_39' title="bbox 1930 916 3512 989; baseline 0.004 -19"><span class='ocrx_word' id='word_1_257' title='bbox 1930 918 2129 971; x_wconf 90' lang='lat' dir='ltr'>Tritus</span> <span class='ocrx_word' id='word_1_258' title='bbox 2161 933 2292 970; x_wconf 89' lang='lat' dir='ltr'>cum</span> <span class='ocrx_word' id='word_1_259' title='bbox 2323 933 2428 971; x_wconf 91' lang='lat' dir='ltr'>suo</span> <span class='ocrx_word' id='word_1_260' title='bbox 2463 916 2781 989; x_wconf 73' lang='lat' dir='ltr'>subjugali,</span> <span class='ocrx_word' id='word_1_261' title='bbox 2808 918 2947 987; x_wconf 83' lang='lat' dir='ltr'>quia</span> <span class='ocrx_word' id='word_1_262' title='bbox 2972 919 3126 973; x_wconf 86' lang='lat' dir='ltr'>tertii</span> <span class='ocrx_word' id='word_1_263' title='bbox 3153 925 3295 975; x_wconf 91' lang='lat' dir='ltr'>sunt</span> <span class='ocrx_word' id='word_1_264' title='bbox 3318 936 3512 977; x_wconf 87' lang='lat' dir='ltr'>neces-</span> 
     </span>
    </p>
   </div>
   <div class='ocr_carea' id='block_1_40' title="bbox 1859 1006 3513 1078">
    <p class='ocr_par' dir='ltr' id='par_1_40' title="bbox 1859 1006 3513 1078">
     <span class='ocr_line' id='line_1_40' title="bbox 1859 1006 3513 1078; baseline 0.001 -17"><span class='ocrx_word' id='word_1_265' title='bbox 1859 1006 2010 1061; x_wconf 87' lang='lat' dir='ltr'>sario</span> <span class='ocrx_word' id='word_1_266' title='bbox 2035 1006 2229 1059; x_wconf 83' lang='lat' dir='ltr'>omnia</span> <span class='ocrx_word' id='word_1_267' title='bbox 2261 1022 2385 1076; x_wconf 66' lang='lat' dir='ltr'>qua:</span> <span class='ocrx_word' id='word_1_268' title='bbox 2417 1006 2579 1060; x_wconf 68' lang='lat' dir='ltr'>tertia</span> <span class='ocrx_word' id='word_1_269' title='bbox 2614 1015 2753 1060; x_wconf 87' lang='lat' dir='ltr'>sunt</span> <span class='ocrx_word' id='word_1_270' title='bbox 2783 1015 3135 1078; x_wconf 81' lang='lat' dir='ltr'>exposcunt:</span> <span class='ocrx_word' id='word_1_271' title='bbox 3181 1010 3383 1064; x_wconf 86' lang='lat' dir='ltr'>tertias</span> <span class='ocrx_word' id='word_1_272' title='bbox 3433 1010 3513 1063; x_wconf 85' lang='lat' dir='ltr'>vi-</span> 
     </span>
    </p>
   </div>
   <div class='ocr_carea' id='block_1_41' title="bbox 1861 1096 3516 1169">
    <p class='ocr_par' dir='ltr' id='par_1_41' title="bbox 1861 1096 3516 1169">
     <span class='ocr_line' id='line_1_41' title="bbox 1861 1096 3516 1169; baseline 0.002 -20"><span class='ocrx_word' id='word_1_273' title='bbox 1861 1096 2065 1149; x_wconf 87' lang='lat' dir='ltr'>delicet</span> <span class='ocrx_word' id='word_1_274' title='bbox 2096 1096 2151 1147; x_wconf 91' lang='lat' dir='ltr'>in</span> <span class='ocrx_word' id='word_1_275' title='bbox 2186 1096 2459 1149; x_wconf 90' lang='lat' dir='ltr'>omnibus</span> <span class='ocrx_word' id='word_1_276' title='bbox 2482 1097 2929 1166; x_wconf 88' lang='lat' dir='ltr'>quadrichordis</span> <span class='ocrx_word' id='word_1_277' title='bbox 2952 1097 3199 1160; x_wconf 81' lang='lat' dir='ltr'>litteras,</span> <span class='ocrx_word' id='word_1_278' title='bbox 3228 1115 3354 1169; x_wconf 49' lang='lat' dir='ltr'>quae.</span> <span class='ocrx_word' id='word_1_279' title='bbox 3376 1109 3516 1154; x_wconf 85' lang='lat' dir='ltr'>sunt</span> 
     </span>
    </p>
   </div>
   <div class='ocr_carea' id='block_1_42' title="bbox 1859 1183 3506 1257">
    <p class='ocr_par' dir='ltr' id='par_1_42' title="bbox 1859 1183 3506 1257">
     <span class='ocr_line' id='line_1_42' title="bbox 1859 1183 3506 1257; baseline 0.002 -18"><span class='ocrx_word' id='word_1_280' title='bbox 1859 1187 1921 1248; x_wconf 76' lang='grc' dir='ltr'>Ο,</span> <span class='ocrx_word' id='word_1_281' title='bbox 1958 1184 2016 1250; x_wconf 64' lang='lat' dir='ltr'>l“,</span> <span class='ocrx_word' id='word_1_282' title='bbox 2049 1200 2098 1249; x_wconf 92' lang='lat' dir='ltr'>c,</span> <span class='ocrx_word' id='word_1_283' title='bbox 2134 1184 2180 1247; x_wconf 80' lang='lat' dir='ltr'>f;</span> <span class='ocrx_word' id='word_1_284' title='bbox 2218 1184 2415 1238; x_wconf 88' lang='lat' dir='ltr'>tertias</span> <span class='ocrx_word' id='word_1_285' title='bbox 2448 1183 2728 1255; x_wconf 82' lang='lat' dir='ltr'>diapason</span> <span class='ocrx_word' id='word_1_286' title='bbox 2762 1185 3010 1257; x_wconf 84' lang='lat' dir='ltr'>species,</span> <span class='ocrx_word' id='word_1_287' title='bbox 3044 1203 3170 1257; x_wconf 61' lang='lat' dir='ltr'>quae</span> <span class='ocrx_word' id='word_1_288' title='bbox 3205 1192 3345 1241; x_wconf 87' lang='lat' dir='ltr'>sunt</span> <span class='ocrx_word' id='word_1_289' title='bbox 3370 1191 3427 1254; x_wconf 90' lang='lat' dir='ltr'>C,</span> <span class='ocrx_word' id='word_1_290' title='bbox 3454 1203 3506 1253; x_wconf 80' lang='grc' dir='ltr'><em>ο,</em></span> 
     </span>
    </p>
   </div>
   <div class='ocr_carea' id='block_1_43' title="bbox 1861 1271 3513 1345">
    <p class='ocr_par' dir='ltr' id='par_1_43' title="bbox 1861 1271 3513 1345">
     <span class='ocr_line' id='line_1_43' title="bbox 1861 1271 3513 1345; baseline 0.003 -19"><span class='ocrx_word' id='word_1_291' title='bbox 1861 1272 1921 1338; x_wconf 81' lang='lat' dir='ltr'>F,</span> <span class='ocrx_word' id='word_1_292' title='bbox 1957 1272 2002 1339; x_wconf 88' lang='lat' dir='ltr'>f;</span> <span class='ocrx_word' id='word_1_293' title='bbox 2039 1271 2267 1325; x_wconf 88' lang='lat' dir='ltr'>tertiam</span> <span class='ocrx_word' id='word_1_294' title='bbox 2304 1272 2555 1343; x_wconf 86' lang='lat' dir='ltr'>speciem</span> <span class='ocrx_word' id='word_1_295' title='bbox 2589 1273 2879 1344; x_wconf 87' lang='lat' dir='ltr'>diapente,</span> <span class='ocrx_word' id='word_1_296' title='bbox 2914 1291 3038 1345; x_wconf 82' lang='lat' dir='ltr'>quae</span> <span class='ocrx_word' id='word_1_297' title='bbox 3070 1280 3159 1341; x_wconf 60' lang='lat' dir='ltr'>est</span> <span class='ocrx_word' id='word_1_298' title='bbox 3195 1276 3252 1343; x_wconf 85' lang='lat' dir='ltr'>F,</span> <span class='ocrx_word' id='word_1_299' title='bbox 3293 1292 3350 1342; x_wconf 90' lang='lat' dir='ltr'>c;</span> <span class='ocrx_word' id='word_1_300' title='bbox 3400 1281 3513 1331; x_wconf 88' lang='lat' dir='ltr'>ter-</span> 
     </span>
    </p>
   </div>
   <div class='ocr_carea' id='block_1_44' title="bbox 1861 1360 3511 1435">
    <p class='ocr_par' dir='ltr' id='par_1_44' title="bbox 1861 1360 3511 1435">
     <span class='ocr_line' id='line_1_44' title="bbox 1861 1360 3511 1435; baseline 0.004 -22"><span class='ocrx_word' id='word_1_301' title='bbox 1861 1360 2005 1413; x_wconf 89' lang='lat' dir='ltr'>tiam</span> <span class='ocrx_word' id='word_1_302' title='bbox 2040 1360 2296 1429; x_wconf 87' lang='lat' dir='ltr'>speciem</span> <span class='ocrx_word' id='word_1_303' title='bbox 2329 1360 2717 1427; x_wconf 85' lang='lat' dir='ltr'>diatessaron,</span> <span class='ocrx_word' id='word_1_304' title='bbox 2750 1378 2878 1431; x_wconf 61' lang='lat' dir='ltr'>quir.</span> <span class='ocrx_word' id='word_1_305' title='bbox 2910 1368 2997 1416; x_wconf 88' lang='lat' dir='ltr'>est</span> <span class='ocrx_word' id='word_1_306' title='bbox 3020 1364 3077 1429; x_wconf 71' lang='grc' dir='ltr'>Ο,</span> <span class='ocrx_word' id='word_1_307' title='bbox 3108 1363 3164 1416; x_wconf 85' lang='lat' dir='ltr'>F.</span> <span class='ocrx_word' id='word_1_308' title='bbox 3193 1364 3317 1417; x_wconf 61' lang='lat' dir='ltr'>Haec</span> <span class='ocrx_word' id='word_1_309' title='bbox 3342 1379 3511 1435; x_wconf 88' lang='lat' dir='ltr'>gene-</span> 
     </span>
    </p>
   </div>
   <div class='ocr_carea' id='block_1_45' title="bbox 1863 1448 3513 1523">
    <p class='ocr_par' dir='ltr' id='par_1_45' title="bbox 1863 1448 3513 1523">
     <span class='ocr_line' id='line_1_45' title="bbox 1863 1448 3513 1523; baseline 0.002 -20"><span class='ocrx_word' id='word_1_310' title='bbox 1863 1449 2001 1503; x_wconf 90' lang='lat' dir='ltr'>ralis</span> <span class='ocrx_word' id='word_1_311' title='bbox 2025 1448 2314 1502; x_wconf 88' lang='lat' dir='ltr'>institutio</span> <span class='ocrx_word' id='word_1_312' title='bbox 2340 1448 2419 1501; x_wconf 89' lang='lat' dir='ltr'>ita</span> <span class='ocrx_word' id='word_1_313' title='bbox 2446 1449 2677 1519; x_wconf 88' lang='lat' dir='ltr'>utrique</span> <span class='ocrx_word' id='word_1_314' title='bbox 2701 1450 3115 1504; x_wconf 86' lang='lat' dir='ltr'>subdividitur.</span> <span class='ocrx_word' id='word_1_315' title='bbox 3143 1451 3220 1505; x_wconf 79' lang='lat' dir='ltr'>Ex</span> <span class='ocrx_word' id='word_1_316' title='bbox 3264 1458 3513 1523; x_wconf 83' lang='lat' dir='ltr'>quatuor</span> 
     </span>
    </p>
   </div>
   <div class='ocr_carea' id='block_1_46' title="bbox 1862 1536 3517 1609">
    <p class='ocr_par' dir='ltr' id='par_1_46' title="bbox 1862 1536 3517 1609">
     <span class='ocr_line' id='line_1_46' title="bbox 1862 1536 3517 1609; baseline 0.004 -18"><span class='ocrx_word' id='word_1_317' title='bbox 1862 1537 2154 1608; x_wconf 64' lang='lat' dir='ltr'>praedictis</span> <span class='ocrx_word' id='word_1_318' title='bbox 2185 1536 2395 1592; x_wconf 88' lang='lat' dir='ltr'>litteris</span> <span class='ocrx_word' id='word_1_319' title='bbox 2415 1538 2603 1591; x_wconf 89' lang='lat' dir='ltr'>tribus</span> <span class='ocrx_word' id='word_1_320' title='bbox 2627 1540 2959 1594; x_wconf 84' lang='lat' dir='ltr'>autenticus</span> <span class='ocrx_word' id='word_1_321' title='bbox 2983 1540 3405 1609; x_wconf 87' lang='lat' dir='ltr'>dominatur,id</span> <span class='ocrx_word' id='word_1_322' title='bbox 3428 1548 3517 1597; x_wconf 90' lang='lat' dir='ltr'>est</span> 
     </span>
    </p>
   </div>
   <div class='ocr_carea' id='block_1_47' title="bbox 1863 1626 3518 1700">
    <p class='ocr_par' dir='ltr' id='par_1_47' title="bbox 1863 1626 3518 1700">
     <span class='ocr_line' id='line_1_47' title="bbox 1863 1626 3518 1700; baseline 0.004 -20"><span class='ocrx_word' id='word_1_323' title='bbox 1863 1626 1921 1692; x_wconf 83' lang='lat' dir='ltr'>F,</span> <span class='ocrx_word' id='word_1_324' title='bbox 1974 1642 2024 1695; x_wconf 89' lang='lat' dir='ltr'>c,</span> <span class='ocrx_word' id='word_1_325' title='bbox 2073 1626 2111 1691; x_wconf 86' lang='lat' dir='ltr'>f,</span> <span class='ocrx_word' id='word_1_326' title='bbox 2159 1630 2217 1680; x_wconf 90' lang='lat' dir='ltr'>et</span> <span class='ocrx_word' id='word_1_327' title='bbox 2265 1631 2354 1680; x_wconf 90' lang='lat' dir='ltr'>est</span> <span class='ocrx_word' id='word_1_328' title='bbox 2402 1626 2461 1692; x_wconf 85' lang='lat' dir='ltr'>F,</span> <span class='ocrx_word' id='word_1_329' title='bbox 2515 1626 2553 1692; x_wconf 87' lang='lat' dir='ltr'>f,</span> <span class='ocrx_word' id='word_1_330' title='bbox 2610 1628 2916 1698; x_wconf 89' lang='lat' dir='ltr'>diapason,</span> <span class='ocrx_word' id='word_1_331' title='bbox 2961 1628 3019 1683; x_wconf 92' lang='lat' dir='ltr'>id</span> <span class='ocrx_word' id='word_1_332' title='bbox 3071 1634 3159 1685; x_wconf 90' lang='lat' dir='ltr'>est</span> <span class='ocrx_word' id='word_1_333' title='bbox 3204 1631 3331 1700; x_wconf 85' lang='lat' dir='ltr'>ejus</span> <span class='ocrx_word' id='word_1_334' title='bbox 3386 1647 3518 1686; x_wconf 87' lang='lat' dir='ltr'>acu-</span> 
     </span>
    </p>
   </div>
   <div class='ocr_carea' id='block_1_48' title="bbox 1863 1714 3517 1791">
    <p class='ocr_par' dir='ltr' id='par_1_48' title="bbox 1863 1714 3517 1791">
     <span class='ocr_line' id='line_1_48' title="bbox 1863 1714 3517 1791; baseline 0.005 -23"><span class='ocrx_word' id='word_1_335' title='bbox 1863 1714 2161 1769; x_wconf 88' lang='lat' dir='ltr'>tissimum</span> <span class='ocrx_word' id='word_1_336' title='bbox 2195 1720 2253 1769; x_wconf 91' lang='lat' dir='ltr'>et</span> <span class='ocrx_word' id='word_1_337' title='bbox 2284 1715 2701 1786; x_wconf 83' lang='lat' dir='ltr'>gravissimum</span> <span class='ocrx_word' id='word_1_338' title='bbox 2730 1734 2742 1783; x_wconf 93' lang='lat'><strong>;</strong></span> <span class='ocrx_word' id='word_1_339' title='bbox 2778 1734 2827 1784; x_wconf 91' lang='lat' dir='ltr'>c,</span> <span class='ocrx_word' id='word_1_340' title='bbox 2851 1735 2983 1773; x_wconf 86' lang='lat' dir='ltr'>vero</span> <span class='ocrx_word' id='word_1_341' title='bbox 3029 1720 3221 1774; x_wconf 89' lang='lat' dir='ltr'>media</span> <span class='ocrx_word' id='word_1_342' title='bbox 3264 1736 3366 1791; x_wconf 90' lang='lat' dir='ltr'>per</span> <span class='ocrx_word' id='word_1_343' title='bbox 3412 1734 3517 1777; x_wconf 74' lang='grc' dir='ltr'>δῖε·</span> 
     </span>
    </p>
   </div>
   <div class='ocr_carea' id='block_1_49' title="bbox 1862 1804 3515 1879">
    <p class='ocr_par' dir='ltr' id='par_1_49' title="bbox 1862 1804 3515 1879">
     <span class='ocr_line' id='line_1_49' title="bbox 1862 1804 3515 1879; baseline 0.005 -22"><span class='ocrx_word' id='word_1_344' title='bbox 1862 1804 2129 1858; x_wconf 80' lang='lat' dir='ltr'>culorum.</span> <span class='ocrx_word' id='word_1_345' title='bbox 2155 1806 2318 1858; x_wconf 72' lang='lat' dir='ltr'>Amen</span> <span class='ocrx_word' id='word_1_346' title='bbox 2350 1810 2437 1859; x_wconf 89' lang='lat' dir='ltr'>est</span> <span class='ocrx_word' id='word_1_347' title='bbox 2467 1806 2749 1875; x_wconf 84' lang='lat' dir='ltr'>officiosa,</span> <span class='ocrx_word' id='word_1_348' title='bbox 2786 1807 2969 1861; x_wconf 83' lang='lat' dir='ltr'>Habet</span> <span class='ocrx_word' id='word_1_349' title='bbox 3022 1808 3293 1879; x_wconf 83' lang='lat' dir='ltr'>diapente</span> <span class='ocrx_word' id='word_1_350' title='bbox 3343 1809 3403 1876; x_wconf 69' lang='lat'>1&quot;,</span> <span class='ocrx_word' id='word_1_351' title='bbox 3457 1825 3515 1876; x_wconf 93' lang='lat' dir='ltr'>c;</span> 
     </span>
    </p>
   </div>
   <div class='ocr_carea' id='block_1_50' title="bbox 1866 1893 3517 1969">
    <p class='ocr_par' dir='ltr' id='par_1_50' title="bbox 1866 1893 3517 1969">
     <span class='ocr_line' id='line_1_50' title="bbox 1866 1893 3517 1969; baseline 0.004 -23"><span class='ocrx_word' id='word_1_352' title='bbox 1866 1893 2229 1947; x_wconf 88' lang='lat' dir='ltr'>diatessaron</span> <span class='ocrx_word' id='word_1_353' title='bbox 2254 1894 2362 1959; x_wconf 79' lang='lat' dir='ltr'>c,t‘</span> <span class='ocrx_word' id='word_1_354' title='bbox 2416 1895 2472 1947; x_wconf 91' lang='lat' dir='ltr'>in</span> <span class='ocrx_word' id='word_1_355' title='bbox 2524 1895 2945 1965; x_wconf 87' lang='lat' dir='ltr'>superioribus.</span> <span class='ocrx_word' id='word_1_356' title='bbox 2999 1897 3339 1969; x_wconf 84' lang='lat' dir='ltr'>Subjugalis</span> <span class='ocrx_word' id='word_1_357' title='bbox 3383 1915 3517 1953; x_wconf 91' lang='lat' dir='ltr'>vero</span> 
     </span>
    </p>
   </div>
   <div class='ocr_carea' id='block_1_51' title="bbox 1868 1981 3510 2057">
    <p class='ocr_par' dir='ltr' id='par_1_51' title="bbox 1868 1981 3510 2057">
     <span class='ocr_line' id='line_1_51' title="bbox 1868 1981 3510 2057; baseline 0.004 -22"><span class='ocrx_word' id='word_1_358' title='bbox 1868 1981 2137 2036; x_wconf 89' lang='lat' dir='ltr'>similiter</span> <span class='ocrx_word' id='word_1_359' title='bbox 2158 1984 2345 2037; x_wconf 89' lang='lat' dir='ltr'>tribus</span> <span class='ocrx_word' id='word_1_360' title='bbox 2380 1983 2758 2037; x_wconf 89' lang='lat' dir='ltr'>constituitur</span> <span class='ocrx_word' id='word_1_361' title='bbox 2788 1983 3015 2050; x_wconf 73' lang='lat' dir='ltr'>litteris,</span> <span class='ocrx_word' id='word_1_362' title='bbox 3046 2003 3173 2057; x_wconf 76' lang='lat' dir='ltr'>qua:</span> <span class='ocrx_word' id='word_1_363' title='bbox 3206 1993 3343 2041; x_wconf 90' lang='lat' dir='ltr'>sunt</span> <span class='ocrx_word' id='word_1_364' title='bbox 3364 1987 3424 2055; x_wconf 88' lang='lat' dir='ltr'>C,</span> <span class='ocrx_word' id='word_1_365' title='bbox 3450 1987 3510 2052; x_wconf 90' lang='lat' dir='ltr'>F,</span> 
     </span>
    </p>
   </div>
   <div class='ocr_carea' id='block_1_52' title="bbox 1866 2072 3505 2143">
    <p class='ocr_par' dir='ltr' id='par_1_52' title="bbox 1866 2072 3505 2143">
     <span class='ocr_line' id='line_1_52' title="bbox 1866 2072 3505 2143; baseline 0.004 -20"><span class='ocrx_word' id='word_1_366' title='bbox 1866 2087 1914 2135; x_wconf 94' lang='lat' dir='ltr'>c,</span> <span class='ocrx_word' id='word_1_367' title='bbox 1948 2075 2003 2124; x_wconf 91' lang='lat' dir='ltr'>et</span> <span class='ocrx_word' id='word_1_368' title='bbox 2028 2078 2113 2125; x_wconf 90' lang='lat' dir='ltr'>est</span> <span class='ocrx_word' id='word_1_369' title='bbox 2144 2075 2200 2136; x_wconf 91' lang='lat' dir='ltr'>C,</span> <span class='ocrx_word' id='word_1_370' title='bbox 2236 2088 2264 2125; x_wconf 92' lang='lat' dir='ltr'>c</span> <span class='ocrx_word' id='word_1_371' title='bbox 2295 2072 2596 2142; x_wconf 84' lang='lat' dir='ltr'>diapason,</span> <span class='ocrx_word' id='word_1_372' title='bbox 2634 2074 2688 2127; x_wconf 92' lang='lat' dir='ltr'>id</span> <span class='ocrx_word' id='word_1_373' title='bbox 2714 2079 2803 2127; x_wconf 81' lang='lat' dir='ltr'>est</span> <span class='ocrx_word' id='word_1_374' title='bbox 2832 2076 2959 2143; x_wconf 84' lang='lat' dir='ltr'>ejus</span> <span class='ocrx_word' id='word_1_375' title='bbox 2990 2075 3399 2130; x_wconf 87' lang='lat' dir='ltr'>acutissimum</span> <span class='ocrx_word' id='word_1_376' title='bbox 3446 2081 3505 2131; x_wconf 89' lang='lat' dir='ltr'>et</span> 
     </span>
    </p>
   </div>
   <div class='ocr_carea' id='block_1_53' title="bbox 1865 2160 3508 2236">
    <p class='ocr_par' dir='ltr' id='par_1_53' title="bbox 1865 2160 3508 2236">
     <span class='ocr_line' id='line_1_53' title="bbox 1865 2160 3508 2236; baseline 0.004 -24"><span class='ocrx_word' id='word_1_377' title='bbox 1865 2160 2315 2229; x_wconf 86' lang='lat' dir='ltr'>gravissimum;</span> <span class='ocrx_word' id='word_1_378' title='bbox 2349 2161 2388 2214; x_wconf 85' lang='lat' dir='ltr'><strong>F</strong></span> <span class='ocrx_word' id='word_1_379' title='bbox 2418 2177 2549 2215; x_wconf 89' lang='lat' dir='ltr'>vero</span> <span class='ocrx_word' id='word_1_380' title='bbox 2583 2161 2775 2216; x_wconf 89' lang='lat' dir='ltr'>media</span> <span class='ocrx_word' id='word_1_381' title='bbox 2806 2164 2931 2216; x_wconf 86' lang='lat' dir='ltr'>linit</span> <span class='ocrx_word' id='word_1_382' title='bbox 2961 2180 3095 2217; x_wconf 91' lang='lat' dir='ltr'>eum</span> <span class='ocrx_word' id='word_1_383' title='bbox 3135 2181 3268 2218; x_wconf 86' lang='lat' dir='ltr'>cum</span> <span class='ocrx_word' id='word_1_384' title='bbox 3321 2165 3508 2236; x_wconf 86' lang='lat' dir='ltr'>magi-</span> 
     </span>
    </p>
   </div>
   <div class='ocr_carea' id='block_1_54' title="bbox 1867 2250 3513 2320">
    <p class='ocr_par' dir='ltr' id='par_1_54' title="bbox 1867 2250 3513 2320">
     <span class='ocr_line' id='line_1_54' title="bbox 1867 2250 3513 2320; baseline 0.004 -17"><span class='ocrx_word' id='word_1_385' title='bbox 1867 2253 2007 2315; x_wconf 89' lang='lat' dir='ltr'>stro,</span> <span class='ocrx_word' id='word_1_386' title='bbox 2035 2265 2164 2302; x_wconf 92' lang='lat' dir='ltr'>cum</span> <span class='ocrx_word' id='word_1_387' title='bbox 2186 2266 2300 2319; x_wconf 90' lang='lat' dir='ltr'>quo</span> <span class='ocrx_word' id='word_1_388' title='bbox 2324 2250 2497 2304; x_wconf 89' lang='lat' dir='ltr'>etiam</span> <span class='ocrx_word' id='word_1_389' title='bbox 2514 2250 2784 2320; x_wconf 88' lang='lat' dir='ltr'>diapente</span> <span class='ocrx_word' id='word_1_390' title='bbox 2798 2252 3214 2319; x_wconf 86' lang='lat' dir='ltr'>communitur,</span> <span class='ocrx_word' id='word_1_391' title='bbox 3232 2253 3513 2309; x_wconf 86' lang='lat' dir='ltr'>diatessa-</span> 
     </span>
    </p>
   </div>
   <div class='ocr_carea' id='block_1_55' title="bbox 1867 2338 2818 2409">
    <p class='ocr_par' dir='ltr' id='par_1_55' title="bbox 1867 2338 2818 2409">
     <span class='ocr_line' id='line_1_55' title="bbox 1867 2338 2818 2409; baseline 0.004 -19"><span class='ocrx_word' id='word_1_392' title='bbox 1867 2353 1967 2390; x_wconf 90' lang='lat' dir='ltr'>ron</span> <span class='ocrx_word' id='word_1_393' title='bbox 2004 2354 2132 2391; x_wconf 86' lang='lat' dir='ltr'>vero</span> <span class='ocrx_word' id='word_1_394' title='bbox 2161 2338 2408 2408; x_wconf 81' lang='lat' dir='ltr'>suscipit</span> <span class='ocrx_word' id='word_1_395' title='bbox 2440 2338 2495 2391; x_wconf 91' lang='lat' dir='ltr'>in</span> <span class='ocrx_word' id='word_1_396' title='bbox 2523 2340 2818 2409; x_wconf 81' lang='lat' dir='ltr'>gravibus.</span> 
     </span>
    </p>
   </div>
   <div class='ocr_carea' id='block_1_56' title="bbox 1938 2427 3511 2502">
    <p class='ocr_par' dir='ltr' id='par_1_56' title="bbox 1938 2427 3511 2502">
     <span class='ocr_line' id='line_1_56' title="bbox 1938 2427 3511 2502; baseline 0.004 -22"><span class='ocrx_word' id='word_1_397' title='bbox 1938 2427 2256 2481; x_wconf 86' lang='lat' dir='ltr'>Tetrardus</span> <span class='ocrx_word' id='word_1_398' title='bbox 2306 2444 2437 2480; x_wconf 87' lang='lat' dir='ltr'>cum</span> <span class='ocrx_word' id='word_1_399' title='bbox 2464 2444 2569 2482; x_wconf 89' lang='lat' dir='ltr'>suo</span> <span class='ocrx_word' id='word_1_400' title='bbox 2629 2428 3105 2501; x_wconf 81' lang='lat' dir='ltr'>subjugali,quia</span> <span class='ocrx_word' id='word_1_401' title='bbox 3129 2433 3319 2502; x_wconf 80' lang='lat' dir='ltr'>quarti</span> <span class='ocrx_word' id='word_1_402' title='bbox 3354 2438 3511 2500; x_wconf 87' lang='lat' dir='ltr'>sunt,</span> 
     </span>
    </p>
   </div>
   <div class='ocr_carea' id='block_1_57' title="bbox 1869 2515 3511 2591">
    <p class='ocr_par' dir='ltr' id='par_1_57' title="bbox 1869 2515 3511 2591">
     <span class='ocr_line' id='line_1_57' title="bbox 1869 2515 3511 2591; baseline 0.005 -24"><span class='ocrx_word' id='word_1_403' title='bbox 1869 2516 2193 2568; x_wconf 87' lang='lat' dir='ltr'>necessario</span> <span class='ocrx_word' id='word_1_404' title='bbox 2255 2515 2453 2569; x_wconf 85' lang='lat' dir='ltr'>omnia</span> <span class='ocrx_word' id='word_1_405' title='bbox 2525 2533 2650 2587; x_wconf 72' lang='lat' dir='ltr'>qua:</span> <span class='ocrx_word' id='word_1_406' title='bbox 2721 2524 2928 2587; x_wconf 86' lang='lat' dir='ltr'>quarta</span> <span class='ocrx_word' id='word_1_407' title='bbox 2995 2524 3133 2573; x_wconf 77' lang='lat' dir='ltr'>sunt</span> <span class='ocrx_word' id='word_1_408' title='bbox 3204 2522 3511 2591; x_wconf 80' lang='lat' dir='ltr'>requirit:</span> 
     </span>
    </p>
   </div>
   <div class='ocr_carea' id='block_1_58' title="bbox 1867 2602 3516 2677">
    <p class='ocr_par' dir='ltr' id='par_1_58' title="bbox 1867 2602 3516 2677">
     <span class='ocr_line' id='line_1_58' title="bbox 1867 2602 3516 2677; baseline 0.006 -23"><span class='ocrx_word' id='word_1_409' title='bbox 1867 2607 2105 2672; x_wconf 87' lang='lat' dir='ltr'>quartas</span> <span class='ocrx_word' id='word_1_410' title='bbox 2150 2602 2415 2657; x_wconf 79' lang='lat' dir='ltr'>videlicet</span> <span class='ocrx_word' id='word_1_411' title='bbox 2464 2606 2521 2657; x_wconf 89' lang='lat' dir='ltr'>in</span> <span class='ocrx_word' id='word_1_412' title='bbox 2576 2606 2851 2659; x_wconf 88' lang='lat' dir='ltr'>omnibus</span> <span class='ocrx_word' id='word_1_413' title='bbox 2919 2608 3366 2677; x_wconf 76' lang='lat' dir='ltr'>quadriebordis</span> <span class='ocrx_word' id='word_1_414' title='bbox 3420 2610 3516 2665; x_wconf 84' lang='lat' dir='ltr'>lit-</span> 
     </span>
    </p>
   </div>
   <div class='ocr_carea' id='block_1_59' title="bbox 1867 2693 3507 2770">
    <p class='ocr_par' dir='ltr' id='par_1_59' title="bbox 1867 2693 3507 2770">
     <span class='ocr_line' id='line_1_59' title="bbox 1867 2693 3507 2770; baseline 0.006 -25"><span class='ocrx_word' id='word_1_415' title='bbox 1867 2697 2041 2756; x_wconf 84' lang='lat' dir='ltr'>teras,</span> <span class='ocrx_word' id='word_1_416' title='bbox 2084 2708 2209 2761; x_wconf 73' lang='lat' dir='ltr'>qure</span> <span class='ocrx_word' id='word_1_417' title='bbox 2260 2698 2398 2746; x_wconf 89' lang='lat' dir='ltr'>sunt</span> <span class='ocrx_word' id='word_1_418' title='bbox 2449 2693 2516 2759; x_wconf 91' lang='lat' dir='ltr'>D,</span> <span class='ocrx_word' id='word_1_419' title='bbox 2568 2694 2633 2760; x_wconf 86' lang='lat' dir='ltr'>G,</span> <span class='ocrx_word' id='word_1_420' title='bbox 2678 2694 2732 2760; x_wconf 92' lang='lat' dir='ltr'>d,</span> <span class='ocrx_word' id='word_1_421' title='bbox 2786 2712 2851 2766; x_wconf 86' lang='lat' dir='ltr'>g;</span> <span class='ocrx_word' id='word_1_422' title='bbox 2918 2704 3164 2766; x_wconf 82' lang='lat' dir='ltr'>quartas</span> <span class='ocrx_word' id='word_1_423' title='bbox 3226 2700 3507 2770; x_wconf 77' lang='lat' dir='ltr'>diapason</span> 
     </span>
    </p>
   </div>
   <div class='ocr_carea' id='block_1_60' title="bbox 1868 2780 3510 2857">
    <p class='ocr_par' dir='ltr' id='par_1_60' title="bbox 1868 2780 3510 2857">
     <span class='ocr_line' id='line_1_60' title="bbox 1868 2780 3510 2857; baseline 0.006 -24"><span class='ocrx_word' id='word_1_424' title='bbox 1868 2780 2109 2849; x_wconf 88' lang='lat' dir='ltr'>species,</span> <span class='ocrx_word' id='word_1_425' title='bbox 2155 2796 2279 2850; x_wconf 75' lang='lat' dir='ltr'>quze</span> <span class='ocrx_word' id='word_1_426' title='bbox 2328 2787 2466 2834; x_wconf 90' lang='lat' dir='ltr'>sunt</span> <span class='ocrx_word' id='word_1_427' title='bbox 2518 2782 2580 2848; x_wconf 94' lang='lat' dir='ltr'>D,</span> <span class='ocrx_word' id='word_1_428' title='bbox 2635 2782 2757 2836; x_wconf 85' lang='lat' dir='ltr'>etG</span> <span class='ocrx_word' id='word_1_429' title='bbox 2805 2800 2875 2854; x_wconf 90' lang='lat' dir='ltr'>g;</span> <span class='ocrx_word' id='word_1_430' title='bbox 2924 2791 3194 2854; x_wconf 86' lang='lat' dir='ltr'>quartam</span> <span class='ocrx_word' id='word_1_431' title='bbox 3240 2788 3510 2857; x_wconf 77' lang='lat' dir='ltr'>diapente</span> 
     </span>
    </p>
   </div>
   <div class='ocr_carea' id='block_1_61' title="bbox 1868 2869 3508 2944">
    <p class='ocr_par' dir='ltr' id='par_1_61' title="bbox 1868 2869 3508 2944">
     <span class='ocr_line' id='line_1_61' title="bbox 1868 2869 3508 2944; baseline 0.007 -24"><span class='ocrx_word' id='word_1_432' title='bbox 1868 2869 2142 2938; x_wconf 85' lang='lat' dir='ltr'>speciem,</span> <span class='ocrx_word' id='word_1_433' title='bbox 2165 2870 2522 2939; x_wconf 76' lang='lat' dir='ltr'>quzeestU,d</span> <span class='ocrx_word' id='word_1_434' title='bbox 2551 2877 2846 2940; x_wconf 79' lang='lat' dir='ltr'>;quartain</span> <span class='ocrx_word' id='word_1_435' title='bbox 2871 2890 3101 2944; x_wconf 86' lang='lat' dir='ltr'>quoque</span> <span class='ocrx_word' id='word_1_436' title='bbox 3147 2876 3508 2931; x_wconf 79' lang='lat' dir='ltr'>diatessaron</span> 
     </span>
    </p>
   </div>
   <div class='ocr_carea' id='block_1_62' title="bbox 1870 2959 3513 3033">
    <p class='ocr_par' dir='ltr' id='par_1_62' title="bbox 1870 2959 3513 3033">
     <span class='ocr_line' id='line_1_62' title="bbox 1870 2959 3513 3033; baseline 0.005 -20"><span class='ocrx_word' id='word_1_437' title='bbox 1870 2959 2141 3029; x_wconf 86' lang='lat' dir='ltr'>speciem,</span> <span class='ocrx_word' id='word_1_438' title='bbox 2174 2976 2298 3029; x_wconf 74' lang='lat' dir='ltr'>qua:</span> <span class='ocrx_word' id='word_1_439' title='bbox 2331 2960 2502 3023; x_wconf 89' lang='lat' dir='ltr'>estD,</span> <span class='ocrx_word' id='word_1_440' title='bbox 2536 2960 2602 3014; x_wconf 83' lang='lat' dir='ltr'>G.</span> <span class='ocrx_word' id='word_1_441' title='bbox 2630 2961 2755 3014; x_wconf 68' lang='lat' dir='ltr'>Haec</span> <span class='ocrx_word' id='word_1_442' title='bbox 2782 2964 3070 3033; x_wconf 85' lang='lat' dir='ltr'>generalis</span> <span class='ocrx_word' id='word_1_443' title='bbox 3102 2964 3389 3020; x_wconf 71' lang='lat' dir='ltr'>institutio</span> <span class='ocrx_word' id='word_1_444' title='bbox 3434 2968 3513 3022; x_wconf 90' lang='lat' dir='ltr'>ita</span> 
     </span>
    </p>
   </div>
   <div class='ocr_carea' id='block_1_63' title="bbox 1871 3047 3516 3122">
    <p class='ocr_par' dir='ltr' id='par_1_63' title="bbox 1871 3047 3516 3122">
     <span class='ocr_line' id='line_1_63' title="bbox 1871 3047 3516 3122; baseline 0.007 -22"><span class='ocrx_word' id='word_1_445' title='bbox 1871 3047 1986 3101; x_wconf 87' lang='lat' dir='ltr'>illis</span> <span class='ocrx_word' id='word_1_446' title='bbox 2016 3048 2426 3103; x_wconf 77' lang='lat' dir='ltr'>subdividitur.</span> <span class='ocrx_word' id='word_1_447' title='bbox 2462 3048 2540 3101; x_wconf 81' lang='lat' dir='ltr'>Ex</span> <span class='ocrx_word' id='word_1_448' title='bbox 2564 3055 2815 3119; x_wconf 87' lang='lat' dir='ltr'>quatuor</span> <span class='ocrx_word' id='word_1_449' title='bbox 2845 3052 3137 3122; x_wconf 71' lang='lat' dir='ltr'>praedictis</span> <span class='ocrx_word' id='word_1_450' title='bbox 3170 3054 3376 3109; x_wconf 86' lang='lat' dir='ltr'>litteris</span> <span class='ocrx_word' id='word_1_451' title='bbox 3401 3061 3516 3112; x_wconf 86' lang='lat' dir='ltr'>tres</span> 
     </span>
    </p>
   </div>
   <div class='ocr_carea' id='block_1_64' title="bbox 1871 3136 3518 3219">
    <p class='ocr_par' dir='ltr' id='par_1_64' title="bbox 1871 3136 3518 3219">
     <span class='ocr_line' id='line_1_64' title="bbox 1871 3136 3518 3219; baseline 0.007 -29"><span class='ocrx_word' id='word_1_452' title='bbox 1871 3136 1982 3190; x_wconf 90' lang='lat' dir='ltr'>sibi</span> <span class='ocrx_word' id='word_1_453' title='bbox 2016 3136 2198 3190; x_wconf 91' lang='lat' dir='ltr'>sumit</span> <span class='ocrx_word' id='word_1_454' title='bbox 2229 3137 2581 3207; x_wconf 89' lang='lat' dir='ltr'>autenticus,</span> <span class='ocrx_word' id='word_1_455' title='bbox 2610 3138 2667 3192; x_wconf 88' lang='lat' dir='ltr'>id</span> <span class='ocrx_word' id='word_1_456' title='bbox 2700 3145 2789 3193; x_wconf 90' lang='lat' dir='ltr'>est</span> <span class='ocrx_word' id='word_1_457' title='bbox 2830 3141 2896 3204; x_wconf 87' lang='lat' dir='ltr'>G,</span> <span class='ocrx_word' id='word_1_458' title='bbox 2947 3140 3006 3208; x_wconf 94' lang='lat' dir='ltr'>d,</span> <span class='ocrx_word' id='word_1_459' title='bbox 3047 3158 3103 3213; x_wconf 91' lang='lat' dir='ltr'>g,</span> <span class='ocrx_word' id='word_1_460' title='bbox 3154 3152 3207 3198; x_wconf 89' lang='lat' dir='ltr'>et</span> <span class='ocrx_word' id='word_1_461' title='bbox 3233 3150 3334 3199; x_wconf 85' lang='lat' dir='ltr'>est</span> <span class='ocrx_word' id='word_1_462' title='bbox 3383 3146 3449 3213; x_wconf 85' lang='lat' dir='ltr'>G,</span> <span class='ocrx_word' id='word_1_463' title='bbox 3481 3163 3518 3219; x_wconf 92' lang='lat' dir='ltr'>g</span> 
     </span>
    </p>
   </div>
   <div class='ocr_carea' id='block_1_65' title="bbox 1873 3224 3513 3304">
    <p class='ocr_par' dir='ltr' id='par_1_65' title="bbox 1873 3224 3513 3304">
     <span class='ocr_line' id='line_1_65' title="bbox 1873 3224 3513 3304; baseline 0.009 -28"><span class='ocrx_word' id='word_1_464' title='bbox 1873 3225 2172 3296; x_wconf 87' lang='lat' dir='ltr'>diapason,</span> <span class='ocrx_word' id='word_1_465' title='bbox 2193 3224 2251 3278; x_wconf 92' lang='lat' dir='ltr'>id</span> <span class='ocrx_word' id='word_1_466' title='bbox 2281 3230 2390 3293; x_wconf 86' lang='lat' dir='ltr'>est,</span> <span class='ocrx_word' id='word_1_467' title='bbox 2418 3227 2545 3295; x_wconf 90' lang='lat' dir='ltr'>ejus</span> <span class='ocrx_word' id='word_1_468' title='bbox 2568 3228 2977 3284; x_wconf 87' lang='lat' dir='ltr'>acutissimum</span> <span class='ocrx_word' id='word_1_469' title='bbox 2992 3236 3048 3285; x_wconf 92' lang='lat' dir='ltr'>et</span> <span class='ocrx_word' id='word_1_470' title='bbox 3067 3234 3513 3304; x_wconf 87' lang='lat' dir='ltr'>gravissimum;</span> 
     </span>
    </p>
   </div>
   <div class='ocr_carea' id='block_1_66' title="bbox 108 3303 3515 3386">
    <p class='ocr_par' dir='ltr' id='par_1_66' title="bbox 108 3303 3515 3386">
     <span class='ocr_line' id='line_1_66' title="bbox 108 3303 3515 3386; baseline 0.003 -17"><span class='ocrx_word' id='word_1_471' title='bbox 108 3314 318 3373; x_wconf 80' lang='lat' dir='ltr'>litteris</span> <span class='ocrx_word' id='word_1_472' title='bbox 347 3316 691 3373; x_wconf 88' lang='lat' dir='ltr'>autenticus</span> <span class='ocrx_word' id='word_1_473' title='bbox 717 3321 833 3371; x_wconf 91' lang='lat' dir='ltr'>tres</span> <span class='ocrx_word' id='word_1_474' title='bbox 864 3316 973 3371; x_wconf 92' lang='lat' dir='ltr'>sibi</span> <span class='ocrx_word' id='word_1_475' title='bbox 997 3316 1274 3383; x_wconf 90' lang='lat' dir='ltr'>vindicat,</span> <span class='ocrx_word' id='word_1_476' title='bbox 1321 3317 1376 3371; x_wconf 91' lang='lat' dir='ltr'>id</span> <span class='ocrx_word' id='word_1_477' title='bbox 1403 3322 1492 3371; x_wconf 92' lang='lat' dir='ltr'>est</span> <span class='ocrx_word' id='word_1_478' title='bbox 1534 3319 1595 3386; x_wconf 92' lang='lat' dir='ltr'>D,</span> <span class='ocrx_word' id='word_1_479' title='bbox 1630 3334 1681 3384; x_wconf 92' lang='lat' dir='ltr'>a,</span> <span class='ocrx_word' id='word_1_480' title='bbox 1728 3317 1762 3371; x_wconf 95' lang='lat' dir='ltr'>d</span> <span class='ocrx_word' id='word_1_481' title='bbox 1795 3303 1837 3367; x_wconf 86' lang='lat' dir='ltr'>C</span> <span class='ocrx_word' id='word_1_482' title='bbox 1877 3313 1922 3367; x_wconf 94' lang='lat' dir='ltr'><strong>D</strong></span> <span class='ocrx_word' id='word_1_483' title='bbox 1974 3331 2105 3368; x_wconf 86' lang='lat' dir='ltr'>vero</span> <span class='ocrx_word' id='word_1_484' title='bbox 2157 3314 2348 3369; x_wconf 90' lang='lat' dir='ltr'>media</span> <span class='ocrx_word' id='word_1_485' title='bbox 2386 3316 2732 3371; x_wconf 61' lang='lat' dir='ltr'>sarculorum.</span> <span class='ocrx_word' id='word_1_486' title='bbox 2785 3318 2956 3373; x_wconf 81' lang='lat' dir='ltr'>Amen</span> <span class='ocrx_word' id='word_1_487' title='bbox 3003 3321 3278 3375; x_wconf 88' lang='lat' dir='ltr'>continet.</span> <span class='ocrx_word' id='word_1_488' title='bbox 3330 3324 3515 3380; x_wconf 88' lang='lat' dir='ltr'>Habet</span> 
     </span>
    </p>
   </div>
   <div class='ocr_carea' id='block_1_67' title="bbox 105 3404 1759 3477">
    <p class='ocr_par' dir='ltr' id='par_1_67' title="bbox 105 3404 1759 3477">
     <span class='ocr_line' id='line_1_67' title="bbox 105 3404 1759 3477; baseline 0.001 -18"><span class='ocrx_word' id='word_1_489' title='bbox 105 3408 267 3461; x_wconf 87' lang='lat' dir='ltr'>etest</span> <span class='ocrx_word' id='word_1_490' title='bbox 296 3405 595 3477; x_wconf 86' lang='lat' dir='ltr'>diapason</span> <span class='ocrx_word' id='word_1_491' title='bbox 650 3404 716 3472; x_wconf 94' lang='lat' dir='ltr'>D,</span> <span class='ocrx_word' id='word_1_492' title='bbox 769 3405 826 3472; x_wconf 91' lang='lat' dir='ltr'>d,</span> <span class='ocrx_word' id='word_1_493' title='bbox 877 3404 935 3459; x_wconf 93' lang='lat' dir='ltr'>in</span> <span class='ocrx_word' id='word_1_494' title='bbox 985 3421 1234 3475; x_wconf 89' lang='lat' dir='ltr'>quarum</span> <span class='ocrx_word' id='word_1_495' title='bbox 1281 3422 1400 3461; x_wconf 87' lang='lat' dir='ltr'>una</span> <span class='ocrx_word' id='word_1_496' title='bbox 1452 3405 1759 3473; x_wconf 90' lang='lat' dir='ltr'>altissime,</span> 
     </span>
    </p>
   </div>
   <div class='ocr_carea' id='block_1_68' title="bbox 105 3492 1765 3565">
    <p class='ocr_par' dir='ltr' id='par_1_68' title="bbox 105 3492 1765 3565">
     <span class='ocr_line' id='line_1_68' title="bbox 105 3492 1765 3565; baseline 0.001 -16"><span class='ocrx_word' id='word_1_497' title='bbox 105 3498 397 3565; x_wconf 88' lang='lat' dir='ltr'>quantum</span> <span class='ocrx_word' id='word_1_498' title='bbox 421 3494 499 3549; x_wconf 92' lang='lat' dir='ltr'>ad</span> <span class='ocrx_word' id='word_1_499' title='bbox 522 3492 732 3565; x_wconf 89' lang='lat' dir='ltr'>legem,</span> <span class='ocrx_word' id='word_1_500' title='bbox 767 3495 1048 3559; x_wconf 89' lang='lat' dir='ltr'>ascendit,</span> <span class='ocrx_word' id='word_1_501' title='bbox 1084 3494 1140 3548; x_wconf 91' lang='lat' dir='ltr'>in</span> <span class='ocrx_word' id='word_1_502' title='bbox 1192 3493 1372 3549; x_wconf 88' lang='lat' dir='ltr'>altera</span> <span class='ocrx_word' id='word_1_503' title='bbox 1416 3496 1581 3562; x_wconf 84' lang='lat' dir='ltr'>linit;</span> <span class='ocrx_word' id='word_1_504' title='bbox 1624 3495 1683 3549; x_wconf 92' lang='lat' dir='ltr'>in</span> <span class='ocrx_word' id='word_1_505' title='bbox 1732 3512 1765 3551; x_wconf 92' lang='lat' dir='ltr'>a</span> 
     </span>
    </p>
   </div>
   <div class='ocr_carea' id='block_1_69' title="bbox 106 3583 1764 3655">
    <p class='ocr_par' dir='ltr' id='par_1_69' title="bbox 106 3583 1764 3655">
     <span class='ocr_line' id='line_1_69' title="bbox 106 3583 1764 3655; baseline 0.001 -18"><span class='ocrx_word' id='word_1_506' title='bbox 106 3584 296 3639; x_wconf 88' lang='lat' dir='ltr'>media</span> <span class='ocrx_word' id='word_1_507' title='bbox 333 3584 698 3640; x_wconf 65' lang='lat' dir='ltr'>:wculorum.</span> <span class='ocrx_word' id='word_1_508' title='bbox 733 3584 895 3638; x_wconf 78' lang='lat' dir='ltr'>Amen</span> <span class='ocrx_word' id='word_1_509' title='bbox 921 3583 1093 3637; x_wconf 88' lang='lat' dir='ltr'>canit.</span> <span class='ocrx_word' id='word_1_510' title='bbox 1119 3583 1303 3638; x_wconf 88' lang='lat' dir='ltr'>Habet</span> <span class='ocrx_word' id='word_1_511' title='bbox 1324 3584 1590 3655; x_wconf 89' lang='lat' dir='ltr'>diapente</span> <span class='ocrx_word' id='word_1_512' title='bbox 1616 3585 1681 3651; x_wconf 92' lang='lat' dir='ltr'>D,</span> <span class='ocrx_word' id='word_1_513' title='bbox 1708 3602 1764 3651; x_wconf 89' lang='lat' dir='ltr'>a,</span> 
     </span>
    </p>
   </div>
   <div class='ocr_carea' id='block_1_70' title="bbox 102 3671 1764 3743">
    <p class='ocr_par' dir='ltr' id='par_1_70' title="bbox 102 3671 1764 3743">
     <span class='ocr_line' id='line_1_70' title="bbox 102 3671 1764 3743; baseline 0.001 -18"><span class='ocrx_word' id='word_1_514' title='bbox 102 3671 485 3728; x_wconf 87' lang='lat' dir='ltr'>diatessaron</span> <span class='ocrx_word' id='word_1_515' title='bbox 518 3672 614 3739; x_wconf 90' lang='lat' dir='ltr'>a,d</span> <span class='ocrx_word' id='word_1_516' title='bbox 646 3671 706 3727; x_wconf 93' lang='lat' dir='ltr'>in</span> <span class='ocrx_word' id='word_1_517' title='bbox 728 3673 1151 3743; x_wconf 89' lang='lat' dir='ltr'>superioribus.</span> <span class='ocrx_word' id='word_1_518' title='bbox 1176 3673 1474 3737; x_wconf 90' lang='lat' dir='ltr'>Quomodo</span> <span class='ocrx_word' id='word_1_519' title='bbox 1491 3674 1609 3727; x_wconf 65' lang='lat' dir='ltr'>haec</span> <span class='ocrx_word' id='word_1_520' title='bbox 1628 3690 1764 3728; x_wconf 88' lang='lat' dir='ltr'>con-</span> 
     </span>
    </p>
   </div>
   <div class='ocr_carea' id='block_1_71' title="bbox 105 3761 1765 3833">
    <p class='ocr_par' dir='ltr' id='par_1_71' title="bbox 105 3761 1765 3833">
     <span class='ocr_line' id='line_1_71' title="bbox 105 3761 1765 3833; baseline 0.003 -19"><span class='ocrx_word' id='word_1_521' title='bbox 105 3763 256 3816; x_wconf 81' lang='lat' dir='ltr'>stent</span> <span class='ocrx_word' id='word_1_522' title='bbox 286 3762 551 3833; x_wconf 91' lang='lat' dir='ltr'>species,</span> <span class='ocrx_word' id='word_1_523' title='bbox 587 3762 861 3833; x_wconf 89' lang='lat' dir='ltr'>superius</span> <span class='ocrx_word' id='word_1_524' title='bbox 912 3762 1223 3833; x_wconf 92' lang='lat' dir='ltr'>petendum</span> <span class='ocrx_word' id='word_1_525' title='bbox 1269 3769 1373 3817; x_wconf 86' lang='lat' dir='ltr'>est.</span> <span class='ocrx_word' id='word_1_526' title='bbox 1428 3761 1765 3833; x_wconf 83' lang='lat' dir='ltr'>Subjugalis</span> 
     </span>
    </p>
   </div>
   <div class='ocr_carea' id='block_1_72' title="bbox 105 3849 1767 3920">
    <p class='ocr_par' dir='ltr' id='par_1_72' title="bbox 105 3849 1767 3920">
     <span class='ocr_line' id='line_1_72' title="bbox 105 3849 1767 3920; baseline 0.003 -18"><span class='ocrx_word' id='word_1_527' title='bbox 105 3864 232 3905; x_wconf 84' lang='lat' dir='ltr'>vero</span> <span class='ocrx_word' id='word_1_528' title='bbox 263 3850 559 3906; x_wconf 82' lang='lat' dir='ltr'>similiter</span> <span class='ocrx_word' id='word_1_529' title='bbox 587 3849 778 3905; x_wconf 91' lang='lat' dir='ltr'>tribus</span> <span class='ocrx_word' id='word_1_530' title='bbox 807 3851 1094 3905; x_wconf 82' lang='lat' dir='ltr'>formatur</span> <span class='ocrx_word' id='word_1_531' title='bbox 1133 3850 1344 3906; x_wconf 90' lang='lat' dir='ltr'>litteris</span> <span class='ocrx_word' id='word_1_532' title='bbox 1392 3852 1459 3918; x_wconf 88' lang='lat' dir='ltr'>A,</span> <span class='ocrx_word' id='word_1_533' title='bbox 1492 3850 1559 3917; x_wconf 88' lang='lat' dir='ltr'>D,</span> <span class='ocrx_word' id='word_1_534' title='bbox 1608 3869 1662 3920; x_wconf 90' lang='lat' dir='ltr'>a,</span> <span class='ocrx_word' id='word_1_535' title='bbox 1710 3859 1767 3907; x_wconf 91' lang='lat' dir='ltr'>et</span> 
     </span>
    </p>
   </div>
   <div class='ocr_carea' id='block_1_73' title="bbox 108 3939 1764 4014">
    <p class='ocr_par' dir='ltr' id='par_1_73' title="bbox 108 3939 1764 4014">
     <span class='ocr_line' id='line_1_73' title="bbox 108 3939 1764 4014; baseline 0.002 -22"><span class='ocrx_word' id='word_1_536' title='bbox 108 3942 191 3992; x_wconf 87' lang='lat' dir='ltr'>est</span> <span class='ocrx_word' id='word_1_537' title='bbox 218 3939 524 4014; x_wconf 85' lang='lat' dir='ltr'>diapason</span> <span class='ocrx_word' id='word_1_538' title='bbox 556 3941 622 4007; x_wconf 87' lang='lat' dir='ltr'>A,</span> <span class='ocrx_word' id='word_1_539' title='bbox 657 3956 708 4007; x_wconf 91' lang='lat' dir='ltr'>a;</span> <span class='ocrx_word' id='word_1_540' title='bbox 748 3939 805 3993; x_wconf 92' lang='lat' dir='ltr'>id</span> <span class='ocrx_word' id='word_1_541' title='bbox 853 3945 941 3994; x_wconf 93' lang='lat' dir='ltr'>est</span> <span class='ocrx_word' id='word_1_542' title='bbox 989 3939 1401 3995; x_wconf 89' lang='lat' dir='ltr'>acutissimum</span> <span class='ocrx_word' id='word_1_543' title='bbox 1448 3945 1505 3995; x_wconf 90' lang='lat' dir='ltr'>ct</span> <span class='ocrx_word' id='word_1_544' title='bbox 1544 3942 1764 4012; x_wconf 86' lang='lat' dir='ltr'>gravis-</span> 
     </span>
    </p>
   </div>
   <div class='ocr_carea' id='block_1_74' title="bbox 109 4026 1763 4102">
    <p class='ocr_par' dir='ltr' id='par_1_74' title="bbox 109 4026 1763 4102">
     <span class='ocr_line' id='line_1_74' title="bbox 109 4026 1763 4102; baseline 0.004 -21"><span class='ocrx_word' id='word_1_545' title='bbox 109 4026 351 4085; x_wconf 87' lang='lat' dir='ltr'>simum.</span> <span class='ocrx_word' id='word_1_546' title='bbox 386 4029 439 4085; x_wconf 92' lang='lat' dir='ltr'><strong>D</strong></span> <span class='ocrx_word' id='word_1_547' title='bbox 491 4044 627 4084; x_wconf 89' lang='lat' dir='ltr'>vero</span> <span class='ocrx_word' id='word_1_548' title='bbox 675 4028 867 4084; x_wconf 90' lang='lat' dir='ltr'>media</span> <span class='ocrx_word' id='word_1_549' title='bbox 911 4028 1040 4083; x_wconf 84' lang='lat' dir='ltr'>ﬁnit</span> <span class='ocrx_word' id='word_1_550' title='bbox 1079 4046 1212 4084; x_wconf 91' lang='lat' dir='ltr'>eum</span> <span class='ocrx_word' id='word_1_551' title='bbox 1263 4046 1395 4085; x_wconf 92' lang='lat' dir='ltr'>cum</span> <span class='ocrx_word' id='word_1_552' title='bbox 1447 4031 1763 4102; x_wconf 87' lang='lat' dir='ltr'>magistro:</span> 
     </span>
    </p>
   </div>
   <div class='ocr_carea' id='block_1_75' title="bbox 91 4117 1762 4191">
    <p class='ocr_par' dir='ltr' id='par_1_75' title="bbox 91 4117 1762 4191">
     <span class='ocr_line' id='line_1_75' title="bbox 91 4117 1762 4191; baseline 0.003 -20"><span class='ocrx_word' id='word_1_553' title='bbox 91 4128 238 4179; x_wconf 58' lang='lat' dir='ltr'>icum</span> <span class='ocrx_word' id='word_1_554' title='bbox 269 4134 397 4191; x_wconf 90' lang='lat' dir='ltr'>quo</span> <span class='ocrx_word' id='word_1_555' title='bbox 432 4117 618 4174; x_wconf 87' lang='lat' dir='ltr'>etiam</span> <span class='ocrx_word' id='word_1_556' title='bbox 640 4118 907 4189; x_wconf 88' lang='lat' dir='ltr'>diapente</span> <span class='ocrx_word' id='word_1_557' title='bbox 928 4119 1345 4189; x_wconf 90' lang='lat' dir='ltr'>communitur,</span> <span class='ocrx_word' id='word_1_558' title='bbox 1379 4119 1762 4191; x_wconf 90' lang='lat' dir='ltr'>diatessaron,</span> 
     </span>
    </p>
   </div>
   <div class='ocr_carea' id='block_1_76' title="bbox 111 4205 1763 4280">
    <p class='ocr_par' dir='ltr' id='par_1_76' title="bbox 111 4205 1763 4280">
     <span class='ocr_line' id='line_1_76' title="bbox 111 4205 1763 4280; baseline 0.004 -21"><span class='ocrx_word' id='word_1_559' title='bbox 111 4205 144 4259; x_wconf 90' lang='lat' dir='ltr'>d</span> <span class='ocrx_word' id='word_1_560' title='bbox 162 4206 368 4279; x_wconf 88' lang='lat' dir='ltr'>ipsum</span> <span class='ocrx_word' id='word_1_561' title='bbox 390 4207 561 4279; x_wconf 89' lang='lat' dir='ltr'>quod</span> <span class='ocrx_word' id='word_1_562' title='bbox 586 4206 864 4279; x_wconf 83' lang='lat' dir='ltr'>magister</span> <span class='ocrx_word' id='word_1_563' title='bbox 884 4207 1094 4279; x_wconf 92' lang='lat' dir='ltr'>accipit</span> <span class='ocrx_word' id='word_1_564' title='bbox 1118 4208 1176 4263; x_wconf 92' lang='lat' dir='ltr'>in</span> <span class='ocrx_word' id='word_1_565' title='bbox 1199 4208 1496 4280; x_wconf 90' lang='lat' dir='ltr'>gravibus.</span> <span class='ocrx_word' id='word_1_566' title='bbox 1513 4209 1763 4273; x_wconf 88' lang='lat' dir='ltr'>Quomo-</span> 
     </span>
    </p>
   </div>
   <div class='ocr_carea' id='block_1_77' title="bbox 88 4293 1759 4370">
    <p class='ocr_par' dir='ltr' id='par_1_77' title="bbox 88 4293 1759 4370">
     <span class='ocr_line' id='line_1_77' title="bbox 88 4293 1759 4370; baseline 0.006 -23"><span class='ocrx_word' id='word_1_567' title='bbox 88 4293 154 4349; x_wconf 87' lang='lat' dir='ltr'>do</span> <span class='ocrx_word' id='word_1_568' title='bbox 182 4311 326 4370; x_wconf 89' lang='lat' dir='ltr'>ergo</span> <span class='ocrx_word' id='word_1_569' title='bbox 348 4300 577 4370; x_wconf 89' lang='lat' dir='ltr'>protus</span> <span class='ocrx_word' id='word_1_570' title='bbox 600 4312 734 4351; x_wconf 92' lang='lat' dir='ltr'>cum</span> <span class='ocrx_word' id='word_1_571' title='bbox 758 4298 881 4351; x_wconf 90' lang='lat' dir='ltr'>suis</span> <span class='ocrx_word' id='word_1_572' title='bbox 905 4298 1311 4353; x_wconf 89' lang='lat' dir='ltr'>tantummodo</span> <span class='ocrx_word' id='word_1_573' title='bbox 1335 4297 1759 4370; x_wconf 90' lang='lat' dir='ltr'>principalibus</span> 
     </span>
    </p>
   </div>
   <div class='ocr_carea' id='block_1_78' title="bbox 1872 3403 3506 3480">
    <p class='ocr_par' dir='ltr' id='par_1_78' title="bbox 1872 3403 3506 3480">
     <span class='ocr_line' id='line_1_78' title="bbox 1872 3403 3506 3480; baseline 0.007 -24"><span class='ocrx_word' id='word_1_574' title='bbox 1872 3403 2143 3473; x_wconf 74' lang='lat' dir='ltr'>diapente</span> <span class='ocrx_word' id='word_1_575' title='bbox 2173 3403 2239 3469; x_wconf 91' lang='lat' dir='ltr'>G,</span> <span class='ocrx_word' id='word_1_576' title='bbox 2272 3404 2306 3457; x_wconf 95' lang='lat' dir='ltr'>d</span> <span class='ocrx_word' id='word_1_577' title='bbox 2336 3422 2348 3470; x_wconf 91' lang='lat'><strong>;</strong></span> <span class='ocrx_word' id='word_1_578' title='bbox 2382 3404 2742 3460; x_wconf 84' lang='lat' dir='ltr'>diatessaron</span> <span class='ocrx_word' id='word_1_579' title='bbox 2790 3407 2846 3471; x_wconf 92' lang='lat' dir='ltr'>d,</span> <span class='ocrx_word' id='word_1_580' title='bbox 2893 3423 2931 3478; x_wconf 90' lang='lat' dir='ltr'>g</span> <span class='ocrx_word' id='word_1_581' title='bbox 2977 3406 3034 3461; x_wconf 91' lang='lat' dir='ltr'>in</span> <span class='ocrx_word' id='word_1_582' title='bbox 3086 3410 3506 3480; x_wconf 89' lang='lat' dir='ltr'>superioribus.</span> 
     </span>
    </p>
   </div>
   <div class='ocr_carea' id='block_1_79' title="bbox 1873 3490 3505 3569">
    <p class='ocr_par' dir='ltr' id='par_1_79' title="bbox 1873 3490 3505 3569">
     <span class='ocr_line' id='line_1_79' title="bbox 1873 3490 3505 3569; baseline 0.007 -24"><span class='ocrx_word' id='word_1_583' title='bbox 1873 3490 2210 3563; x_wconf 87' lang='lat' dir='ltr'>Subjugalis</span> <span class='ocrx_word' id='word_1_584' title='bbox 2240 3493 2368 3562; x_wconf 83' lang='lat' dir='ltr'>ejus</span> <span class='ocrx_word' id='word_1_585' title='bbox 2398 3493 2666 3549; x_wconf 89' lang='lat' dir='ltr'>similiter</span> <span class='ocrx_word' id='word_1_586' title='bbox 2686 3495 2873 3550; x_wconf 93' lang='lat' dir='ltr'>tribus</span> <span class='ocrx_word' id='word_1_587' title='bbox 2911 3496 3243 3567; x_wconf 90' lang='lat' dir='ltr'>disponitur</span> <span class='ocrx_word' id='word_1_588' title='bbox 3275 3500 3505 3569; x_wconf 88' lang='lat' dir='ltr'>litteris,</span> 
     </span>
    </p>
   </div>
   <div class='ocr_carea' id='block_1_80' title="bbox 1875 3581 3508 3679">
    <p class='ocr_par' dir='ltr' id='par_1_80' title="bbox 1875 3581 3508 3679">
     <span class='ocr_line' id='line_1_80' title="bbox 1875 3581 3508 3679; baseline 0.01 -47"><span class='ocrx_word' id='word_1_589' title='bbox 1875 3596 1998 3651; x_wconf 65' lang='lat' dir='ltr'>quae</span> <span class='ocrx_word' id='word_1_590' title='bbox 2032 3587 2168 3635; x_wconf 91' lang='lat' dir='ltr'>sunt</span> <span class='ocrx_word' id='word_1_591' title='bbox 2198 3581 2263 3648; x_wconf 94' lang='lat' dir='ltr'>D,</span> <span class='ocrx_word' id='word_1_592' title='bbox 2295 3582 2360 3648; x_wconf 91' lang='lat' dir='ltr'>G,</span> <span class='ocrx_word' id='word_1_593' title='bbox 2391 3582 2445 3649; x_wconf 93' lang='lat' dir='ltr'>d,</span> <span class='ocrx_word' id='word_1_594' title='bbox 2476 3588 2531 3637; x_wconf 73' lang='lat' dir='ltr'>et</span> <span class='ocrx_word' id='word_1_595' title='bbox 2560 3590 2647 3637; x_wconf 85' lang='lat' dir='ltr'>est</span> <span class='ocrx_word' id='word_1_596' title='bbox 2682 3590 2741 3651; x_wconf 93' lang='lat' dir='ltr'>D,</span> <span class='ocrx_word' id='word_1_597' title='bbox 2771 3585 2806 3638; x_wconf 92' lang='lat' dir='ltr'>d</span> <span class='ocrx_word' id='word_1_598' title='bbox 2834 3585 3137 3657; x_wconf 84' lang='lat' dir='ltr'>diapason,</span> <span class='ocrx_word' id='word_1_599' title='bbox 3168 3589 3331 3645; x_wconf 86' lang='lat' dir='ltr'>idest</span> <span class='ocrx_word' id='word_1_600' title='bbox 3378 3594 3508 3679; x_wconf 61' lang='lat' dir='ltr'>ej‘us</span> 
     </span>
    </p>
   </div>
   <div class='ocr_carea' id='block_1_81' title="bbox 1873 3671 3512 3744">
    <p class='ocr_par' dir='ltr' id='par_1_81' title="bbox 1873 3671 3512 3744">
     <span class='ocr_line' id='line_1_81' title="bbox 1873 3671 3512 3744; baseline 0.007 -17"><span class='ocrx_word' id='word_1_601' title='bbox 1873 3671 2277 3727; x_wconf 89' lang='lat' dir='ltr'>acutissimum</span> <span class='ocrx_word' id='word_1_602' title='bbox 2308 3675 2362 3726; x_wconf 86' lang='lat' dir='ltr'>et</span> <span class='ocrx_word' id='word_1_603' title='bbox 2394 3673 2831 3744; x_wconf 89' lang='lat' dir='ltr'>gravissimum.</span> <span class='ocrx_word' id='word_1_604' title='bbox 2865 3675 2911 3730; x_wconf 88' lang='lat' dir='ltr'>G</span> <span class='ocrx_word' id='word_1_605' title='bbox 2959 3693 3090 3732; x_wconf 83' lang='lat' dir='ltr'>vero</span> <span class='ocrx_word' id='word_1_606' title='bbox 3135 3680 3328 3735; x_wconf 90' lang='lat' dir='ltr'>media</span> <span class='ocrx_word' id='word_1_607' title='bbox 3379 3671 3512 3740; x_wconf 79' lang='lat' dir='ltr'>linit</span> 
     </span>
    </p>
   </div>
   <div class='ocr_carea' id='block_1_82' title="bbox 1874 3761 3512 3839">
    <p class='ocr_par' dir='ltr' id='par_1_82' title="bbox 1874 3761 3512 3839">
     <span class='ocr_line' id='line_1_82' title="bbox 1874 3761 3512 3839; baseline 0.007 -23"><span class='ocrx_word' id='word_1_608' title='bbox 1874 3777 2007 3816; x_wconf 90' lang='lat' dir='ltr'>eum</span> <span class='ocrx_word' id='word_1_609' title='bbox 2038 3776 2171 3814; x_wconf 93' lang='lat' dir='ltr'>cum</span> <span class='ocrx_word' id='word_1_610' title='bbox 2204 3761 2485 3831; x_wconf 88' lang='lat' dir='ltr'>magistro</span> <span class='ocrx_word' id='word_1_611' title='bbox 2511 3779 2523 3816; x_wconf 91' lang='lat'><strong>:</strong></span> <span class='ocrx_word' id='word_1_612' title='bbox 2558 3778 2692 3817; x_wconf 91' lang='lat' dir='ltr'>cum</span> <span class='ocrx_word' id='word_1_613' title='bbox 2724 3780 2839 3834; x_wconf 91' lang='lat' dir='ltr'>quo</span> <span class='ocrx_word' id='word_1_614' title='bbox 2870 3765 3045 3821; x_wconf 91' lang='lat' dir='ltr'>etiam</span> <span class='ocrx_word' id='word_1_615' title='bbox 3067 3767 3337 3839; x_wconf 87' lang='lat' dir='ltr'>diapente</span> <span class='ocrx_word' id='word_1_616' title='bbox 3354 3788 3512 3828; x_wconf 83' lang='lat' dir='ltr'>com-</span> 
     </span>
    </p>
   </div>
   <div class='ocr_carea' id='block_1_83' title="bbox 1877 3849 3508 3929">
    <p class='ocr_par' dir='ltr' id='par_1_83' title="bbox 1877 3849 3508 3929">
     <span class='ocr_line' id='line_1_83' title="bbox 1877 3849 3508 3929; baseline 0.008 -25"><span class='ocrx_word' id='word_1_617' title='bbox 1877 3850 2160 3916; x_wconf 92' lang='lat' dir='ltr'>munitur,</span> <span class='ocrx_word' id='word_1_618' title='bbox 2209 3849 2571 3905; x_wconf 88' lang='lat' dir='ltr'>diatessaron</span> <span class='ocrx_word' id='word_1_619' title='bbox 2624 3868 2754 3907; x_wconf 89' lang='lat' dir='ltr'>vero</span> <span class='ocrx_word' id='word_1_620' title='bbox 2806 3852 3045 3910; x_wconf 91' lang='lat' dir='ltr'>collocat</span> <span class='ocrx_word' id='word_1_621' title='bbox 3094 3856 3153 3911; x_wconf 90' lang='lat' dir='ltr'>in</span> <span class='ocrx_word' id='word_1_622' title='bbox 3214 3860 3508 3929; x_wconf 87' lang='lat' dir='ltr'>gravibus.</span> 
     </span>
    </p>
   </div>
   <div class='ocr_carea' id='block_1_84' title="bbox 1874 3938 3509 4017">
    <p class='ocr_par' dir='ltr' id='par_1_84' title="bbox 1874 3938 3509 4017">
     <span class='ocr_line' id='line_1_84' title="bbox 1874 3938 3509 4017; baseline 0.007 -24"><span class='ocrx_word' id='word_1_623' title='bbox 1874 3939 2017 3993; x_wconf 84' lang='lat' dir='ltr'>Ecce</span> <span class='ocrx_word' id='word_1_624' title='bbox 2048 3954 2251 3993; x_wconf 90' lang='lat' dir='ltr'>omnes</span> <span class='ocrx_word' id='word_1_625' title='bbox 2271 3938 2583 3993; x_wconf 89' lang='lat' dir='ltr'>ordinatim</span> <span class='ocrx_word' id='word_1_626' title='bbox 2617 3956 2879 4011; x_wconf 69' lang='lat' dir='ltr'>expensa:</span> <span class='ocrx_word' id='word_1_627' title='bbox 2924 3959 3056 3997; x_wconf 91' lang='lat' dir='ltr'>cum</span> <span class='ocrx_word' id='word_1_628' title='bbox 3106 3946 3287 4017; x_wconf 88' lang='lat' dir='ltr'>trepis</span> <span class='ocrx_word' id='word_1_629' title='bbox 3332 3949 3509 4005; x_wconf 88' lang='lat' dir='ltr'>etiam</span> 
     </span>
    </p>
   </div>
   <div class='ocr_carea' id='block_1_85' title="bbox 1874 4026 2467 4082">
    <p class='ocr_par' dir='ltr' id='par_1_85' title="bbox 1874 4026 2467 4082">
     <span class='ocr_line' id='line_1_85' title="bbox 1874 4026 2467 4082; baseline 0.002 -1"><span class='ocrx_word' id='word_1_630' title='bbox 1874 4026 2078 4082; x_wconf 63' lang='lat' dir='ltr'>littera:</span> <span class='ocrx_word' id='word_1_631' title='bbox 2109 4026 2283 4082; x_wconf 72' lang='lat' dir='ltr'>finitae</span> <span class='ocrx_word' id='word_1_632' title='bbox 2310 4032 2467 4082; x_wconf 89' lang='lat' dir='ltr'>sunt.</span> 
     </span>
    </p>
   </div>
   <div class='ocr_carea' id='block_1_86' title="bbox 1950 4118 3517 4196">
    <p class='ocr_par' dir='ltr' id='par_1_86' title="bbox 1950 4118 3517 4196">
     <span class='ocr_line' id='line_1_86' title="bbox 1950 4118 3517 4196; baseline 0.008 -23"><span class='ocrx_word' id='word_1_633' title='bbox 1950 4118 2166 4183; x_wconf 75' lang='lat' dir='ltr'>Restat,</span> <span class='ocrx_word' id='word_1_634' title='bbox 2198 4122 2263 4171; x_wconf 89' lang='lat' dir='ltr'>ut</span> <span class='ocrx_word' id='word_1_635' title='bbox 2292 4118 2690 4189; x_wconf 91' lang='lat' dir='ltr'>supradictum</span> <span class='ocrx_word' id='word_1_636' title='bbox 2723 4125 2829 4186; x_wconf 91' lang='lat' dir='ltr'>est,</span> <span class='ocrx_word' id='word_1_637' title='bbox 2873 4138 2981 4177; x_wconf 80' lang='lat' dir='ltr'>vox</span> <span class='ocrx_word' id='word_1_638' title='bbox 3030 4140 3165 4191; x_wconf 90' lang='lat' dir='ltr'>una,</span> <span class='ocrx_word' id='word_1_639' title='bbox 3218 4125 3274 4181; x_wconf 89' lang='lat' dir='ltr'>id</span> <span class='ocrx_word' id='word_1_640' title='bbox 3315 4131 3421 4196; x_wconf 88' lang='lat' dir='ltr'>est,</span> <span class='ocrx_word' id='word_1_641' title='bbox 3481 4144 3517 4185; x_wconf 87' lang='lat' dir='ltr'>a</span> 
     </span>
    </p>
   </div>
   <div class='ocr_carea' id='block_1_87' title="bbox 1875 4207 3513 4278">
    <p class='ocr_par' dir='ltr' id='par_1_87' title="bbox 1875 4207 3513 4278">
     <span class='ocr_line' id='line_1_87' title="bbox 1875 4207 3513 4278; baseline 0.006 -15"><span class='ocrx_word' id='word_1_642' title='bbox 1875 4212 2243 4278; x_wconf 88' lang='lat' dir='ltr'>superacuta,</span> <span class='ocrx_word' id='word_1_643' title='bbox 2270 4207 2440 4277; x_wconf 90' lang='lat' dir='ltr'>cujus</span> <span class='ocrx_word' id='word_1_644' title='bbox 2469 4207 2589 4263; x_wconf 63' lang='lat' dir='ltr'>haec</span> <span class='ocrx_word' id='word_1_645' title='bbox 2612 4211 2935 4265; x_wconf 90' lang='lat' dir='ltr'>secundum</span> <span class='ocrx_word' id='word_1_646' title='bbox 2958 4229 3298 4270; x_wconf 88' lang='lat' dir='ltr'>mensuram</span> <span class='ocrx_word' id='word_1_647' title='bbox 3322 4222 3513 4273; x_wconf 89' lang='lat' dir='ltr'>estra-</span> 
     </span>
    </p>
   </div>
   <div class='ocr_carea' id='block_1_88' title="bbox 1873 4294 3510 4372">
    <p class='ocr_par' dir='ltr' id='par_1_88' title="bbox 1873 4294 3510 4372">
     <span class='ocr_line' id='line_1_88' title="bbox 1873 4294 3510 4372; baseline 0.007 -22"><span class='ocrx_word' id='word_1_648' title='bbox 1873 4294 1974 4365; x_wconf 92' lang='lat' dir='ltr'>tio,</span> <span class='ocrx_word' id='word_1_649' title='bbox 2008 4297 2160 4367; x_wconf 86' lang='lat' dir='ltr'>quod</span> <span class='ocrx_word' id='word_1_650' title='bbox 2194 4298 2250 4351; x_wconf 92' lang='lat' dir='ltr'>in</span> <span class='ocrx_word' id='word_1_651' title='bbox 2274 4311 2339 4351; x_wconf 90' lang='lat' dir='ltr'>ea</span> <span class='ocrx_word' id='word_1_652' title='bbox 2371 4296 2594 4368; x_wconf 91' lang='lat' dir='ltr'>primus</span> <span class='ocrx_word' id='word_1_653' title='bbox 2626 4299 2938 4370; x_wconf 83' lang='lat' dir='ltr'>quadrupli</span> <span class='ocrx_word' id='word_1_654' title='bbox 2988 4318 3201 4372; x_wconf 89' lang='lat' dir='ltr'>passus</span> <span class='ocrx_word' id='word_1_655' title='bbox 3250 4304 3402 4360; x_wconf 92' lang='lat' dir='ltr'>sicut</span> <span class='ocrx_word' id='word_1_656' title='bbox 3451 4307 3510 4363; x_wconf 91' lang='lat' dir='ltr'>in</span> 
     </span>
    </p>
   </div>
   <div class='ocr_carea' id='block_1_89' title="bbox 83 4380 3508 4451">
    <p class='ocr_par' dir='ltr' id='par_1_89' title="bbox 83 4380 3508 4451">
     <span class='ocr_line' id='line_1_89' title="bbox 83 4380 3508 4451; baseline 0.005 -15"><span class='ocrx_word' id='word_1_657' title='bbox 83 4380 449 4443; x_wconf 85' lang='lat' dir='ltr'>informatus</span> <span class='ocrx_word' id='word_1_658' title='bbox 485 4389 578 4441; x_wconf 87' lang='lat' dir='ltr'>est</span> <span class='ocrx_word' id='word_1_659' title='bbox 605 4383 841 4450; x_wconf 89' lang='lat' dir='ltr'>litteris,</span> <span class='ocrx_word' id='word_1_660' title='bbox 876 4386 957 4439; x_wconf 84' lang='lat' dir='ltr'>sic</span> <span class='ocrx_word' id='word_1_661' title='bbox 986 4390 1044 4441; x_wconf 92' lang='lat' dir='ltr'>et</span> <span class='ocrx_word' id='word_1_662' title='bbox 1074 4386 1260 4442; x_wconf 64' lang='lat' dir='ltr'>cmteri</span> <span class='ocrx_word' id='word_1_663' title='bbox 1295 4402 1499 4442; x_wconf 87' lang='lat' dir='ltr'>omnes</span> <span class='ocrx_word' id='word_1_664' title='bbox 1550 4404 1761 4444; x_wconf 87' lang='lat' dir='ltr'>secun-</span> <span class='ocrx_word' id='word_1_665' title='bbox 1875 4385 2648 4441; x_wconf 83' lang='lat' dir='ltr'>mediaasecunduslinitur.</span> <span class='ocrx_word' id='word_1_666' title='bbox 2675 4387 3008 4443; x_wconf 88' lang='lat' dir='ltr'>Secundum</span> <span class='ocrx_word' id='word_1_667' title='bbox 3031 4389 3508 4451; x_wconf 90' lang='lat' dir='ltr'>distributionem</span> 
     </span>
    </p>
   </div>
   <div class='ocr_carea' id='block_1_90' title="bbox 86 4471 3506 4554">
    <p class='ocr_par' dir='ltr' id='par_1_90' title="bbox 86 4471 3506 4554">
     <span class='ocr_line' id='line_1_90' title="bbox 86 4471 3506 4554; baseline 0.004 -28"><span class='ocrx_word' id='word_1_668' title='bbox 86 4471 220 4531; x_wconf 87' lang='lat' dir='ltr'>dum</span> <span class='ocrx_word' id='word_1_669' title='bbox 252 4476 574 4533; x_wconf 89' lang='lat' dir='ltr'>ordinem.</span> <span class='ocrx_word' id='word_1_670' title='bbox 1871 4489 2004 4529; x_wconf 89' lang='lat' dir='ltr'>vero</span> <span class='ocrx_word' id='word_1_671' title='bbox 2034 4472 2385 4542; x_wconf 89' lang='lat' dir='ltr'>litterarum,</span> <span class='ocrx_word' id='word_1_672' title='bbox 2416 4490 2549 4528; x_wconf 91' lang='lat' dir='ltr'>cum</span> <span class='ocrx_word' id='word_1_673' title='bbox 2575 4475 2765 4530; x_wconf 90' lang='lat' dir='ltr'>omnis</span> <span class='ocrx_word' id='word_1_674' title='bbox 2797 4481 2999 4548; x_wconf 90' lang='lat' dir='ltr'>tropus</span> <span class='ocrx_word' id='word_1_675' title='bbox 3019 4495 3201 4549; x_wconf 88' lang='lat' dir='ltr'>supra</span> <span class='ocrx_word' id='word_1_676' title='bbox 3222 4481 3506 4554; x_wconf 88' lang='lat' dir='ltr'>diapason</span> 
     </span>
    </p>
   </div>
   <div class='ocr_carea' id='block_1_91' title="bbox 147 4561 3510 4641">
    <p class='ocr_par' dir='ltr' id='par_1_91' title="bbox 147 4561 3510 4641">
     <span class='ocr_line' id='line_1_91' title="bbox 147 4561 3510 4641; baseline 0.002 -22"><span class='ocrx_word' id='word_1_677' title='bbox 147 4562 451 4623; x_wconf 86' lang='lat' dir='ltr'>Denterus</span> <span class='ocrx_word' id='word_1_678' title='bbox 487 4580 631 4621; x_wconf 87' lang='lat' dir='ltr'>eum</span> <span class='ocrx_word' id='word_1_679' title='bbox 661 4581 768 4622; x_wconf 90' lang='lat' dir='ltr'>suo</span> <span class='ocrx_word' id='word_1_680' title='bbox 800 4565 1117 4638; x_wconf 87' lang='lat' dir='ltr'>subjugali,</span> <span class='ocrx_word' id='word_1_681' title='bbox 1150 4566 1289 4638; x_wconf 89' lang='lat' dir='ltr'>quia</span> <span class='ocrx_word' id='word_1_682' title='bbox 1320 4566 1561 4621; x_wconf 89' lang='lat' dir='ltr'>secundi</span> <span class='ocrx_word' id='word_1_683' title='bbox 1597 4572 1761 4637; x_wconf 89' lang='lat' dir='ltr'>sunt,</span> <span class='ocrx_word' id='word_1_684' title='bbox 1871 4561 2128 4635; x_wconf 87' lang='lat' dir='ltr'>aliquam</span> <span class='ocrx_word' id='word_1_685' title='bbox 2159 4580 2357 4618; x_wconf 86' lang='lat' dir='ltr'>vocem</span> <span class='ocrx_word' id='word_1_686' title='bbox 2390 4562 2623 4619; x_wconf 89' lang='lat' dir='ltr'>licentia</span> <span class='ocrx_word' id='word_1_687' title='bbox 2651 4564 2914 4636; x_wconf 91' lang='lat' dir='ltr'>accipiat,</span> <span class='ocrx_word' id='word_1_688' title='bbox 2946 4566 3181 4623; x_wconf 90' lang='lat' dir='ltr'>etiamet</span> <span class='ocrx_word' id='word_1_689' title='bbox 3202 4568 3410 4641; x_wconf 84' lang='lat' dir='ltr'>ipsam,</span> <span class='ocrx_word' id='word_1_690' title='bbox 3450 4572 3510 4628; x_wconf 90' lang='lat' dir='ltr'>id</span> 
     </span>
    </p>
   </div>
   <div class='ocr_carea' id='block_1_92' title="bbox 84 4653 3509 4735">
    <p class='ocr_par' dir='ltr' id='par_1_92' title="bbox 84 4653 3509 4735">
     <span class='ocr_line' id='line_1_92' title="bbox 84 4653 3509 4735; baseline 0.004 -29"><span class='ocrx_word' id='word_1_691' title='bbox 84 4656 421 4713; x_wconf 85' lang='lat' dir='ltr'>necessario</span> <span class='ocrx_word' id='word_1_692' title='bbox 478 4654 686 4711; x_wconf 88' lang='lat' dir='ltr'>omnia</span> <span class='ocrx_word' id='word_1_693' title='bbox 755 4672 880 4727; x_wconf 67' lang='lat' dir='ltr'>quas</span> <span class='ocrx_word' id='word_1_694' title='bbox 948 4656 1207 4711; x_wconf 91' lang='lat' dir='ltr'>secunda</span> <span class='ocrx_word' id='word_1_695' title='bbox 1281 4660 1419 4710; x_wconf 92' lang='lat' dir='ltr'>sunt</span> <span class='ocrx_word' id='word_1_696' title='bbox 1479 4656 1754 4729; x_wconf 82' lang='lat' dir='ltr'>exigunt:</span> <span class='ocrx_word' id='word_1_697' title='bbox 1790 4671 1837 4735; x_wconf 75' lang='grc' dir='ltr'>Ι)</span> <span class='ocrx_word' id='word_1_698' title='bbox 1869 4656 1958 4707; x_wconf 92' lang='lat' dir='ltr'>est</span> <span class='ocrx_word' id='word_1_699' title='bbox 1986 4668 2020 4706; x_wconf 89' lang='lat' dir='ltr'>a</span> <span class='ocrx_word' id='word_1_700' title='bbox 2049 4653 2362 4720; x_wconf 89' lang='lat' dir='ltr'>tetrardus,</span> <span class='ocrx_word' id='word_1_701' title='bbox 2397 4653 2495 4725; x_wconf 90' lang='lat' dir='ltr'>qui</span> <span class='ocrx_word' id='word_1_702' title='bbox 2537 4654 2589 4708; x_wconf 91' lang='lat' dir='ltr'>ei</span> <span class='ocrx_word' id='word_1_703' title='bbox 2619 4654 2919 4725; x_wconf 82' lang='lat' dir='ltr'>proximus</span> <span class='ocrx_word' id='word_1_704' title='bbox 2948 4661 3054 4721; x_wconf 86' lang='lat' dir='ltr'>est,</span> <span class='ocrx_word' id='word_1_705' title='bbox 3083 4658 3218 4728; x_wconf 58' lang='lat' dir='ltr'>ju‘re</span> <span class='ocrx_word' id='word_1_706' title='bbox 3262 4659 3509 4717; x_wconf 64' lang='lat' dir='ltr'>licentia:</span> 
     </span>
    </p>
   </div>
   <div class='ocr_carea' id='block_1_93' title="bbox 82 4743 1754 4816">
    <p class='ocr_par' dir='ltr' id='par_1_93' title="bbox 82 4743 1754 4816">
     <span class='ocr_line' id='line_1_93' title="bbox 82 4743 1754 4816; baseline 0.003 -19"><span class='ocrx_word' id='word_1_707' title='bbox 82 4746 376 4801; x_wconf 85' lang='lat' dir='ltr'>secundas</span> <span class='ocrx_word' id='word_1_708' title='bbox 408 4743 693 4799; x_wconf 86' lang='lat' dir='ltr'>videlicet</span> <span class='ocrx_word' id='word_1_709' title='bbox 722 4744 778 4799; x_wconf 87' lang='lat' dir='ltr'>in</span> <span class='ocrx_word' id='word_1_710' title='bbox 811 4745 1088 4800; x_wconf 91' lang='lat' dir='ltr'>omnibus</span> <span class='ocrx_word' id='word_1_711' title='bbox 1120 4744 1567 4816; x_wconf 89' lang='lat' dir='ltr'>quadrichordis</span> <span class='ocrx_word' id='word_1_712' title='bbox 1601 4745 1754 4802; x_wconf 89' lang='lat' dir='ltr'>litte-</span> 
     </span>
    </p>
   </div>
   <div class='ocr_carea' id='block_1_94' title="bbox 83 4832 1751 4906">
    <p class='ocr_par' dir='ltr' id='par_1_94' title="bbox 83 4832 1751 4906">
     <span class='ocr_line' id='line_1_94' title="bbox 83 4832 1751 4906; baseline 0.001 -19"><span class='ocrx_word' id='word_1_713' title='bbox 83 4847 170 4887; x_wconf 83' lang='lat' dir='ltr'>ras</span> <span class='ocrx_word' id='word_1_714' title='bbox 200 4850 334 4906; x_wconf 79' lang='lat' dir='ltr'>quae</span> <span class='ocrx_word' id='word_1_715' title='bbox 369 4835 536 4889; x_wconf 88' lang='lat' dir='ltr'>sunt</span> <span class='ocrx_word' id='word_1_716' title='bbox 565 4832 627 4900; x_wconf 87' lang='grc' dir='ltr'>Β,</span> <span class='ocrx_word' id='word_1_717' title='bbox 661 4832 723 4900; x_wconf 87' lang='grc' dir='ltr'>Ε,</span> <span class='ocrx_word' id='word_1_718' title='bbox 757 4833 811 4904; x_wconf 64' lang='grc' dir='ltr'><em>η,</em></span> <span class='ocrx_word' id='word_1_719' title='bbox 846 4847 899 4901; x_wconf 89' lang='lat' dir='ltr'>e,</span> <span class='ocrx_word' id='word_1_720' title='bbox 932 4833 1222 4888; x_wconf 91' lang='lat' dir='ltr'>secundas</span> <span class='ocrx_word' id='word_1_721' title='bbox 1271 4832 1493 4904; x_wconf 90' lang='lat' dir='ltr'>species</span> <span class='ocrx_word' id='word_1_722' title='bbox 1548 4832 1751 4906; x_wconf 87' lang='lat' dir='ltr'>diapa-</span> 
     </span>
    </p>
   </div>
   <div class='ocr_carea' id='block_1_95' title="bbox 81 4921 1748 4995">
    <p class='ocr_par' dir='ltr' id='par_1_95' title="bbox 81 4921 1748 4995">
     <span class='ocr_line' id='line_1_95' title="bbox 81 4921 1748 4995; baseline 0 -19"><span class='ocrx_word' id='word_1_723' title='bbox 81 4936 181 4977; x_wconf 90' lang='lat' dir='ltr'>son</span> <span class='ocrx_word' id='word_1_724' title='bbox 212 4922 278 4993; x_wconf 88' lang='grc' dir='ltr'>Β,</span> <span class='ocrx_word' id='word_1_725' title='bbox 310 4925 373 4995; x_wconf 62' lang='grc' dir='ltr'>Η,</span> <span class='ocrx_word' id='word_1_726' title='bbox 412 4922 483 4990; x_wconf 85' lang='grc' dir='ltr'>Ε,</span> <span class='ocrx_word' id='word_1_727' title='bbox 525 4937 578 4993; x_wconf 89' lang='lat' dir='ltr'>e,</span> <span class='ocrx_word' id='word_1_728' title='bbox 611 4922 931 4978; x_wconf 88' lang='lat' dir='ltr'>secundam</span> <span class='ocrx_word' id='word_1_729' title='bbox 966 4922 1221 4994; x_wconf 89' lang='lat' dir='ltr'>speciem</span> <span class='ocrx_word' id='word_1_730' title='bbox 1271 4921 1542 4993; x_wconf 90' lang='lat' dir='ltr'>diapente</span> <span class='ocrx_word' id='word_1_731' title='bbox 1596 4922 1653 4976; x_wconf 88' lang='lat' dir='ltr'>E.</span> <span class='ocrx_word' id='word_1_732' title='bbox 1689 4925 1748 4995; x_wconf 66' lang='grc' dir='ltr'>η,</span> 
     </span>
    </p>
   </div>
   <div class='ocr_carea' id='block_1_96' title="bbox 83 5010 1751 5083">
    <p class='ocr_par' dir='ltr' id='par_1_96' title="bbox 83 5010 1751 5083">
     <span class='ocr_line' id='line_1_96' title="bbox 83 5010 1751 5083; baseline 0.002 -19"><span class='ocrx_word' id='word_1_733' title='bbox 83 5013 406 5069; x_wconf 88' lang='lat' dir='ltr'>secundam</span> <span class='ocrx_word' id='word_1_734' title='bbox 442 5010 712 5083; x_wconf 90' lang='lat' dir='ltr'>speciem</span> <span class='ocrx_word' id='word_1_735' title='bbox 746 5010 1115 5066; x_wconf 82' lang='lat' dir='ltr'>diatessarnn</span> <span class='ocrx_word' id='word_1_736' title='bbox 1148 5026 1277 5083; x_wconf 64' lang='lat' dir='ltr'>quae</span> <span class='ocrx_word' id='word_1_737' title='bbox 1296 5015 1385 5066; x_wconf 90' lang='lat' dir='ltr'>est</span> <span class='ocrx_word' id='word_1_738' title='bbox 1415 5010 1479 5079; x_wconf 88' lang='grc' dir='ltr'>Β,</span> <span class='ocrx_word' id='word_1_739' title='bbox 1511 5012 1572 5065; x_wconf 90' lang='grc' dir='ltr'>Ε.</span> <span class='ocrx_word' id='word_1_740' title='bbox 1622 5012 1751 5067; x_wconf 66' lang='lat' dir='ltr'>Haec</span> 
     </span>
    </p>
   </div>
   <div class='ocr_carea' id='block_1_97' title="bbox 82 5099 1750 5172">
    <p class='ocr_par' dir='ltr' id='par_1_97' title="bbox 82 5099 1750 5172">
     <span class='ocr_line' id='line_1_97' title="bbox 82 5099 1750 5172; baseline 0.001 -17"><span class='ocrx_word' id='word_1_741' title='bbox 82 5102 368 5171; x_wconf 83' lang='lat' dir='ltr'>generalis</span> <span class='ocrx_word' id='word_1_742' title='bbox 401 5100 714 5157; x_wconf 89' lang='lat' dir='ltr'>institutio</span> <span class='ocrx_word' id='word_1_743' title='bbox 744 5100 826 5156; x_wconf 91' lang='lat' dir='ltr'>ita</span> <span class='ocrx_word' id='word_1_744' title='bbox 858 5100 1089 5172; x_wconf 91' lang='lat' dir='ltr'>utrique</span> <span class='ocrx_word' id='word_1_745' title='bbox 1120 5099 1446 5172; x_wconf 90' lang='lat' dir='ltr'>specialiter</span> <span class='ocrx_word' id='word_1_746' title='bbox 1493 5102 1750 5156; x_wconf 83' lang='lat' dir='ltr'>subdivi-</span> 
     </span>
    </p>
   </div>
   <div class='ocr_carea' id='block_1_98' title="bbox 83 5188 1753 5263">
    <p class='ocr_par' dir='ltr' id='par_1_98' title="bbox 83 5188 1753 5263">
     <span class='ocr_line' id='line_1_98' title="bbox 83 5188 1753 5263; baseline 0.003 -22"><span class='ocrx_word' id='word_1_747' title='bbox 83 5188 248 5246; x_wconf 89' lang='lat' dir='ltr'>ditur.</span> <span class='ocrx_word' id='word_1_748' title='bbox 284 5192 369 5247; x_wconf 79' lang='lat' dir='ltr'><strong>Ex</strong></span> <span class='ocrx_word' id='word_1_749' title='bbox 393 5192 670 5263; x_wconf 88' lang='lat' dir='ltr'>quatuor</span> <span class='ocrx_word' id='word_1_750' title='bbox 698 5188 990 5261; x_wconf 69' lang='lat' dir='ltr'>praedictis</span> <span class='ocrx_word' id='word_1_751' title='bbox 1021 5188 1231 5245; x_wconf 88' lang='lat' dir='ltr'>litteris</span> <span class='ocrx_word' id='word_1_752' title='bbox 1264 5194 1380 5243; x_wconf 89' lang='lat' dir='ltr'>tres</span> <span class='ocrx_word' id='word_1_753' title='bbox 1410 5188 1521 5244; x_wconf 90' lang='lat' dir='ltr'>sibi</span> <span class='ocrx_word' id='word_1_754' title='bbox 1555 5194 1753 5246; x_wconf 89' lang='lat' dir='ltr'>auten-</span> 
     </span>
    </p>
   </div>
   <div class='ocr_carea' id='block_1_99' title="bbox 84 5277 1748 5349">
    <p class='ocr_par' dir='ltr' id='par_1_99' title="bbox 84 5277 1748 5349">
     <span class='ocr_line' id='line_1_99' title="bbox 84 5277 1748 5349; baseline 0.002 -19"><span class='ocrx_word' id='word_1_755' title='bbox 84 5278 222 5336; x_wconf 87' lang='lat' dir='ltr'>ticus</span> <span class='ocrx_word' id='word_1_756' title='bbox 252 5281 568 5347; x_wconf 85' lang='lat' dir='ltr'>vindicat,</span> <span class='ocrx_word' id='word_1_757' title='bbox 601 5277 658 5332; x_wconf 92' lang='lat' dir='ltr'>id</span> <span class='ocrx_word' id='word_1_758' title='bbox 689 5284 777 5333; x_wconf 91' lang='lat' dir='ltr'>est</span> <span class='ocrx_word' id='word_1_759' title='bbox 808 5279 848 5333; x_wconf 91' lang='lat' dir='ltr'><strong>E</strong></span> <span class='ocrx_word' id='word_1_760' title='bbox 878 5282 932 5349; x_wconf 62' lang='lat' dir='ltr'>ﬁ,</span> <span class='ocrx_word' id='word_1_761' title='bbox 966 5284 1021 5333; x_wconf 90' lang='lat' dir='ltr'>et</span> <span class='ocrx_word' id='word_1_762' title='bbox 1050 5283 1138 5333; x_wconf 89' lang='lat' dir='ltr'>est</span> <span class='ocrx_word' id='word_1_763' title='bbox 1168 5278 1229 5346; x_wconf 88' lang='grc' dir='ltr'>Ε,</span> <span class='ocrx_word' id='word_1_764' title='bbox 1263 5295 1311 5343; x_wconf 89' lang='lat' dir='ltr'>e,</span> <span class='ocrx_word' id='word_1_765' title='bbox 1358 5278 1636 5348; x_wconf 88' lang='lat' dir='ltr'>diapason</span> <span class='ocrx_word' id='word_1_766' title='bbox 1691 5278 1748 5334; x_wconf 86' lang='lat' dir='ltr'>id</span> 
     </span>
    </p>
   </div>
   <div class='ocr_carea' id='block_1_100' title="bbox 82 5367 1749 5441">
    <p class='ocr_par' dir='ltr' id='par_1_100' title="bbox 82 5367 1749 5441">
     <span class='ocr_line' id='line_1_100' title="bbox 82 5367 1749 5441; baseline 0.001 -21"><span class='ocrx_word' id='word_1_767' title='bbox 82 5372 160 5422; x_wconf 88' lang='lat' dir='ltr'>est</span> <span class='ocrx_word' id='word_1_768' title='bbox 177 5371 309 5441; x_wconf 90' lang='lat' dir='ltr'>ejus</span> <span class='ocrx_word' id='word_1_769' title='bbox 333 5367 780 5426; x_wconf 86' lang='lat' dir='ltr'>acutissimum</span> <span class='ocrx_word' id='word_1_770' title='bbox 805 5372 862 5422; x_wconf 86' lang='lat' dir='ltr'>et</span> <span class='ocrx_word' id='word_1_771' title='bbox 881 5367 1319 5440; x_wconf 88' lang='lat' dir='ltr'>gravissimum,</span> <span class='ocrx_word' id='word_1_772' title='bbox 1352 5369 1377 5433; x_wconf 62' lang='grc' dir='ltr'><em>Η</em></span> <span class='ocrx_word' id='word_1_773' title='bbox 1402 5383 1532 5421; x_wconf 90' lang='lat' dir='ltr'>vero</span> <span class='ocrx_word' id='word_1_774' title='bbox 1557 5368 1749 5423; x_wconf 89' lang='lat' dir='ltr'>media</span> 
     </span>
    </p>
   </div>
   <div class='ocr_carea' id='block_1_101' title="bbox 80 5455 1745 5528">
    <p class='ocr_par' dir='ltr' id='par_1_101' title="bbox 80 5455 1745 5528">
     <span class='ocr_line' id='line_1_101' title="bbox 80 5455 1745 5528; baseline -0.001 -17"><span class='ocrx_word' id='word_1_775' title='bbox 80 5460 426 5516; x_wconf 59' lang='lat' dir='ltr'>seculorum.</span> <span class='ocrx_word' id='word_1_776' title='bbox 463 5458 669 5523; x_wconf 78' lang='lat' dir='ltr'>Amen,</span> <span class='ocrx_word' id='word_1_777' title='bbox 685 5461 918 5527; x_wconf 89' lang='lat' dir='ltr'>propter</span> <span class='ocrx_word' id='word_1_778' title='bbox 937 5456 1430 5528; x_wconf 87' lang='lat' dir='ltr'>imperfectionem</span> <span class='ocrx_word' id='word_1_779' title='bbox 1453 5455 1745 5511; x_wconf 90' lang='lat' dir='ltr'>semitonii</span> 
     </span>
    </p>
   </div>
   <div class='ocr_carea' id='block_1_102' title="bbox 77 5544 1747 5616">
    <p class='ocr_par' dir='ltr' id='par_1_102' title="bbox 77 5544 1747 5616">
     <span class='ocr_line' id='line_1_102' title="bbox 77 5544 1747 5616; baseline 0.001 -17"><span class='ocrx_word' id='word_1_780' title='bbox 77 5550 351 5605; x_wconf 72' lang='lat' dir='ltr'>transfert</span> <span class='ocrx_word' id='word_1_781' title='bbox 378 5548 446 5603; x_wconf 90' lang='lat' dir='ltr'>in</span> <span class='ocrx_word' id='word_1_782' title='bbox 484 5562 541 5601; x_wconf 93' lang='lat' dir='ltr'>c.</span> <span class='ocrx_word' id='word_1_783' title='bbox 580 5544 766 5600; x_wconf 80' lang='lat' dir='ltr'>Habet</span> <span class='ocrx_word' id='word_1_784' title='bbox 804 5545 1075 5616; x_wconf 87' lang='lat' dir='ltr'>diapente</span> <span class='ocrx_word' id='word_1_785' title='bbox 1122 5545 1185 5611; x_wconf 88' lang='lat' dir='ltr'>E,</span> <span class='ocrx_word' id='word_1_786' title='bbox 1220 5545 1272 5615; x_wconf 68' lang='lat' dir='ltr'>&#39;q,</span> <span class='ocrx_word' id='word_1_787' title='bbox 1318 5544 1678 5600; x_wconf 87' lang='lat' dir='ltr'>diatessaron</span> <span class='ocrx_word' id='word_1_788' title='bbox 1716 5561 1747 5600; x_wconf 90' lang='lat' dir='ltr'>e</span> 
     </span>
    </p>
   </div>
   <div class='ocr_carea' id='block_1_103' title="bbox 78 5632 1745 5711">
    <p class='ocr_par' dir='ltr' id='par_1_103' title="bbox 78 5632 1745 5711">
     <span class='ocr_line' id='line_1_103' title="bbox 78 5632 1745 5711; baseline -0.002 -19"><span class='ocrx_word' id='word_1_789' title='bbox 78 5635 130 5693; x_wconf 88' lang='lat' dir='ltr'>in</span> <span class='ocrx_word' id='word_1_790' title='bbox 150 5636 609 5711; x_wconf 87' lang='lat' dir='ltr'>superioribus.</span> <span class='ocrx_word' id='word_1_791' title='bbox 624 5633 1105 5706; x_wconf 83' lang='lat' dir='ltr'>Subjugalisvoro</span> <span class='ocrx_word' id='word_1_792' title='bbox 1120 5634 1248 5704; x_wconf 90' lang='lat' dir='ltr'>ejus</span> <span class='ocrx_word' id='word_1_793' title='bbox 1268 5632 1538 5688; x_wconf 87' lang='lat' dir='ltr'>similiter</span> <span class='ocrx_word' id='word_1_794' title='bbox 1558 5632 1745 5689; x_wconf 84' lang='lat' dir='ltr'>tribus</span> 
     </span>
    </p>
   </div>
   <div class='ocr_carea' id='block_1_104' title="bbox 79 5721 1740 5801">
    <p class='ocr_par' dir='ltr' id='par_1_104' title="bbox 79 5721 1740 5801">
     <span class='ocr_line' id='line_1_104' title="bbox 79 5721 1740 5801; baseline -0.001 -20"><span class='ocrx_word' id='word_1_795' title='bbox 79 5722 366 5788; x_wconf 80' lang='lat' dir='ltr'>formatur</span> <span class='ocrx_word' id='word_1_796' title='bbox 393 5721 653 5795; x_wconf 79' lang='lat' dir='ltr'>litteris,</span> <span class='ocrx_word' id='word_1_797' title='bbox 685 5722 743 5783; x_wconf 89' lang='lat' dir='ltr'>id</span> <span class='ocrx_word' id='word_1_798' title='bbox 783 5727 873 5781; x_wconf 87' lang='lat' dir='ltr'>est</span> <span class='ocrx_word' id='word_1_799' title='bbox 918 5724 980 5797; x_wconf 80' lang='grc' dir='ltr'>Β⁹</span> <span class='ocrx_word' id='word_1_800' title='bbox 1032 5723 1094 5792; x_wconf 82' lang='grc' dir='ltr'>Ε,</span> <span class='ocrx_word' id='word_1_801' title='bbox 1127 5726 1174 5801; x_wconf 69' lang='grc' dir='ltr'>η,</span> <span class='ocrx_word' id='word_1_802' title='bbox 1223 5725 1311 5779; x_wconf 85' lang='lat' dir='ltr'>est</span> <span class='ocrx_word' id='word_1_803' title='bbox 1348 5721 1627 5799; x_wconf 86' lang='lat' dir='ltr'>diapason</span> <span class='ocrx_word' id='word_1_804' title='bbox 1677 5723 1740 5796; x_wconf 90' lang='lat' dir='ltr'>B,</span> 
     </span>
    </p>
   </div>
   <div class='ocr_carea' id='block_1_105' title="bbox 1865 4740 3510 4821">
    <p class='ocr_par' dir='ltr' id='par_1_105' title="bbox 1865 4740 3510 4821">
     <span class='ocr_line' id='line_1_105' title="bbox 1865 4740 3510 4821; baseline 0.009 -28"><span class='ocrx_word' id='word_1_805' title='bbox 1865 4740 2168 4796; x_wconf 87' lang='lat' dir='ltr'>obtinebit.</span> <span class='ocrx_word' id='word_1_806' title='bbox 2202 4742 2385 4806; x_wconf 88' lang='lat' dir='ltr'>Quam</span> <span class='ocrx_word' id='word_1_807' title='bbox 2419 4742 2701 4798; x_wconf 89' lang='lat' dir='ltr'>rationem</span> <span class='ocrx_word' id='word_1_808' title='bbox 2726 4742 3075 4800; x_wconf 70' lang='lat' dir='ltr'>Ptolomaeus</span> <span class='ocrx_word' id='word_1_809' title='bbox 3096 4764 3207 4802; x_wconf 93' lang='lat' dir='ltr'>non</span> <span class='ocrx_word' id='word_1_810' title='bbox 3250 4748 3510 4821; x_wconf 90' lang='lat' dir='ltr'>intuens,</span> 
     </span>
    </p>
   </div>
   <div class='ocr_carea' id='block_1_106' title="bbox 1862 4830 3512 4910">
    <p class='ocr_par' dir='ltr' id='par_1_106' title="bbox 1862 4830 3512 4910">
     <span class='ocr_line' id='line_1_106' title="bbox 1862 4830 3512 4910; baseline 0.008 -27"><span class='ocrx_word' id='word_1_811' title='bbox 1862 4846 1965 4884; x_wconf 91' lang='lat' dir='ltr'>nec</span> <span class='ocrx_word' id='word_1_812' title='bbox 1982 4830 2315 4901; x_wconf 75' lang='lat' dir='ltr'>przedictam</span> <span class='ocrx_word' id='word_1_813' title='bbox 2340 4830 2384 4884; x_wconf 94' lang='lat' dir='ltr'><strong>D</strong></span> <span class='ocrx_word' id='word_1_814' title='bbox 2408 4830 2811 4903; x_wconf 88' lang='lat' dir='ltr'>duplicitatem</span> <span class='ocrx_word' id='word_1_815' title='bbox 2835 4835 3223 4907; x_wconf 81' lang='lat' dir='ltr'>perspiciens,</span> <span class='ocrx_word' id='word_1_816' title='bbox 3248 4839 3409 4910; x_wconf 90' lang='lat' dir='ltr'>quod</span> <span class='ocrx_word' id='word_1_817' title='bbox 3451 4840 3512 4896; x_wconf 92' lang='lat' dir='ltr'>in</span> 
     </span>
    </p>
   </div>
   <div class='ocr_carea' id='block_1_107' title="bbox 1865 4918 3512 4996">
    <p class='ocr_par' dir='ltr' id='par_1_107' title="bbox 1865 4918 3512 4996">
     <span class='ocr_line' id='line_1_107' title="bbox 1865 4918 3512 4996; baseline 0.008 -23"><span class='ocrx_word' id='word_1_818' title='bbox 1865 4918 2191 4974; x_wconf 85' lang='lat' dir='ltr'>medietatis</span> <span class='ocrx_word' id='word_1_819' title='bbox 2222 4918 2345 4974; x_wconf 93' lang='lat' dir='ltr'>loco</span> <span class='ocrx_word' id='word_1_820' title='bbox 2378 4924 2434 4975; x_wconf 88' lang='lat' dir='ltr'>et</span> <span class='ocrx_word' id='word_1_821' title='bbox 2456 4922 2928 4992; x_wconf 89' lang='lat' dir='ltr'>conjunctionem</span> <span class='ocrx_word' id='word_1_822' title='bbox 2946 4926 3512 4996; x_wconf 88' lang='lat' dir='ltr'>quadrichordorum</span> 
     </span>
    </p>
   </div>
   <div class='ocr_carea' id='block_1_108' title="bbox 1861 5007 3510 5089">
    <p class='ocr_par' dir='ltr' id='par_1_108' title="bbox 1861 5007 3510 5089">
     <span class='ocr_line' id='line_1_108' title="bbox 1861 5007 3510 5089; baseline 0.008 -27"><span class='ocrx_word' id='word_1_823' title='bbox 1861 5007 2051 5080; x_wconf 87' lang='lat' dir='ltr'>posita</span> <span class='ocrx_word' id='word_1_824' title='bbox 2072 5012 2191 5063; x_wconf 86' lang='lat' dir='ltr'>tam</span> <span class='ocrx_word' id='word_1_825' title='bbox 2215 5008 2583 5081; x_wconf 85' lang='lat' dir='ltr'>subjugalem</span> <span class='ocrx_word' id='word_1_826' title='bbox 2603 5012 2867 5077; x_wconf 89' lang='lat' dir='ltr'>tetrardi,</span> <span class='ocrx_word' id='word_1_827' title='bbox 2893 5030 3069 5085; x_wconf 90' lang='lat' dir='ltr'>quam</span> <span class='ocrx_word' id='word_1_828' title='bbox 3086 5016 3259 5072; x_wconf 89' lang='lat' dir='ltr'>etiam</span> <span class='ocrx_word' id='word_1_829' title='bbox 3275 5024 3510 5089; x_wconf 87' lang='lat' dir='ltr'>protum</span> 
     </span>
    </p>
   </div>
   <div class='ocr_carea' id='block_1_109' title="bbox 1860 5097 3514 5173">
    <p class='ocr_par' dir='ltr' id='par_1_109' title="bbox 1860 5097 3514 5173">
     <span class='ocr_line' id='line_1_109' title="bbox 1860 5097 3514 5173; baseline 0.008 -23"><span class='ocrx_word' id='word_1_830' title='bbox 1860 5097 2171 5153; x_wconf 81' lang='lat' dir='ltr'>informare</span> <span class='ocrx_word' id='word_1_831' title='bbox 2214 5098 2421 5153; x_wconf 88' lang='lat' dir='ltr'>debeat</span> <span class='ocrx_word' id='word_1_832' title='bbox 2473 5100 2743 5171; x_wconf 79' lang='lat' dir='ltr'>expensis</span> <span class='ocrx_word' id='word_1_833' title='bbox 2798 5108 3054 5173; x_wconf 90' lang='lat' dir='ltr'>quatuor</span> <span class='ocrx_word' id='word_1_834' title='bbox 3100 5108 3408 5163; x_wconf 88' lang='lat' dir='ltr'>autenticis</span> <span class='ocrx_word' id='word_1_835' title='bbox 3456 5113 3514 5164; x_wconf 90' lang='lat' dir='ltr'>et</span> 
     </span>
    </p>
   </div>
   <div class='ocr_carea' id='block_1_110' title="bbox 1859 5186 3505 5258">
    <p class='ocr_par' dir='ltr' id='par_1_110' title="bbox 1859 5186 3505 5258">
     <span class='ocr_line' id='line_1_110' title="bbox 1859 5186 3505 5258; baseline 0.007 -18"><span class='ocrx_word' id='word_1_836' title='bbox 1859 5186 2044 5241; x_wconf 90' lang='lat' dir='ltr'>tribus</span> <span class='ocrx_word' id='word_1_837' title='bbox 2076 5186 2508 5258; x_wconf 86' lang='lat' dir='ltr'>subjugalibus,</span> <span class='ocrx_word' id='word_1_838' title='bbox 2547 5204 2681 5243; x_wconf 88' lang='lat' dir='ltr'>cum</span> <span class='ocrx_word' id='word_1_839' title='bbox 2734 5191 3061 5247; x_wconf 89' lang='lat' dir='ltr'>secundum</span> <span class='ocrx_word' id='word_1_840' title='bbox 3094 5210 3228 5249; x_wconf 88' lang='lat' dir='ltr'>eum</span> <span class='ocrx_word' id='word_1_841' title='bbox 3253 5197 3505 5252; x_wconf 90' lang='lat' dir='ltr'>tetrardo</span> 
     </span>
    </p>
   </div>
   <div class='ocr_carea' id='block_1_111' title="bbox 1859 5276 3503 5354">
    <p class='ocr_par' dir='ltr' id='par_1_111' title="bbox 1859 5276 3503 5354">
     <span class='ocr_line' id='line_1_111' title="bbox 1859 5276 3503 5354; baseline 0.006 -25"><span class='ocrx_word' id='word_1_842' title='bbox 1859 5276 2185 5348; x_wconf 89' lang='lat' dir='ltr'>subjugalis</span> <span class='ocrx_word' id='word_1_843' title='bbox 2216 5277 2461 5343; x_wconf 84' lang='lat' dir='ltr'>deesset,</span> <span class='ocrx_word' id='word_1_844' title='bbox 2497 5283 2553 5332; x_wconf 93' lang='lat' dir='ltr'>et</span> <span class='ocrx_word' id='word_1_845' title='bbox 2573 5278 2848 5334; x_wconf 90' lang='lat' dir='ltr'>omnibus</span> <span class='ocrx_word' id='word_1_846' title='bbox 2880 5281 2951 5334; x_wconf 90' lang='lat' dir='ltr'>ad</span> <span class='ocrx_word' id='word_1_847' title='bbox 2988 5281 3235 5339; x_wconf 83' lang='lat' dir='ltr'>invicem</span> <span class='ocrx_word' id='word_1_848' title='bbox 3270 5301 3503 5354; x_wconf 81' lang='lat' dir='ltr'>compa-</span> 
     </span>
    </p>
   </div>
   <div class='ocr_carea' id='block_1_112' title="bbox 1858 5364 3500 5441">
    <p class='ocr_par' dir='ltr' id='par_1_112' title="bbox 1858 5364 3500 5441">
     <span class='ocr_line' id='line_1_112' title="bbox 1858 5364 3500 5441; baseline 0.004 -23"><span class='ocrx_word' id='word_1_849' title='bbox 1858 5365 2003 5419; x_wconf 86' lang='lat' dir='ltr'>ratis</span> <span class='ocrx_word' id='word_1_850' title='bbox 2024 5364 2217 5435; x_wconf 91' lang='lat' dir='ltr'>ipsum</span> <span class='ocrx_word' id='word_1_851' title='bbox 2242 5382 2274 5419; x_wconf 90' lang='lat' dir='ltr'>a</span> <span class='ocrx_word' id='word_1_852' title='bbox 2292 5371 2646 5436; x_wconf 83' lang='lat' dir='ltr'>superesset,</span> <span class='ocrx_word' id='word_1_853' title='bbox 2663 5372 2929 5423; x_wconf 89' lang='lat' dir='ltr'>octavum</span> <span class='ocrx_word' id='word_1_854' title='bbox 2947 5374 3144 5425; x_wconf 86' lang='lat' dir='ltr'>tonum</span> <span class='ocrx_word' id='word_1_855' title='bbox 3164 5387 3324 5441; x_wconf 86' lang='lat' dir='ltr'>pera,</span> <span class='ocrx_word' id='word_1_856' title='bbox 3345 5372 3500 5441; x_wconf 92' lang='lat' dir='ltr'>quod</span> 
     </span>
    </p>
   </div>
   <div class='ocr_carea' id='block_1_113' title="bbox 1857 5455 3494 5529">
    <p class='ocr_par' dir='ltr' id='par_1_113' title="bbox 1857 5455 3494 5529">
     <span class='ocr_line' id='line_1_113' title="bbox 1857 5455 3494 5529; baseline 0.002 -22"><span class='ocrx_word' id='word_1_857' title='bbox 1857 5459 1946 5507; x_wconf 90' lang='lat' dir='ltr'>est</span> <span class='ocrx_word' id='word_1_858' title='bbox 1961 5470 2138 5520; x_wconf 91' lang='lat' dir='ltr'>mese,</span> <span class='ocrx_word' id='word_1_859' title='bbox 2163 5460 2218 5509; x_wconf 91' lang='lat' dir='ltr'>et</span> <span class='ocrx_word' id='word_1_860' title='bbox 2233 5471 2332 5526; x_wconf 91' lang='lat' dir='ltr'>per</span> <span class='ocrx_word' id='word_1_861' title='bbox 2348 5455 2693 5525; x_wconf 67' lang='lat' dir='ltr'>praedictum</span> <span class='ocrx_word' id='word_1_862' title='bbox 2715 5473 2767 5523; x_wconf 87' lang='lat' dir='ltr'>a,</span> <span class='ocrx_word' id='word_1_863' title='bbox 2786 5458 2839 5511; x_wconf 92' lang='lat' dir='ltr'>id</span> <span class='ocrx_word' id='word_1_864' title='bbox 2863 5463 2951 5512; x_wconf 91' lang='lat' dir='ltr'>est</span> <span class='ocrx_word' id='word_1_865' title='bbox 2968 5464 3094 5513; x_wconf 91' lang='lat' dir='ltr'>nete</span> <span class='ocrx_word' id='word_1_866' title='bbox 3111 5457 3494 5529; x_wconf 81' lang='lat' dir='ltr'>bypcrpoleon</span> 
     </span>
    </p>
   </div>
   <div class='ocr_carea' id='block_1_114' title="bbox 1856 5542 3492 5618">
    <p class='ocr_par' dir='ltr' id='par_1_114' title="bbox 1856 5542 3492 5618">
     <span class='ocr_line' id='line_1_114' title="bbox 1856 5542 3492 5618; baseline 0.003 -22"><span class='ocrx_word' id='word_1_867' title='bbox 1856 5542 2149 5613; x_wconf 90' lang='lat' dir='ltr'>disposuit</span> <span class='ocrx_word' id='word_1_868' title='bbox 2171 5542 2957 5617; x_wconf 82' lang='lat' dir='ltr'>multipliciterdelinquens;</span> <span class='ocrx_word' id='word_1_869' title='bbox 2978 5548 3107 5618; x_wconf 80' lang='lat' dir='ltr'>quia</span> <span class='ocrx_word' id='word_1_870' title='bbox 3122 5552 3175 5599; x_wconf 89' lang='lat' dir='ltr'>et</span> <span class='ocrx_word' id='word_1_871' title='bbox 3194 5545 3492 5615; x_wconf 84' lang='lat' dir='ltr'>dispositis</span> 
     </span>
    </p>
   </div>
   <div class='ocr_carea' id='block_1_115' title="bbox 1856 5630 3491 5706">
    <p class='ocr_par' dir='ltr' id='par_1_115' title="bbox 1856 5630 3491 5706">
     <span class='ocr_line' id='line_1_115' title="bbox 1856 5630 3491 5706; baseline 0.002 -22"><span class='ocrx_word' id='word_1_872' title='bbox 1856 5630 1964 5685; x_wconf 84' lang='lat' dir='ltr'>rite</span> <span class='ocrx_word' id='word_1_873' title='bbox 1994 5632 2184 5687; x_wconf 90' lang='lat' dir='ltr'>tribus</span> <span class='ocrx_word' id='word_1_874' title='bbox 2217 5633 2647 5705; x_wconf 80' lang='lat' dir='ltr'>subjugalibus,</span> <span class='ocrx_word' id='word_1_875' title='bbox 2682 5639 2953 5706; x_wconf 86' lang='lat' dir='ltr'>quartum</span> <span class='ocrx_word' id='word_1_876' title='bbox 2972 5636 3170 5705; x_wconf 70' lang='lat' dir='ltr'>quarto</span> <span class='ocrx_word' id='word_1_877' title='bbox 3197 5630 3322 5686; x_wconf 84' lang='lat' dir='ltr'>loco</span> <span class='ocrx_word' id='word_1_878' title='bbox 3356 5633 3491 5687; x_wconf 89' lang='lat' dir='ltr'>sub-</span> 
     </span>
    </p>
   </div>
   <div class='ocr_carea' id='block_1_116' title="bbox 1855 5720 3483 5798">
    <p class='ocr_par' dir='ltr' id='par_1_116' title="bbox 1855 5720 3483 5798">
     <span class='ocr_line' id='line_1_116' title="bbox 1855 5720 3483 5798; baseline 0.002 -22"><span class='ocrx_word' id='word_1_879' title='bbox 1855 5721 2052 5792; x_wconf 81' lang='lat' dir='ltr'>traxit,</span> <span class='ocrx_word' id='word_1_880' title='bbox 2079 5726 2154 5790; x_wconf 91' lang='lat' dir='ltr'>et,</span> <span class='ocrx_word' id='word_1_881' title='bbox 2179 5723 2450 5779; x_wconf 86' lang='lat' dir='ltr'>eumdem</span> <span class='ocrx_word' id='word_1_882' title='bbox 2465 5727 2595 5798; x_wconf 90' lang='lat' dir='ltr'>post</span> <span class='ocrx_word' id='word_1_883' title='bbox 2613 5738 2812 5780; x_wconf 89' lang='lat' dir='ltr'>omnes</span> <span class='ocrx_word' id='word_1_884' title='bbox 2831 5722 3031 5779; x_wconf 79' lang='lat' dir='ltr'>finales</span> <span class='ocrx_word' id='word_1_885' title='bbox 3042 5735 3277 5797; x_wconf 88' lang='lat' dir='ltr'>ponens,</span> <span class='ocrx_word' id='word_1_886' title='bbox 3312 5720 3483 5781; x_wconf 76' lang='lat' dir='ltr'>disci-</span> 
     </span>
    </p>
   </div>
  </div>
