3880 6346
368 399 484 456 423

1105 401 1519 462 HERMANNI
1568 403 1999 464 CONTRACTI
2045 401 2464 464 AUGIENSIS
2511 401 2888 464 MONACHI.

3652 397 3766 466 424

367 527 572 599 pulum
607 527 884 600 magistro
921 503 1312 600 superposuit,
1347 537 1400 586 et
1439 533 1563 586 ideo
1601 534 1995 605 hypomixoly-
2027 535 2081 600 Α
2113 535 2344 606 propria
2361 535 2720 589 diatessaron
2735 535 2926 604 specie
2947 534 3018 588 ad
3041 533 3275 590 finalem
3305 547 3510 598 suum,
3532 548 3570 587 a
3601 531 3768 588 ﬁnali

367 615 528 669 dium
542 616 907 671 vocavitcum
921 618 1126 688 reliqui
1143 625 1290 674 recte
1304 637 1335 673 a
1349 621 1707 688 subjectione
1721 621 2000 676 vocabula

365 709 646 760 tenerent.
683 705 976 760 Postremo
1005 707 1160 776 quod
1192 711 1279 762 est
1309 708 1827 774 absurdissimum,
1862 725 1997 765 cum

363 794 491 863 ejus
521 792 823 862 dispositio
855 793 925 847 ab
957 810 990 847 a
1021 793 1076 847 in
1111 812 1144 849 a
1164 795 1463 861 consistat,
1492 814 1604 851 non
1624 797 1796 852 aliam
1821 813 1996 869 quam

362 880 772 952 hypodoricam
807 881 1174 952 positionem,
1209 884 1278 938 de
1303 901 1418 955 qua
1447 886 1621 940 etiam
1655 886 1994 956 praedictum

363 973 469 1036 est,
503 968 762 1023 incurrit.
787 968 954 1023 Nulia
978 970 1131 1023 enim
1157 969 1270 1025 alia
1317 972 1524 1042 positio
1548 978 1634 1028 est
1681 991 1714 1028 a
1751 990 1906 1028 mese
1925 975 1994 1029 ad

363 1056 904 1129 netehyperboleon,
929 1074 1104 1127 quam
1138 1075 1266 1129 quae
1291 1065 1379 1114 est
1409 1078 1442 1115 a
1465 1062 1996 1131 proslambanome-

361 1164 474 1201 non
507 1149 572 1200 ad
604 1163 778 1213 mese,
811 1151 867 1200 et
899 1146 1024 1200 ideo
1059 1146 1186 1218 ipsa
1215 1147 1338 1218 lege
1368 1154 1588 1204 naturm
1607 1151 1880 1222 utrinque
1898 1151 1997 1222 hy-

360 1235 632 1308 pedorica
661 1239 780 1316 est;
801 1235 900 1288 Est
922 1235 1076 1289 enim
1109 1252 1141 1289 a
1163 1236 1464 1303 diapason,
1499 1238 1554 1292 id
1588 1243 1676 1294 est
1724 1240 1995 1295 acutissi-

360 1341 522 1378 mum
553 1328 609 1378 et
637 1323 1052 1394 gravissimum
1079 1347 1093 1390 ;
1127 1324 1320 1378 media
1343 1341 1474 1380 vero
1497 1327 1560 1390 D,
1581 1345 1706 1397 quea
1731 1328 1862 1382 item
1881 1345 1992 1382 non

357 1411 669 1483 aliustropi
693 1411 1094 1482 ﬁnalis,quam
1111 1412 1262 1481 proti
1295 1413 1502 1484 suique
1519 1415 1845 1486 subjugalis
1867 1432 1994 1472 esse

359 1501 586 1572 poterit.
625 1502 762 1555 Item
787 1499 931 1565 E,F,
970 1516 1095 1570 qua:
1137 1499 1360 1554 deuteri
1403 1507 1543 1556 sunt
1590 1507 1646 1556 et
1686 1504 1825 1568 triti,
1878 1522 1991 1559 non

359 1591 529 1644 erunt
554 1587 755 1642 media:
793 1587 945 1641 inter
974 1589 1094 1642 Aet
1127 1591 1190 1654 a;
1244 1587 1372 1643 ideo
1418 1606 1522 1644 nec
1567 1591 1790 1646 ﬁnales.
1844 1592 1990 1654 Quid

357 1676 531 1749 ergo?
562 1676 707 1738 Quia
735 1674 1059 1747 discipulus
1091 1669 1447 1746 eettetrardi,
1477 1678 1716 1734 fortasse
1733 1681 1857 1734 finit
1875 1699 1992 1736 ma-

356 1765 524 1839 gistri
557 1765 828 1830 litteram,
862 1763 917 1818 id
946 1769 1033 1818 est
1058 1765 1120 1830 G,
1153 1764 1393 1819 sortitur
1441 1766 1714 1837 mediam,
1766 1773 1822 1823 et
1863 1769 1990 1824 ideo

355 1853 798 1920 ﬁnalem,sedG
831 1869 944 1907 non
971 1856 1059 1906 est
1106 1853 1297 1908 media
1345 1853 1496 1908 inter
1546 1859 1594 1908 A
1641 1861 1698 1910 et
1743 1874 1811 1924 a;
1854 1874 1988 1930 ergo

354 1959 456 1997 nec
487 1941 698 1995 ﬁnalis.
733 1939 1014 2010 Amplius.
1049 1938 1250 1994 Omnis
1276 1940 1604 2013 subjugalis
1635 1959 1668 1996 a
1699 1959 1806 1998 sua
1836 1944 1994 2016 gravi

2107 639 2239 676 vero
2270 623 2472 678 eadem
2504 622 2772 692 diapente
2804 622 2996 693 specie
3025 639 3143 693 qua
3163 625 3220 678 et
3252 620 3540 692 magister
3559 633 3770 675 ascen-

2107 708 2210 764 dit.
2237 711 2381 780 Ergo
2404 709 2453 764 si
2475 709 2518 766 G
2551 709 2702 764 inter
2727 711 2774 763 A
2817 713 2877 766 et
2923 727 2958 764 a
2991 710 3186 764 media
3231 708 3320 764 vel
3369 708 3578 764 ﬁnalis
3635 708 3766 775 erit,

2107 802 2331 868 oportet
2361 798 2593 852 utinfra
2624 814 2684 852 se
2714 797 3076 854 diatessaron
3129 803 3186 854 et
3231 815 3414 870 supra
3475 797 3764 870 diapente

2105 885 2334 940 habeat.
2359 885 2468 941 Sed
2491 888 2532 938 G
2565 885 2715 940 infra
2744 885 2836 940 his
2885 885 3269 952 diatessaron,
3313 903 3500 958 supra
3541 890 3762 940 tonum

2105 973 2298 1040 habet,
2333 991 2446 1028 non
2478 978 2564 1028 est
2593 989 2728 1044 ergo
2761 973 3108 1046 subjugalis.
3129 977 3250 1046 Age
3271 991 3431 1047 ergo,
3449 973 3536 1030 sit
3557 977 3770 1030 auten-

2103 1061 2256 1116 tiens
2303 1061 2544 1132 quintus
2593 1061 2663 1115 ab
2711 1067 2758 1112 A
2807 1059 2864 1114 in
2917 1077 2986 1126 a;
3035 1061 3136 1115 sed
3187 1060 3526 1116 autenticus
3583 1060 3770 1116 habet

2108 1149 2364 1220 aliquam
2407 1149 2658 1203 mediam
2690 1165 2758 1204 ex
2787 1147 3106 1204 hislitteris
3137 1149 3164 1220 η
3193 1166 3246 1216 a,
3269 1189 3288 1216 ,
3319 1165 3371 1218 ο,
3405 1149 3465 1216 d,
3499 1153 3560 1204 et
3611 1149 3771 1204 inter

2103 1239 2150 1291 A
2178 1241 2234 1291 et
2263 1254 2314 1304 a,
2347 1237 2541 1291 media
2562 1241 2650 1291 est
2679 1237 2756 1304 D;
2789 1238 2888 1291 sed
2919 1235 3040 1292 hinc
3072 1243 3308 1292 ostensa
3328 1242 3420 1293 est
3443 1253 3584 1294 esse
3609 1238 3768 1310 preti

2104 1327 2346 1396 ejusque
2374 1325 2719 1397 subjugalis.
2754 1325 2878 1380 Non
2901 1329 2989 1379 est
3009 1325 3188 1398 igitur
3209 1325 3304 1380 hic
3327 1325 3549 1398 aliquis
3569 1344 3770 1382 novus

2101 1418 2324 1485 tropus,
2359 1415 2456 1469 sed
2489 1412 2844 1485 hypodorius
2864 1414 3164 1484 repetitur.
3187 1414 3429 1470 Dicatur
3453 1431 3598 1488 ergo
3617 1415 3768 1470 huic

2101 1501 2451 1558 Ptolomaico
2491 1507 2694 1572 tropo;
2731 1501 2868 1572 quia
2897 1518 3074 1574 super
3099 1502 3452 1576 magistrum
3483 1519 3624 1562 esse
3671 1518 3744 1558 vo

2101 1589 2284 1653 luisti,
2309 1593 2428 1644 tam
2465 1593 2630 1644 tuum
2663 1606 2839 1660 quam
2865 1590 3129 1662 magistri
3155 1591 3260 1660 jus
3291 1592 3638 1662 perdidisti.
3675 1598 3770 1655 Sit

2100 1694 2235 1750 ergo
2267 1695 2369 1749 pro
2399 1683 2454 1732 te
2485 1683 2720 1734 octavus
2750 1681 2926 1734 tonus
2959 1695 2994 1734 a
3021 1679 3066 1734 D
3113 1679 3174 1734 in
3228 1679 3286 1746 d,
3339 1681 3648 1740 mediante
3697 1688 3764 1744 G.

2100 1767 2291 1822 Placet
2319 1767 2496 1837 igitur
2525 1783 2726 1822 omnes
2756 1767 3010 1839 trepicas
3031 1771 3290 1840 repetere
3319 1766 3762 1846 institutiones,

2101 1860 2157 1911 et
2185 1855 2530 1910 brevissima
2558 1855 2848 1910 sententia
2903 1856 3092 1912 facere
3123 1856 3586 1916 manifestiores.

1083 2063 1445 2135 Hypodorius
1475 2064 1807 2136 disponitur
1835 2067 1905 2122 ab
1939 2073 1985 2122 Α
2013 2068 2069 2122 in
2101 2085 2153 2134 a,
2187 2067 2475 2122 mediatur
2502 2072 2558 2122 et
2589 2068 2798 2123 ﬁnitur
2826 2068 2891 2123 D.

1083 2152 1527 2224 Hypophrygius
1559 2155 1936 2211 constituitur
1965 2175 1998 2212 a
2028 2159 2068 2212 B
2099 2158 2156 2212 in
2189 2159 2243 2228 η,
2279 2157 2571 2211 mediatur
2599 2161 2656 2211 et
2683 2157 2884 2212 finitur
2913 2157 2973 2212 E'

1079 2240 1419 2312 Hypolidius
1451 2243 1810 2298 construitur
1832 2263 1864 2299 a
1896 2263 1924 2300 c
1951 2246 2008 2300 in
2040 2263 2089 2312 c,
2125 2246 2416 2302 mediatur
2444 2251 2499 2300 et
2529 2245 2730 2301 finitur
2759 2247 2818 2300 F.

1079 2328 1575 2400 Hypomixolidius
1608 2333 1915 2388 ordinatur
1944 2353 1977 2390 a
2002 2335 2045 2390 D
2079 2335 2138 2389 in
2171 2335 2229 2402 d,
2262 2334 2554 2389 mediatur
2584 2338 2638 2389 et
2671 2334 2870 2388 ﬁnitur
2893 2337 2956 2388 G.

881 2464 925 2515 A

1115 2464 1176 2528 B,
1344 2465 1405 2532 Ο,
1572 2465 1637 2528 D,
1807 2470 1865 2528 E.

1011 2557 1020 2886 l

1453 2559 1461 2888 Ι

1701 2555 1709 2891 Ι

1032 2877 1450 2886 —-__—.

2249 2557 2259 2894 Ι

2485 2557 2498 2894 1

3139 2563 3152 2893 ί

933 2505 948 2538 ,
1115 2469 1176 2528 Β,
1344 2469 1405 2532 c,
1572 2469 1637 2528 D,
1807 2470 1865 2528 E.
2031 2470 2091 2535 F,
2258 2469 2324 2530 G,
2487 2486 2542 2532 a,
2709 2473 2754 2538 η,
2923 2486 2972 2536 c,
3139 2469 3196 2534 d,

916 2577 1020 2636 F91
1454 2577 1709 2636 III
2249 2577 2544 2636 lll'

915 2623 1020 2714 ﬁl
1453 2623 1460 2714 |
1596 2623 1709 2714 lsl
2249 2623 2478 2714 ΙΙυτ

915 2687 952 2714 1-³
1644 2690 1694 2709 ι..
2302 2693 2318 2714 ί.
2427 2685 2478 2706 ιλ

913 2713 952 2746 (β
1058 2718 1078 2734 ι
1643 2718 1679 2745 ω
2426 2721 2461 2754 κ

915 2713 1020 2808 sl
1454 2713 1708 2808 lslel
2249 2713 2472 2808 l—“él:

915 2778 951 2808 ε)
1501 2778 1538 2809 cu
1643 2778 1694 2806 ’.ἶ
2265 2780 2318 2796 ν-⁴
2425 2778 2466 2788 ⁵⁷
3195 2793 3208 2804 .

914 2778 1018 2894 sl
1454 2778 1708 2894 lelsl
2249 2778 2494 2894 Islzl
3139 2778 3210 2894 Is

1060 2894 1411 2963 gravissi—
1597 2888 1604 2964 |
1702 2888 1707 2891 ’
1789 2911 1934 2964 quae
1983 2902 2049 2948 et
2091 2888 2256 2948 firién'
2357 2888 2365 2964 Ι
2438 2888 2725 2948 ¹’ῐηὶῐᾱ5
2795 2893 3133 2948 acutissi-

1043 3000 1278 3054 Graves.
1594 3000 1604 3072 |
1864 3003 2109 3056 Finales.
2357 3000 2364 3072 Ι
2683 3001 3041 3072 Superiores.

425 3131 523 3186 llic
545 3132 867 3186 notandum
902 3133 1054 3204 quod
1078 3132 1266 3187 omnis
1298 3133 1621 3204 subjugalis
1652 3134 1709 3187 in
1761 3138 1984 3204 quarto,
2019 3136 2060 3200 C
2101 3135 2261 3190 ribus
2285 3136 2586 3206 acceperit,
2611 3138 2762 3188 recte
2787 3137 3038 3204 quatuor
3059 3131 3402 3205 subjugales
3423 3141 3758 3204 pergraves

353 3220 545 3277 omnis
578 3225 772 3276 autem
795 3221 1148 3287 autenticus,
1170 3225 1235 3274 ut
1259 3225 1392 3292 post
1427 3222 1668 3292 patebit,
1695 3222 1750 3276 in
1784 3222 1984 3293 quinto

353 3311 477 3366 loco
507 3309 757 3364 mediam
785 3309 1047 3376 sortitur,
1086 3309 1237 3380 quod
1272 3326 1384 3364 non
1419 3314 1505 3364 est
1553 3311 1788 3364 mirum.
1839 3310 1984 3364 Nam

352 3403 596 3471 quartus
627 3398 939 3469 quadrupli
970 3415 1200 3470 passus,
1231 3414 1395 3468 aquo
1419 3397 1758 3470 subjugales
1784 3399 1987 3453 oriun—

350 3494 467 3554 tur,
501 3492 788 3559 quatuor:
823 3487 1030 3542 tertins
1058 3491 1275 3552 autem,
1309 3504 1342 3541 a
1367 3504 1480 3558 quo
1504 3488 1986 3558 autenticiproce-

353 3578 519 3646 dunt,
553 3577 811 3648 quinque
841 3575 1286 3630 vocesincludit.
1303 3575 1462 3630 Unde
1480 3593 1610 3630 cum
1627 3593 1989 3648 unaquaeque

351 3682 423 3721 ex
451 3669 702 3734 quatuor
725 3665 1000 3735 gravibus
1032 3681 1138 3719 sua
1169 3664 1227 3717 in
1268 3669 1520 3734 quatuor
1559 3664 1836 3719 ﬁnalibus
1886 3681 1988 3735 pro

353 3753 544 3809 media
573 3751 656 3807 vel
689 3751 846 3806 ﬁnali
878 3769 1046 3808 suam
1068 3757 1326 3808 octavam
1355 3753 1412 3806 in
1435 3757 1687 3824 quatuor
1725 3754 1989 3824 superio‘

2095 3222 2296 3277 finales
2327 3223 2654 3294 superiores
2671 3221 2912 3293 gravati,
2939 3221 3197 3284 mediati,
3215 3217 3476 3287 exaltati,
3503 3215 3760 3289 disposi-

2096 3310 2310 3365 tionem
2361 3327 2530 3366 suam
2579 3311 3060 3365 terminaverunt.
3114 3309 3221 3365 Ubi
3269 3309 3380 3365 hoc
3425 3305 3760 3380 vigilanter

2101 3399 2446 3454 intuendum
2477 3403 2566 3454 est
2595 3400 2768 3470 quod,
2803 3398 2850 3454 si
2882 3397 3210 3470 subjugalis
3240 3402 3501 3471 quartus
3557 3394 3758 3452 socios

2097 3504 2235 3542 suos
2268 3493 2472 3558 quarto
2501 3486 2625 3541 loco
2657 3503 2771 3541 non
2803 3491 3165 3558 sequeretur,
3189 3487 3236 3542 G
3255 3501 3496 3558 quoque
3529 3483 3662 3540 sola
3688 3498 3762 3537 ex

2100 3576 2308 3630 mediis
2325 3575 2634 3630 medietate
2657 3575 2996 3646 privaretur.
3019 3575 3302 3630 Nunc'his
3323 3589 3442 3629 non
3457 3571 3760 3628 inutiliter

2099 3665 2398 3736 inspectis,
2432 3664 2502 3718 de
2532 3663 2844 3718 autentieis
2873 3663 3090 3718 similia
3121 3663 3428 3718 faciamus.

1085 3850 1291 3906 Dorius
1321 3850 1651 3921 disponitur
1680 3868 1713 3905 a
1741 3851 1864 3905 Din
1896 3852 1952 3920 d,
1987 3851 2276 3906 mediatur
2303 3853 2360 3905 et
2387 3849 2650 3904 initiatur
2680 3849 2738 3903 in
2781 3866 2831 3904 a.

1075 3939 1360 4011 Phrygius
1391 3939 1746 3993 construitur
1773 3940 1843 3994 ab
1873 3941 1912 3993 Ε
1936 3939 1994 3993 in
2017 3957 2066 4007 e,
2101 3939 2409 4008 mediatur,
2442 3938 2543 3992 sed
2577 3955 2690 3992 non
2725 3938 2992 3993 initiatur
3019 3939 3076 3993 in
3112 3939 3156 4008 ﬁ.

1079 4028 1278 4082 Lidius
1310 4028 1613 4082 ordinatur
1642 4029 1712 4082 ab
1757 4028 1796 4082 F
1828 4029 1884 4082 in
1909 4029 1948 4093 f,
1981 4029 2274 4084 mediatur
2303 4032 2359 4082 et
2383 4027 2647 4081 initiatur
2677 4026 2734 4080 in
2769 4044 2818 4081 c.

1073 4115 1402 4171 Mixolidius
1435 4116 1774 4171 modutatur
1803 4133 1836 4172 a
1857 4119 1900 4171 G
1929 4117 1986 4172 in
2020 4133 2076 4189 g,
2112 4117 2403 4172 mediatur
2431 4119 2488 4170 et
2525 4114 2786 4169 initiatnr
2816 4116 2874 4170 in
2907 4115 2973 4170 D.

479 4251 544 4304 D.

1449 4592 1486 4673 ἓξ

1451 4681 1486 4717 £3

1433 4725 1486 4762 (Ξ

420 4501 474 4542 P5

421 4545 471 4606 ἓ.

420 4609 458 4667 ΕΞ

421 4672 476 4814 ἓ

1617 4433 1671 4559 Ξ

1608 4569 1672 4654 ἐξ.

1620 4697 1672 4755 Ξ.

1606 4788 1658 4820 Ω

1623 4829 1658 4862 ε

1623 4873 1676 4968 ἕ

1621 4977 1658 5003 ω

589 4975 956 5045 gravissima,
1003 4977 1060 5030 in
1109 4995 1226 5048 qua
1271 4985 1328 5035 et

479 4251 544 4304 D.
801 4252 861 4305 E.
1121 4251 1181 4306 F.
1426 4251 1492 4306 G.
1737 4268 1790 4306 a.
2046 4255 2095 4323 η.
2348 4268 2400 4306 c.
2651 4250 2708 4304 d.
2964 4267 3014 4308 e.
3270 4249 3310 4304 Γ.
3575 4261 3634 4320 g.

1617 4433 1671 4486 Ξ
2611 4429 2664 4470 τις

420 4501 474 4542 Ξ
1618 4494 1655 4522 ω
2463 4507 2475 4518 .
2611 4476 2661 4534 Ei

421 4545 457 4580 κ
2438 4530 2474 4584 Ξ
2610 4539 2649 4598 Ξ
3177 4593 3180 4596 ,
3659 4555 3702 4589 ⁵⁵

420 4583 471 4667 ἓ
1449 4592 1486 4673 εξ
1608 4591 1654 4654 εδ
2439 4593 2475 4658 Ξ
2611 4605 2666 4682 Ξ.
3657 4594 3702 4666 ἓ

421 4781 460 4844 Ξ
1606 4788 1658 4820 Ὠ
2439 4789 2477 4846 ἓ
2611 4811 2648 4840 ω
3657 4767 3700 4801 ω

1623 4829 1658 4862 ε
2613 4847 2666 4862 ..-

535 4941 1380 4957 ___________________
1623 4894 1675 4968 ξ
1727 4940 2364 4954 _____,______.____.
2610 4897 2664 4944 5'
2719 4937 3578 4954 ___________________.___.

589 4975 956 5045 gravissima,
1003 4977 1060 5030 in
1109 4995 1226 5048 qua
1271 4985 1328 5035 et
1621 4977 1658 5003 ω
1819 4985 1875 5033 et
1913 4976 2080 5032 initia
2111 4975 2276 5030 difl‘e-
2780 4993 2896 5044 ma,
2943 4975 3002 5028 in
3035 4989 3154 5045 qua
3201 4970 3530 5026 altissimus

1819 4985 1875 5033 et
1913 4976 2080 5032 initia
2111 4975 2276 5030 diffe-

2438 4530 2475 4626 ἓ

2437 4631 2476 4694 ἐξ

2426 4701 2476 4742 .5

2440 4747 2475 4782 ε

2439 4789 2477 4846 ἓ

2611 4429 2664 4534 Ξ

2610 4539 2649 4598 Ξ

2611 4605 2666 4710 Ξ.

2609 4716 2646 4749 9:

2610 4753 2648 4780 ω

2611 4811 2666 4862 Ξ.

2611 4872 2664 4910 SI.

2610 4917 2649 4975 (ὦ

2612 4982 2666 5026 τ.

3657 4594 3702 4666 ἓ

3655 4667 3702 4734 3

3657 4735 3702 4801 ἓ

2780 4993 2896 5044 ma,
2943 4975 3002 5028 in
3035 4989 3154 5045 qua
3201 4970 3530 5026 altissimus

423 5145 583 5198 Sicut
612 5143 948 5215 subjugales
978 5148 1247 5218 superius
1276 5150 1582 5221 principio,
1635 5150 1847 5214 medio,
1883 5149 1996 5202 fine
2029 5155 2074 5219 D
2105 5148 2365 5202 mitatem
2397 5147 2512 5202 duo
2543 5150 2772 5200 tantum
2797 5142 3226 5216 quadrichorda
3247 5139 3516 5196 obtinent
3543 5137 3770 5194 medie-

349 5231 600 5306 pr0priis
629 5236 682 5287 et
706 5233 1122 5304 principalibus
1144 5237 1398 5306 chordis,
1425 5238 1667 5308 ideoque
1691 5241 1748 5290 et
1787 5235 1998 5292 litteris
2109 5240 2306 5302 tatem,
2340 5236 2461 5290 haec
2491 5239 2684 5290 autem
2718 5237 2858 5289 sunt
2887 5231 3060 5286 finale
3108 5235 3165 5285 et
3208 5227 3506 5300 superius.
3558 5225 3765 5284 Scien-

353 5321 650 5378 informati
681 5321 792 5375 tria
831 5322 1017 5393 prima
1068 5325 1518 5395 quadrichorda,
1573 5325 1627 5378 id
1677 5328 1765 5378 est
1799 5341 1993 5395 grave,

351 5409 544 5478 ﬁnale,
577 5410 848 5481 superius
873 5417 1322 5483 occupaverunt,
1357 5411 1640 5466 excellens
1681 5428 1811 5466 vero
1861 5411 1992 5466 reli-

353 5503 640 5573 querunt;
675 5499 852 5554 simili
886 5501 1055 5554 modo
1089 5500 1364 5554 autentici
1396 5499 1648 5569 propriis
1678 5503 1734 5553 et
1781 5500 1992 5570 princi-

353 5587 586 5663 palibus
617 5587 849 5643 chordis
881 5585 1428 5644 etlitterisinstituti
1449 5585 1562 5642 tria
1581 5588 1904 5657 sequentia,
1935 5587 1994 5642 id

355 5679 446 5734 est
465 5673 658 5742 ﬁnale,
705 5676 994 5748 superius,
1035 5673 1320 5733 excellens
1366 5674 1774 5749 possederunt,
1823 5691 1993 5748 grave

355 5779 490 5826 vero
520 5761 886 5826 dimiserunt.
919 5769 988 5826 Et
1019 5765 1338 5828 notandum
1366 5765 1522 5844 quod
1571 5763 1767 5824 omnia
1810 5768 1992 5824 extre-

2101 5327 2242 5380 dum
2265 5341 2497 5396 quoque
2517 5327 2606 5379 est
2630 5319 3083 5394 vigilantissime
3105 5321 3262 5390 quod
3285 5333 3402 5372 non
3423 5316 3762 5372 secundum

2102 5415 2494 5485 quorumdam
2542 5410 2876 5483 opinionem
2937 5408 3067 5464 ideo
3127 5404 3406 5462 autentici
3443 5409 3760 5472 vocantur,

2103 5503 2257 5573 quod
2297 5502 2410 5556 tria
2457 5516 2734 5571 suprema
2775 5501 3126 5569 occupantes
3165 5492 3610 5567 quadrichorda
3657 5511 3764 5565 per

2102 5607 2348 5648 acumen
2371 5607 2433 5646 se
2463 5587 2732 5644 extollere
2765 5591 3055 5660 poterunt,
3097 5602 3234 5642 cum
3265 5585 3318 5640 si
3348 5583 3409 5638 in
3435 5581 3547 5638 hac
3580 5599 3648 5640 re
3685 5583 3760 5640 ad

2103 5697 2300 5736 vocem
2317 5678 2676 5744 intendatur,
2695 5676 2872 5734 etiam
2891 5675 2949 5730 in
2962 5675 3238 5749 gravibus
3251 5673 3404 5730 idem
3417 5669 3536 5744 ipsi
3549 5669 3757 5728 haberi

2103 5766 2352 5844 possint,
2383 5767 2486 5826 sed
2515 5765 2665 5838 ideo,
2696 5767 2834 5844 quia
2860 5765 2920 5824 in
2943 5763 3273 5834 medietate,
3299 5777 3427 5838 quis
3449 5759 3756 5842 principa-
