  <div class='ocr_page' id='page_1' title='image "/cluster/home/n/w/nwhite01/storage/ocr_20150623/142-143/uc1.31175018423130/954.png"; bbox 0 0 3880 6370; ppageno 0'>
   <div class='ocr_carea' id='block_1_1' title="bbox 142 453 253 513">
    <p class='ocr_par' dir='ltr' id='par_1_1' title="bbox 142 453 253 513">
     <span class='ocr_line' id='line_1_1' title="bbox 142 453 253 513; baseline 0 -1"><span class='ocrx_word' id='word_1_1' title='bbox 142 453 253 513; x_wconf 74' lang='grc'><strong>429</strong></span> 
     </span>
    </p>
   </div>
   <div class='ocr_carea' id='block_1_2' title="bbox 1424 448 2202 514">
    <p class='ocr_par' dir='ltr' id='par_1_2' title="bbox 1424 448 2202 514">
     <span class='ocr_line' id='line_1_2' title="bbox 1424 448 2202 514; baseline 0 -1"><span class='ocrx_word' id='word_1_2' title='bbox 1424 450 1831 513; x_wconf 74' lang='lat' dir='ltr'>OPL’SCULA</span> <span class='ocrx_word' id='word_1_3' title='bbox 1884 448 2202 514; x_wconf 73' lang='lat' dir='ltr'>MUSICA.</span> 
     </span>
    </p>
   </div>
   <div class='ocr_carea' id='block_1_3' title="bbox 3404 456 3523 515">
    <p class='ocr_par' dir='ltr' id='par_1_3' title="bbox 3404 456 3523 515">
     <span class='ocr_line' id='line_1_3' title="bbox 3404 456 3523 515; baseline 0 -1"><span class='ocrx_word' id='word_1_4' title='bbox 3404 456 3523 515; x_wconf 75' lang='lat'>430</span> 
     </span>
    </p>
   </div>
   <div class='ocr_carea' id='block_1_4' title="bbox 143 581 3523 655">
    <p class='ocr_par' dir='ltr' id='par_1_4' title="bbox 143 581 3523 655">
     <span class='ocr_line' id='line_1_4' title="bbox 143 581 3523 655; baseline 0 -18"><span class='ocrx_word' id='word_1_5' title='bbox 143 583 361 655; x_wconf 85' lang='lat' dir='ltr'>plenius</span> <span class='ocrx_word' id='word_1_6' title='bbox 394 581 613 635; x_wconf 83' lang='lat' dir='ltr'>dictum</span> <span class='ocrx_word' id='word_1_7' title='bbox 639 584 907 653; x_wconf 87' lang='lat' dir='ltr'>est,qnod</span> <span class='ocrx_word' id='word_1_8' title='bbox 930 583 971 636; x_wconf 90' lang='lat' dir='ltr'>D</span> <span class='ocrx_word' id='word_1_9' title='bbox 998 585 1118 637; x_wconf 87' lang='lat' dir='ltr'>sola</span> <span class='ocrx_word' id='word_1_10' title='bbox 1140 584 1506 638; x_wconf 83' lang='lat' dir='ltr'>interomnes</span> <span class='ocrx_word' id='word_1_11' title='bbox 1529 584 1774 637; x_wconf 80' lang='lat' dir='ltr'>chordas</span> <span class='ocrx_word' id='word_1_12' title='bbox 1805 583 1855 647; x_wconf 83' lang='grc' dir='ltr'><strong>Α</strong></span> <span class='ocrx_word' id='word_1_13' title='bbox 1892 584 2021 637; x_wconf 70' lang='lat' dir='ltr'>dem</span> <span class='ocrx_word' id='word_1_14' title='bbox 2052 584 2503 638; x_wconf 58' lang='lat' dir='ltr'>dictatrix-.i’latiis</span> <span class='ocrx_word' id='word_1_15' title='bbox 2536 600 2666 637; x_wconf 77' lang='lat' dir='ltr'>vero</span> <span class='ocrx_word' id='word_1_16' title='bbox 2691 584 2836 637; x_wconf 87' lang='lat' dir='ltr'>duas</span> <span class='ocrx_word' id='word_1_17' title='bbox 2858 581 3031 637; x_wconf 88' lang='lat' dir='ltr'>habet</span> <span class='ocrx_word' id='word_1_18' title='bbox 3063 587 3273 654; x_wconf 87' lang='lat' dir='ltr'>partes,</span> <span class='ocrx_word' id='word_1_19' title='bbox 3324 583 3380 637; x_wconf 90' lang='lat' dir='ltr'>id</span> <span class='ocrx_word' id='word_1_20' title='bbox 3435 589 3523 640; x_wconf 87' lang='lat' dir='ltr'>est</span> 
     </span>
    </p>
   </div>
   <div class='ocr_carea' id='block_1_5' title="bbox 141 671 1770 745">
    <p class='ocr_par' dir='ltr' id='par_1_5' title="bbox 141 671 1770 745">
     <span class='ocr_line' id='line_1_5' title="bbox 141 671 1770 745; baseline -0.001 -16"><span class='ocrx_word' id='word_1_21' title='bbox 141 671 393 729; x_wconf 80' lang='lat' dir='ltr'>biformis</span> <span class='ocrx_word' id='word_1_22' title='bbox 419 671 532 735; x_wconf 89' lang='lat' dir='ltr'>sit;</span> <span class='ocrx_word' id='word_1_23' title='bbox 565 672 671 726; x_wconf 85' lang='lat' dir='ltr'>hoc</span> <span class='ocrx_word' id='word_1_24' title='bbox 698 676 804 738; x_wconf 91' lang='lat' dir='ltr'>est,</span> <span class='ocrx_word' id='word_1_25' title='bbox 830 673 968 743; x_wconf 97' lang='lat' dir='ltr'>quia</span> <span class='ocrx_word' id='word_1_26' title='bbox 992 679 1200 743; x_wconf 75' lang='lat' dir='ltr'>quarta</span> <span class='ocrx_word' id='word_1_27' title='bbox 1221 674 1483 745; x_wconf 69' lang='lat' dir='ltr'>gravium</span> <span class='ocrx_word' id='word_1_28' title='bbox 1508 680 1561 727; x_wconf 89' lang='lat' dir='ltr'>et</span> <span class='ocrx_word' id='word_1_29' title='bbox 1585 676 1770 743; x_wconf 80' lang='lat' dir='ltr'>prima</span> 
     </span>
    </p>
   </div>
   <div class='ocr_carea' id='block_1_6' title="bbox 136 757 1762 832">
    <p class='ocr_par' dir='ltr' id='par_1_6' title="bbox 136 757 1762 832">
     <span class='ocr_line' id='line_1_6' title="bbox 136 757 1762 832; baseline 0 -17"><span class='ocrx_word' id='word_1_30' title='bbox 136 765 218 815; x_wconf 87' lang='lat' dir='ltr'>est</span> <span class='ocrx_word' id='word_1_31' title='bbox 247 757 611 827; x_wconf 80' lang='lat' dir='ltr'>finalium,et</span> <span class='ocrx_word' id='word_1_32' title='bbox 662 760 819 830; x_wconf 85' lang='lat' dir='ltr'>quia,</span> <span class='ocrx_word' id='word_1_33' title='bbox 861 763 1186 815; x_wconf 86' lang='lat' dir='ltr'>secundum</span> <span class='ocrx_word' id='word_1_34' title='bbox 1236 762 1289 815; x_wconf 89' lang='lat' dir='ltr'>id</span> <span class='ocrx_word' id='word_1_35' title='bbox 1336 763 1488 832; x_wconf 89' lang='lat' dir='ltr'>quod</span> <span class='ocrx_word' id='word_1_36' title='bbox 1552 766 1762 832; x_wconf 83' lang='lat' dir='ltr'>quarta</span> 
     </span>
    </p>
   </div>
   <div class='ocr_carea' id='block_1_7' title="bbox 135 848 1759 921">
    <p class='ocr_par' dir='ltr' id='par_1_7' title="bbox 135 848 1759 921">
     <span class='ocr_line' id='line_1_7' title="bbox 135 848 1759 921; baseline 0 -18"><span class='ocrx_word' id='word_1_37' title='bbox 135 853 392 921; x_wconf 88' lang='lat' dir='ltr'>quartam</span> <span class='ocrx_word' id='word_1_38' title='bbox 421 848 781 903; x_wconf 77' lang='lat' dir='ltr'>diatessaron</span> <span class='ocrx_word' id='word_1_39' title='bbox 816 851 1065 920; x_wconf 85' lang='lat' dir='ltr'>speciem</span> <span class='ocrx_word' id='word_1_40' title='bbox 1099 850 1155 904; x_wconf 92' lang='lat' dir='ltr'>in</span> <span class='ocrx_word' id='word_1_41' title='bbox 1217 851 1499 921; x_wconf 74' lang='lat' dir='ltr'>positione</span> <span class='ocrx_word' id='word_1_42' title='bbox 1559 852 1759 921; x_wconf 67' lang='lat' dir='ltr'>prima:</span> 
     </span>
    </p>
   </div>
   <div class='ocr_carea' id='block_1_8' title="bbox 136 926 1770 1009">
    <p class='ocr_par' dir='ltr' id='par_1_8' title="bbox 136 926 1770 1009">
     <span class='ocr_line' id='line_1_8' title="bbox 136 926 1770 1009; baseline 0.001 -17"><span class='ocrx_word' id='word_1_43' title='bbox 136 926 514 1008; x_wconf 66' lang='lat' dir='ltr'>repraesentet,</span> <span class='ocrx_word' id='word_1_44' title='bbox 535 936 804 990; x_wconf 90' lang='lat' dir='ltr'>similiter</span> <span class='ocrx_word' id='word_1_45' title='bbox 836 944 1071 991; x_wconf 90' lang='lat' dir='ltr'>acutum</span> <span class='ocrx_word' id='word_1_46' title='bbox 1109 940 1140 992; x_wconf 91' lang='lat' dir='ltr'>d</span> <span class='ocrx_word' id='word_1_47' title='bbox 1177 945 1380 1009; x_wconf 85' lang='lat' dir='ltr'>quarta</span> <span class='ocrx_word' id='word_1_48' title='bbox 1406 944 1491 993; x_wconf 85' lang='lat' dir='ltr'>est</span> <span class='ocrx_word' id='word_1_49' title='bbox 1514 939 1770 1009; x_wconf 86' lang='lat' dir='ltr'>superio-</span> 
     </span>
    </p>
   </div>
   <div class='ocr_carea' id='block_1_9' title="bbox 134 1023 1769 1098">
    <p class='ocr_par' dir='ltr' id='par_1_9' title="bbox 134 1023 1769 1098">
     <span class='ocr_line' id='line_1_9' title="bbox 134 1023 1769 1098; baseline 0 -18"><span class='ocrx_word' id='word_1_50' title='bbox 134 1042 256 1080; x_wconf 90' lang='lat' dir='ltr'>rum</span> <span class='ocrx_word' id='word_1_51' title='bbox 280 1023 1303 1094; x_wconf 79' lang='lat' dir='ltr'>etprimaexcellentium;sccundnm</span> <span class='ocrx_word' id='word_1_52' title='bbox 1332 1028 1381 1080; x_wconf 93' lang='lat' dir='ltr'>id</span> <span class='ocrx_word' id='word_1_53' title='bbox 1410 1029 1560 1097; x_wconf 89' lang='lat' dir='ltr'>quod</span> <span class='ocrx_word' id='word_1_54' title='bbox 1582 1029 1769 1098; x_wconf 86' lang='lat' dir='ltr'>prima</span> 
     </span>
    </p>
   </div>
   <div class='ocr_carea' id='block_1_10' title="bbox 133 1113 1765 1186">
    <p class='ocr_par' dir='ltr' id='par_1_10' title="bbox 133 1113 1765 1186">
     <span class='ocr_line' id='line_1_10' title="bbox 133 1113 1765 1186; baseline 0.001 -18"><span class='ocrx_word' id='word_1_55' title='bbox 133 1113 345 1186; x_wconf 86' lang='lat' dir='ltr'>primas</span> <span class='ocrx_word' id='word_1_56' title='bbox 364 1113 572 1167; x_wconf 79' lang='lat' dir='ltr'>iterum</span> <span class='ocrx_word' id='word_1_57' title='bbox 594 1114 955 1170; x_wconf 68' lang='lat' dir='ltr'>diatessaron</span> <span class='ocrx_word' id='word_1_58' title='bbox 980 1122 1033 1170; x_wconf 89' lang='lat' dir='ltr'>et</span> <span class='ocrx_word' id='word_1_59' title='bbox 1055 1116 1322 1186; x_wconf 86' lang='lat' dir='ltr'>diapente</span> <span class='ocrx_word' id='word_1_60' title='bbox 1341 1117 1562 1185; x_wconf 90' lang='lat' dir='ltr'>species</span> <span class='ocrx_word' id='word_1_61' title='bbox 1591 1135 1765 1170; x_wconf 88' lang='lat' dir='ltr'>unam</span> 
     </span>
    </p>
   </div>
   <div class='ocr_carea' id='block_1_11' title="bbox 130 1200 1768 1275">
    <p class='ocr_par' dir='ltr' id='par_1_11' title="bbox 130 1200 1768 1275">
     <span class='ocr_line' id='line_1_11' title="bbox 130 1200 1768 1275; baseline 0.001 -17"><span class='ocrx_word' id='word_1_62' title='bbox 130 1200 611 1268; x_wconf 87' lang='lat' dir='ltr'>claudit,alteram</span> <span class='ocrx_word' id='word_1_63' title='bbox 639 1202 906 1264; x_wconf 87' lang='lat' dir='ltr'>inchoat:</span> <span class='ocrx_word' id='word_1_64' title='bbox 933 1205 1325 1258; x_wconf 85' lang='lat' dir='ltr'>secundumid</span> <span class='ocrx_word' id='word_1_65' title='bbox 1362 1206 1513 1275; x_wconf 90' lang='lat' dir='ltr'>quod</span> <span class='ocrx_word' id='word_1_66' title='bbox 1561 1210 1768 1275; x_wconf 86' lang='lat' dir='ltr'>quarta</span> 
     </span>
    </p>
   </div>
   <div class='ocr_carea' id='block_1_12' title="bbox 132 1292 1763 1364">
    <p class='ocr_par' dir='ltr' id='par_1_12' title="bbox 132 1292 1763 1364">
     <span class='ocr_line' id='line_1_12' title="bbox 132 1292 1763 1364; baseline 0.001 -19"><span class='ocrx_word' id='word_1_67' title='bbox 132 1292 331 1346; x_wconf 80' lang='lat' dir='ltr'>iterum</span> <span class='ocrx_word' id='word_1_68' title='bbox 368 1296 641 1361; x_wconf 83' lang='lat' dir='ltr'>quartam</span> <span class='ocrx_word' id='word_1_69' title='bbox 673 1292 1034 1346; x_wconf 73' lang='lat' dir='ltr'>diatessaron</span> <span class='ocrx_word' id='word_1_70' title='bbox 1063 1295 1312 1363; x_wconf 85' lang='lat' dir='ltr'>speciem</span> <span class='ocrx_word' id='word_1_71' title='bbox 1364 1299 1763 1364; x_wconf 66' lang='lat' dir='ltr'>reprazsentat;</span> 
     </span>
    </p>
   </div>
   <div class='ocr_carea' id='block_1_13' title="bbox 131 1379 1763 1452">
    <p class='ocr_par' dir='ltr' id='par_1_13' title="bbox 131 1379 1763 1452">
     <span class='ocr_line' id='line_1_13' title="bbox 131 1379 1763 1452; baseline 0 -17"><span class='ocrx_word' id='word_1_72' title='bbox 131 1379 519 1435; x_wconf 88' lang='lat' dir='ltr'>secundnmid</span> <span class='ocrx_word' id='word_1_73' title='bbox 540 1382 693 1450; x_wconf 89' lang='lat' dir='ltr'>quod</span> <span class='ocrx_word' id='word_1_74' title='bbox 721 1382 908 1452; x_wconf 89' lang='lat' dir='ltr'>prima</span> <span class='ocrx_word' id='word_1_75' title='bbox 927 1388 1155 1452; x_wconf 86' lang='lat' dir='ltr'>protum</span> <span class='ocrx_word' id='word_1_76' title='bbox 1182 1387 1463 1452; x_wconf 86' lang='lat' dir='ltr'>quantum</span> <span class='ocrx_word' id='word_1_77' title='bbox 1490 1384 1557 1436; x_wconf 87' lang='lat' dir='ltr'>ad</span> <span class='ocrx_word' id='word_1_78' title='bbox 1583 1382 1763 1451; x_wconf 65' lang='lat' dir='ltr'>legem</span> 
     </span>
    </p>
   </div>
   <div class='ocr_carea' id='block_1_14' title="bbox 130 1468 1767 1542">
    <p class='ocr_par' dir='ltr' id='par_1_14' title="bbox 130 1468 1767 1542">
     <span class='ocr_line' id='line_1_14' title="bbox 130 1468 1767 1542; baseline 0 -18"><span class='ocrx_word' id='word_1_79' title='bbox 130 1468 409 1524; x_wconf 84' lang='lat' dir='ltr'>altissimo</span> <span class='ocrx_word' id='word_1_80' title='bbox 424 1486 669 1523; x_wconf 85' lang='lat' dir='ltr'>ascensu</span> <span class='ocrx_word' id='word_1_81' title='bbox 698 1488 709 1531; x_wconf 87' lang='grc'>;</span> <span class='ocrx_word' id='word_1_82' title='bbox 744 1471 1065 1523; x_wconf 88' lang='lat' dir='ltr'>secundum</span> <span class='ocrx_word' id='word_1_83' title='bbox 1102 1471 1155 1523; x_wconf 90' lang='lat' dir='ltr'>id</span> <span class='ocrx_word' id='word_1_84' title='bbox 1189 1472 1338 1540; x_wconf 83' lang='lat' dir='ltr'>quod</span> <span class='ocrx_word' id='word_1_85' title='bbox 1368 1475 1573 1541; x_wconf 86' lang='lat' dir='ltr'>quarta</span> <span class='ocrx_word' id='word_1_86' title='bbox 1600 1489 1767 1542; x_wconf 82' lang='lat' dir='ltr'>quar-</span> 
     </span>
    </p>
   </div>
   <div class='ocr_carea' id='block_1_15' title="bbox 128 1557 1763 1629">
    <p class='ocr_par' dir='ltr' id='par_1_15' title="bbox 128 1557 1763 1629">
     <span class='ocr_line' id='line_1_15' title="bbox 128 1557 1763 1629; baseline 0 -17"><span class='ocrx_word' id='word_1_87' title='bbox 128 1563 246 1612; x_wconf 90' lang='lat' dir='ltr'>tum</span> <span class='ocrx_word' id='word_1_88' title='bbox 279 1557 454 1611; x_wconf 86' lang='lat' dir='ltr'>etiam</span> <span class='ocrx_word' id='word_1_89' title='bbox 475 1557 843 1627; x_wconf 76' lang='lat' dir='ltr'>subjugalcm</span> <span class='ocrx_word' id='word_1_90' title='bbox 873 1576 1004 1611; x_wconf 90' lang='lat' dir='ltr'>cum</span> <span class='ocrx_word' id='word_1_91' title='bbox 1030 1564 1212 1629; x_wconf 88' lang='lat' dir='ltr'>proto,</span> <span class='ocrx_word' id='word_1_92' title='bbox 1262 1560 1579 1613; x_wconf 86' lang='lat' dir='ltr'>tetrardum</span> <span class='ocrx_word' id='word_1_93' title='bbox 1632 1576 1763 1613; x_wconf 73' lang='lat' dir='ltr'>vero</span> 
     </span>
    </p>
   </div>
   <div class='ocr_carea' id='block_1_16' title="bbox 126 1647 1760 1719">
    <p class='ocr_par' dir='ltr' id='par_1_16' title="bbox 126 1647 1760 1719">
     <span class='ocr_line' id='line_1_16' title="bbox 126 1647 1760 1719; baseline -0.001 -17"><span class='ocrx_word' id='word_1_94' title='bbox 126 1650 396 1719; x_wconf 88' lang='lat' dir='ltr'>quartum</span> <span class='ocrx_word' id='word_1_95' title='bbox 447 1647 805 1701; x_wconf 82' lang='lat' dir='ltr'>autenticum</span> <span class='ocrx_word' id='word_1_96' title='bbox 859 1665 961 1718; x_wconf 88' lang='lat' dir='ltr'>per</span> <span class='ocrx_word' id='word_1_97' title='bbox 1004 1649 1326 1703; x_wconf 60' lang='lat' dir='ltr'>sa’r‘ulorum</span> <span class='ocrx_word' id='word_1_98' title='bbox 1362 1649 1760 1719; x_wconf 78' lang='lat' dir='ltr'>Amcnincipit.</span> 
     </span>
    </p>
   </div>
   <div class='ocr_carea' id='block_1_17' title="bbox 126 1734 1765 1807">
    <p class='ocr_par' dir='ltr' id='par_1_17' title="bbox 126 1734 1765 1807">
     <span class='ocr_line' id='line_1_17' title="bbox 126 1734 1765 1807; baseline -0.001 -17"><span class='ocrx_word' id='word_1_99' title='bbox 126 1737 188 1790; x_wconf 86' lang='lat' dir='ltr'>Et</span> <span class='ocrx_word' id='word_1_100' title='bbox 218 1739 282 1789; x_wconf 86' lang='lat' dir='ltr'>ut</span> <span class='ocrx_word' id='word_1_101' title='bbox 306 1734 678 1789; x_wconf 79' lang='lat' dir='ltr'>manifestius</span> <span class='ocrx_word' id='word_1_102' title='bbox 728 1736 1013 1803; x_wconf 81' lang='lat' dir='ltr'>dicamus,</span> <span class='ocrx_word' id='word_1_103' title='bbox 1076 1738 1129 1790; x_wconf 92' lang='lat' dir='ltr'>in</span> <span class='ocrx_word' id='word_1_104' title='bbox 1181 1738 1413 1791; x_wconf 84' lang='lat' dir='ltr'>nomine</span> <span class='ocrx_word' id='word_1_105' title='bbox 1456 1738 1652 1807; x_wconf 60' lang='lat' dir='ltr'>prima‘.</span> <span class='ocrx_word' id='word_1_106' title='bbox 1711 1742 1765 1791; x_wconf 89' lang='lat' dir='ltr'>et</span> 
     </span>
    </p>
   </div>
   <div class='ocr_carea' id='block_1_18' title="bbox 124 1822 1761 1896">
    <p class='ocr_par' dir='ltr' id='par_1_18' title="bbox 124 1822 1761 1896">
     <span class='ocr_line' id='line_1_18' title="bbox 124 1822 1761 1896; baseline 0.001 -19"><span class='ocrx_word' id='word_1_107' title='bbox 124 1827 335 1894; x_wconf 74' lang='lat' dir='ltr'>quarta:</span> <span class='ocrx_word' id='word_1_108' title='bbox 355 1822 613 1895; x_wconf 90' lang='lat' dir='ltr'>primum</span> <span class='ocrx_word' id='word_1_109' title='bbox 629 1825 988 1879; x_wconf 85' lang='lat' dir='ltr'>autenticum</span> <span class='ocrx_word' id='word_1_110' title='bbox 1005 1830 1345 1896; x_wconf 88' lang='lat' dir='ltr'>ctquartum</span> <span class='ocrx_word' id='word_1_111' title='bbox 1367 1826 1761 1895; x_wconf 74' lang='lat' dir='ltr'>subjugalium</span> 
     </span>
    </p>
   </div>
   <div class='ocr_carea' id='block_1_19' title="bbox 1890 672 3520 741">
    <p class='ocr_par' dir='ltr' id='par_1_19' title="bbox 1890 672 3520 741">
     <span class='ocr_line' id='line_1_19' title="bbox 1890 672 3520 741; baseline 0.002 -18"><span class='ocrx_word' id='word_1_112' title='bbox 1890 674 2045 725; x_wconf 62' lang='lat' dir='ltr'>anis</span> <span class='ocrx_word' id='word_1_113' title='bbox 2079 678 2134 727; x_wconf 84' lang='lat' dir='ltr'>et</span> <span class='ocrx_word' id='word_1_114' title='bbox 2171 674 2381 737; x_wconf 79' lang='lat' dir='ltr'>thesin,</span> <span class='ocrx_word' id='word_1_115' title='bbox 2413 673 2519 726; x_wconf 78' lang='lat' dir='ltr'>hoc</span> <span class='ocrx_word' id='word_1_116' title='bbox 2551 677 2639 726; x_wconf 83' lang='lat' dir='ltr'>est</span> <span class='ocrx_word' id='word_1_117' title='bbox 2668 674 3015 725; x_wconf 66' lang='lat' dir='ltr'>elevationem</span> <span class='ocrx_word' id='word_1_118' title='bbox 3048 672 3520 741; x_wconf 79' lang='lat' dir='ltr'>etdcpositionem.</span> 
     </span>
    </p>
   </div>
   <div class='ocr_carea' id='block_1_20' title="bbox 1889 759 3526 827">
    <p class='ocr_par' dir='ltr' id='par_1_20' title="bbox 1889 759 3526 827">
     <span class='ocr_line' id='line_1_20' title="bbox 1889 759 3526 827; baseline 0.003 -15"><span class='ocrx_word' id='word_1_119' title='bbox 1889 761 1993 813; x_wconf 73' lang='lat' dir='ltr'>Sed</span> <span class='ocrx_word' id='word_1_120' title='bbox 2023 779 2051 814; x_wconf 87' lang='lat' dir='ltr'>a</span> <span class='ocrx_word' id='word_1_121' title='bbox 2086 761 2330 825; x_wconf 81' lang='lat' dir='ltr'>meliori,</span> <span class='ocrx_word' id='word_1_122' title='bbox 2365 761 2420 815; x_wconf 89' lang='lat' dir='ltr'>id</span> <span class='ocrx_word' id='word_1_123' title='bbox 2445 761 2891 825; x_wconf 66' lang='lat' dir='ltr'>estelevatione,</span> <span class='ocrx_word' id='word_1_124' title='bbox 2924 777 3139 815; x_wconf 89' lang='lat' dir='ltr'>neuma</span> <span class='ocrx_word' id='word_1_125' title='bbox 3184 759 3413 827; x_wconf 86' lang='lat' dir='ltr'>dicitur,</span> <span class='ocrx_word' id='word_1_126' title='bbox 3462 764 3526 817; x_wconf 88' lang='lat' dir='ltr'>ut</span> 
     </span>
    </p>
   </div>
   <div class='ocr_carea' id='block_1_21' title="bbox 1880 849 3524 920">
    <p class='ocr_par' dir='ltr' id='par_1_21' title="bbox 1880 849 3524 920">
     <span class='ocr_line' id='line_1_21' title="bbox 1880 849 3524 920; baseline 0.002 -20"><span class='ocrx_word' id='word_1_127' title='bbox 1880 865 2220 904; x_wconf 86' lang='lat' dir='ltr'>moneamus</span> <span class='ocrx_word' id='word_1_128' title='bbox 2255 852 2310 903; x_wconf 91' lang='lat' dir='ltr'>in</span> <span class='ocrx_word' id='word_1_129' title='bbox 2346 850 2646 905; x_wconf 67' lang='lat' dir='ltr'>cantilena)</span> <span class='ocrx_word' id='word_1_130' title='bbox 2678 849 3154 920; x_wconf 88' lang='lat' dir='ltr'>dulcedine,quia</span> <span class='ocrx_word' id='word_1_131' title='bbox 3186 849 3324 904; x_wconf 81' lang='lat' dir='ltr'>ﬂatu</span> <span class='ocrx_word' id='word_1_132' title='bbox 3343 850 3414 904; x_wconf 90' lang='lat' dir='ltr'>ab</span> <span class='ocrx_word' id='word_1_133' title='bbox 3437 849 3524 904; x_wconf 91' lang='lat' dir='ltr'>in-</span> 
     </span>
    </p>
   </div>
   <div class='ocr_carea' id='block_1_22' title="bbox 1876 936 3525 1009">
    <p class='ocr_par' dir='ltr' id='par_1_22' title="bbox 1876 936 3525 1009">
     <span class='ocr_line' id='line_1_22' title="bbox 1876 936 3525 1009; baseline 0.001 -17"><span class='ocrx_word' id='word_1_134' title='bbox 1876 936 2185 993; x_wconf 72' lang='lat' dir='ltr'>ferioribus</span> <span class='ocrx_word' id='word_1_135' title='bbox 2209 941 2278 993; x_wconf 85' lang='lat' dir='ltr'>ad</span> <span class='ocrx_word' id='word_1_136' title='bbox 2296 939 2597 1009; x_wconf 80' lang='lat' dir='ltr'>superiora</span> <span class='ocrx_word' id='word_1_137' title='bbox 2615 955 2823 993; x_wconf 90' lang='lat' dir='ltr'>sonum</span> <span class='ocrx_word' id='word_1_138' title='bbox 2848 937 3185 1009; x_wconf 88' lang='lat' dir='ltr'>impellente</span> <span class='ocrx_word' id='word_1_139' title='bbox 3221 937 3525 994; x_wconf 79' lang='lat' dir='ltr'>coniicitur</span> 
     </span>
    </p>
   </div>
   <div class='ocr_carea' id='block_1_23' title="bbox 1878 1026 3524 1097">
    <p class='ocr_par' dir='ltr' id='par_1_23' title="bbox 1878 1026 3524 1097">
     <span class='ocr_line' id='line_1_23' title="bbox 1878 1026 3524 1097; baseline -0.001 -14"><span class='ocrx_word' id='word_1_140' title='bbox 1878 1036 1940 1084; x_wconf 85' lang='lat' dir='ltr'>ut</span> <span class='ocrx_word' id='word_1_141' title='bbox 1970 1046 2067 1083; x_wconf 91' lang='lat' dir='ltr'>cor</span> <span class='ocrx_word' id='word_1_142' title='bbox 2090 1030 2157 1082; x_wconf 90' lang='lat' dir='ltr'>de</span> <span class='ocrx_word' id='word_1_143' title='bbox 2189 1028 2432 1081; x_wconf 85' lang='lat' dir='ltr'>terrenis</span> <span class='ocrx_word' id='word_1_144' title='bbox 2465 1029 2534 1081; x_wconf 90' lang='lat' dir='ltr'>ad</span> <span class='ocrx_word' id='word_1_145' title='bbox 2579 1028 2833 1082; x_wconf 78' lang='lat' dir='ltr'>cmlestia</span> <span class='ocrx_word' id='word_1_146' title='bbox 2856 1027 3134 1082; x_wconf 81' lang='lat' dir='ltr'>levemus.</span> <span class='ocrx_word' id='word_1_147' title='bbox 3168 1026 3439 1097; x_wconf 87' lang='lat' dir='ltr'>Alioquin</span> <span class='ocrx_word' id='word_1_148' title='bbox 3466 1027 3524 1082; x_wconf 91' lang='lat' dir='ltr'>in</span> 
     </span>
    </p>
   </div>
   <div class='ocr_carea' id='block_1_24' title="bbox 1876 1116 3526 1185">
    <p class='ocr_par' dir='ltr' id='par_1_24' title="bbox 1876 1116 3526 1185">
     <span class='ocr_line' id='line_1_24' title="bbox 1876 1116 3526 1185; baseline -0.001 -14"><span class='ocrx_word' id='word_1_149' title='bbox 1876 1136 2091 1173; x_wconf 79' lang='lat' dir='ltr'>vanum</span> <span class='ocrx_word' id='word_1_150' title='bbox 2117 1121 2331 1179; x_wconf 83' lang='lat' dir='ltr'>cantat,</span> <span class='ocrx_word' id='word_1_151' title='bbox 2368 1118 2538 1185; x_wconf 81' lang='lat' dir='ltr'>cujus</span> <span class='ocrx_word' id='word_1_152' title='bbox 2570 1134 2733 1171; x_wconf 86' lang='lat' dir='ltr'>mens</span> <span class='ocrx_word' id='word_1_153' title='bbox 2764 1117 2887 1170; x_wconf 84' lang='lat' dir='ltr'>voci</span> <span class='ocrx_word' id='word_1_154' title='bbox 2922 1133 3033 1170; x_wconf 91' lang='lat' dir='ltr'>non</span> <span class='ocrx_word' id='word_1_155' title='bbox 3058 1116 3393 1171; x_wconf 85' lang='lat' dir='ltr'>concordat.</span> <span class='ocrx_word' id='word_1_156' title='bbox 3411 1118 3526 1170; x_wconf 84' lang='lat' dir='ltr'>Aut</span> 
     </span>
    </p>
   </div>
   <div class='ocr_carea' id='block_1_25' title="bbox 1874 1205 3522 1277">
    <p class='ocr_par' dir='ltr' id='par_1_25' title="bbox 1874 1205 3522 1277">
     <span class='ocr_line' id='line_1_25' title="bbox 1874 1205 3522 1277; baseline 0 -17"><span class='ocrx_word' id='word_1_157' title='bbox 1874 1225 2009 1277; x_wconf 76' lang='lat' dir='ltr'>ergo</span> <span class='ocrx_word' id='word_1_158' title='bbox 2044 1206 2138 1259; x_wconf 87' lang='lat' dir='ltr'>isti</span> <span class='ocrx_word' id='word_1_159' title='bbox 2172 1210 2386 1269; x_wconf 79' lang='lat' dir='ltr'>errant,</span> <span class='ocrx_word' id='word_1_160' title='bbox 2413 1211 2552 1258; x_wconf 64' lang='lat' dir='ltr'>autc</span> <span class='ocrx_word' id='word_1_161' title='bbox 2598 1206 2792 1259; x_wconf 86' lang='lat' dir='ltr'>divina</span> <span class='ocrx_word' id='word_1_162' title='bbox 2833 1205 3138 1275; x_wconf 87' lang='lat' dir='ltr'>sapientia,</span> <span class='ocrx_word' id='word_1_163' title='bbox 3193 1222 3321 1276; x_wconf 68' lang='lat' dir='ltr'>quae</span> <span class='ocrx_word' id='word_1_164' title='bbox 3382 1205 3522 1276; x_wconf 83' lang='lat' dir='ltr'>quia</span> 
     </span>
    </p>
   </div>
   <div class='ocr_carea' id='block_1_26' title="bbox 1876 1293 3520 1365">
    <p class='ocr_par' dir='ltr' id='par_1_26' title="bbox 1876 1293 3520 1365">
     <span class='ocr_line' id='line_1_26' title="bbox 1876 1293 3520 1365; baseline -0.001 -16"><span class='ocrx_word' id='word_1_165' title='bbox 1876 1296 2029 1365; x_wconf 90' lang='lat' dir='ltr'>apud</span> <span class='ocrx_word' id='word_1_166' title='bbox 2066 1311 2123 1347; x_wconf 85' lang='lat' dir='ltr'>se</span> <span class='ocrx_word' id='word_1_167' title='bbox 2154 1300 2290 1347; x_wconf 89' lang='lat' dir='ltr'>sunt</span> <span class='ocrx_word' id='word_1_168' title='bbox 2321 1310 2523 1347; x_wconf 88' lang='lat' dir='ltr'>omnes</span> <span class='ocrx_word' id='word_1_169' title='bbox 2554 1293 2810 1347; x_wconf 84' lang='lat' dir='ltr'>thesauri</span> <span class='ocrx_word' id='word_1_170' title='bbox 2836 1294 3132 1365; x_wconf 77' lang='lat' dir='ltr'>sapientiae</span> <span class='ocrx_word' id='word_1_171' title='bbox 3162 1298 3218 1347; x_wconf 85' lang='lat' dir='ltr'>et</span> <span class='ocrx_word' id='word_1_172' title='bbox 3264 1294 3520 1348; x_wconf 68' lang='lat' dir='ltr'>scientia:</span> 
     </span>
    </p>
   </div>
   <div class='ocr_carea' id='block_1_27' title="bbox 1875 1380 3517 1451">
    <p class='ocr_par' dir='ltr' id='par_1_27' title="bbox 1875 1380 3517 1451">
     <span class='ocr_line' id='line_1_27' title="bbox 1875 1380 3517 1451; baseline 0 -15"><span class='ocrx_word' id='word_1_173' title='bbox 1875 1383 2223 1445; x_wconf 83' lang='lat' dir='ltr'>absconditi,</span> <span class='ocrx_word' id='word_1_174' title='bbox 2253 1405 2277 1429; x_wconf 78' lang='grc'><em>»</em></span> <span class='ocrx_word' id='word_1_175' title='bbox 2312 1382 2484 1435; x_wconf 87' lang='lat' dir='ltr'>etiam</span> <span class='ocrx_word' id='word_1_176' title='bbox 2514 1382 2688 1449; x_wconf 85' lang='lat' dir='ltr'>hujus</span> <span class='ocrx_word' id='word_1_177' title='bbox 2718 1382 2869 1435; x_wconf 87' lang='lat' dir='ltr'>antis</span> <span class='ocrx_word' id='word_1_178' title='bbox 2893 1382 3175 1451; x_wconf 86' lang='lat' dir='ltr'>inspirata</span> <span class='ocrx_word' id='word_1_179' title='bbox 3200 1380 3405 1436; x_wconf 84' lang='lat' dir='ltr'>notitia</span> <span class='ocrx_word' id='word_1_180' title='bbox 3426 1399 3517 1437; x_wconf 86' lang='lat' dir='ltr'>sa-</span> 
     </span>
    </p>
   </div>
   <div class='ocr_carea' id='block_1_28' title="bbox 1876 1470 3522 1543">
    <p class='ocr_par' dir='ltr' id='par_1_28' title="bbox 1876 1470 3522 1543">
     <span class='ocr_line' id='line_1_28' title="bbox 1876 1470 3522 1543; baseline 0.001 -19"><span class='ocrx_word' id='word_1_181' title='bbox 1876 1474 2102 1543; x_wconf 87' lang='lat' dir='ltr'>pienter</span> <span class='ocrx_word' id='word_1_182' title='bbox 2126 1470 2233 1525; x_wconf 87' lang='lat' dir='ltr'>sibi</span> <span class='ocrx_word' id='word_1_183' title='bbox 2270 1470 2447 1523; x_wconf 81' lang='lat' dir='ltr'>voluit</span> <span class='ocrx_word' id='word_1_184' title='bbox 2475 1471 2714 1523; x_wconf 80' lang='lat' dir='ltr'>cantari.</span> <span class='ocrx_word' id='word_1_185' title='bbox 2750 1471 2859 1524; x_wconf 87' lang='lat' dir='ltr'>Sed</span> <span class='ocrx_word' id='word_1_186' title='bbox 2879 1471 3169 1540; x_wconf 88' lang='lat' dir='ltr'>quomodo</span> <span class='ocrx_word' id='word_1_187' title='bbox 3228 1471 3522 1541; x_wconf 82' lang='lat' dir='ltr'>sapienter</span> 
     </span>
    </p>
   </div>
   <div class='ocr_carea' id='block_1_29' title="bbox 1876 1558 3521 1629">
    <p class='ocr_par' dir='ltr' id='par_1_29' title="bbox 1876 1558 3521 1629">
     <span class='ocr_line' id='line_1_29' title="bbox 1876 1558 3521 1629; baseline -0.001 -15"><span class='ocrx_word' id='word_1_188' title='bbox 1876 1564 2128 1624; x_wconf 81' lang='lat' dir='ltr'>cantant,</span> <span class='ocrx_word' id='word_1_189' title='bbox 2164 1561 2263 1629; x_wconf 87' lang='lat' dir='ltr'>qui</span> <span class='ocrx_word' id='word_1_190' title='bbox 2290 1558 2433 1612; x_wconf 83' lang='lat' dir='ltr'>nihil</span> <span class='ocrx_word' id='word_1_191' title='bbox 2470 1559 2538 1611; x_wconf 89' lang='lat' dir='ltr'>de</span> <span class='ocrx_word' id='word_1_192' title='bbox 2572 1558 2861 1628; x_wconf 67' lang='lat' dir='ltr'>praedictis</span> <span class='ocrx_word' id='word_1_193' title='bbox 2883 1559 3096 1624; x_wconf 87' lang='lat' dir='ltr'>sciunt,</span> <span class='ocrx_word' id='word_1_194' title='bbox 3128 1558 3227 1629; x_wconf 90' lang='lat' dir='ltr'>qui</span> <span class='ocrx_word' id='word_1_195' title='bbox 3285 1563 3521 1629; x_wconf 87' lang='lat' dir='ltr'>tropum</span> 
     </span>
    </p>
   </div>
   <div class='ocr_carea' id='block_1_30' title="bbox 1875 1646 3523 1719">
    <p class='ocr_par' dir='ltr' id='par_1_30' title="bbox 1875 1646 3523 1719">
     <span class='ocr_line' id='line_1_30' title="bbox 1875 1646 3523 1719; baseline 0 -18"><span class='ocrx_word' id='word_1_196' title='bbox 1875 1653 2037 1719; x_wconf 78' lang='lat' dir='ltr'>tropo</span> <span class='ocrx_word' id='word_1_197' title='bbox 2062 1665 2261 1719; x_wconf 84' lang='lat' dir='ltr'>permu</span> <span class='ocrx_word' id='word_1_198' title='bbox 2274 1652 2365 1700; x_wconf 86' lang='lat' dir='ltr'>tan</span> <span class='ocrx_word' id='word_1_199' title='bbox 2379 1654 2461 1700; x_wconf 88' lang='lat' dir='ltr'>tes</span> <span class='ocrx_word' id='word_1_200' title='bbox 2477 1647 2729 1701; x_wconf 87' lang='lat' dir='ltr'>confund</span> <span class='ocrx_word' id='word_1_201' title='bbox 2743 1664 2772 1700; x_wconf 92' lang='lat' dir='ltr'>u</span> <span class='ocrx_word' id='word_1_202' title='bbox 2785 1648 2974 1718; x_wconf 90' lang='lat' dir='ltr'>nt,qui</span> <span class='ocrx_word' id='word_1_203' title='bbox 2994 1646 3177 1701; x_wconf 88' lang='lat' dir='ltr'>solam</span> <span class='ocrx_word' id='word_1_204' title='bbox 3212 1646 3523 1702; x_wconf 88' lang='lat' dir='ltr'>altisonan-</span> 
     </span>
    </p>
   </div>
   <div class='ocr_carea' id='block_1_31' title="bbox 1876 1735 3521 1806">
    <p class='ocr_par' dir='ltr' id='par_1_31' title="bbox 1876 1735 3521 1806">
     <span class='ocr_line' id='line_1_31' title="bbox 1876 1735 3521 1806; baseline 0 -15"><span class='ocrx_word' id='word_1_205' title='bbox 1876 1739 2011 1791; x_wconf 88' lang='lat' dir='ltr'>tiam</span> <span class='ocrx_word' id='word_1_206' title='bbox 2048 1738 2326 1790; x_wconf 75' lang='lat' dir='ltr'>laudant?</span> <span class='ocrx_word' id='word_1_207' title='bbox 2354 1737 2411 1789; x_wconf 84' lang='lat' dir='ltr'>In</span> <span class='ocrx_word' id='word_1_208' title='bbox 2441 1735 2548 1789; x_wconf 91' lang='lat' dir='ltr'>hoc</span> <span class='ocrx_word' id='word_1_209' title='bbox 2582 1741 2775 1790; x_wconf 88' lang='lat' dir='ltr'>tamen</span> <span class='ocrx_word' id='word_1_210' title='bbox 2799 1737 2963 1806; x_wconf 87' lang='lat' dir='ltr'>justo</span> <span class='ocrx_word' id='word_1_211' title='bbox 2986 1736 3216 1806; x_wconf 87' lang='lat' dir='ltr'>judicio</span> <span class='ocrx_word' id='word_1_212' title='bbox 3245 1737 3410 1791; x_wconf 85' lang='lat' dir='ltr'>asino</span> <span class='ocrx_word' id='word_1_213' title='bbox 3433 1735 3521 1791; x_wconf 86' lang='lat' dir='ltr'>in-</span> 
     </span>
    </p>
   </div>
   <div class='ocr_carea' id='block_1_32' title="bbox 1877 1824 3522 1896">
    <p class='ocr_par' dir='ltr' id='par_1_32' title="bbox 1877 1824 3522 1896">
     <span class='ocr_line' id='line_1_32' title="bbox 1877 1824 3522 1896; baseline 0 -16"><span class='ocrx_word' id='word_1_214' title='bbox 1877 1827 2111 1880; x_wconf 82' lang='lat' dir='ltr'>feriores</span> <span class='ocrx_word' id='word_1_215' title='bbox 2138 1831 2193 1879; x_wconf 88' lang='lat' dir='ltr'>et</span> <span class='ocrx_word' id='word_1_216' title='bbox 2219 1826 2626 1896; x_wconf 79' lang='lat' dir='ltr'>imperitiores,</span> <span class='ocrx_word' id='word_1_217' title='bbox 2663 1825 2761 1896; x_wconf 89' lang='lat' dir='ltr'>qui</span> <span class='ocrx_word' id='word_1_218' title='bbox 2797 1830 2851 1879; x_wconf 89' lang='lat' dir='ltr'>et</span> <span class='ocrx_word' id='word_1_219' title='bbox 2882 1825 3067 1879; x_wconf 92' lang='lat' dir='ltr'>multo</span> <span class='ocrx_word' id='word_1_220' title='bbox 3126 1824 3301 1880; x_wconf 85' lang='lat' dir='ltr'>altius</span> <span class='ocrx_word' id='word_1_221' title='bbox 3360 1842 3522 1880; x_wconf 87' lang='lat' dir='ltr'>reso-</span> 
     </span>
    </p>
   </div>
   <div class='ocr_carea' id='block_1_33' title="bbox 122 1912 3522 2013">
    <p class='ocr_par' dir='ltr' id='par_1_33' title="bbox 122 1912 3522 2013">
     <span class='ocr_line' id='line_1_33' title="bbox 122 1912 3522 2013; baseline 0 -46"><span class='ocrx_word' id='word_1_222' title='bbox 122 1913 251 1967; x_wconf 89' lang='lat' dir='ltr'>hinc</span> <span class='ocrx_word' id='word_1_223' title='bbox 270 1912 807 1983; x_wconf 84' lang='lat' dir='ltr'>pergravissimum</span> <span class='ocrx_word' id='word_1_224' title='bbox 846 1914 1119 1985; x_wconf 85' lang='lat' dir='ltr'>deprimit</span> <span class='ocrx_word' id='word_1_225' title='bbox 1171 1916 1540 1981; x_wconf 86' lang='lat' dir='ltr'>descensum,</span> <span class='ocrx_word' id='word_1_226' title='bbox 1602 1919 1763 1984; x_wconf 88' lang='lat' dir='ltr'>proto</span> <span class='ocrx_word' id='word_1_227' title='bbox 1796 1950 1841 2013; x_wconf 83' lang='lat' dir='ltr'><strong>B</strong></span> <span class='ocrx_word' id='word_1_228' title='bbox 1884 1920 2001 1980; x_wconf 87' lang='lat' dir='ltr'>nat,</span> <span class='ocrx_word' id='word_1_229' title='bbox 2036 1919 2091 1969; x_wconf 93' lang='lat' dir='ltr'>et</span> <span class='ocrx_word' id='word_1_230' title='bbox 2114 1930 2412 1984; x_wconf 81' lang='lat' dir='ltr'>nunquam</span> <span class='ocrx_word' id='word_1_231' title='bbox 2438 1914 2697 1966; x_wconf 88' lang='lat' dir='ltr'>ruditum</span> <span class='ocrx_word' id='word_1_232' title='bbox 2733 1913 3077 1984; x_wconf 84' lang='lat' dir='ltr'>mugitu,vel</span> <span class='ocrx_word' id='word_1_233' title='bbox 3113 1913 3227 1967; x_wconf 86' lang='lat' dir='ltr'>alia</span> <span class='ocrx_word' id='word_1_234' title='bbox 3256 1912 3522 1984; x_wconf 83' lang='lat' dir='ltr'>qualibet</span> 
     </span>
    </p>
   </div>
   <div class='ocr_carea' id='block_1_34' title="bbox 122 2000 1763 2072">
    <p class='ocr_par' dir='ltr' id='par_1_34' title="bbox 122 2000 1763 2072">
     <span class='ocr_line' id='line_1_34' title="bbox 122 2000 1763 2072; baseline 0.001 -16"><span class='ocrx_word' id='word_1_235' title='bbox 122 2002 304 2056; x_wconf 86' lang='lat' dir='ltr'>adhuc</span> <span class='ocrx_word' id='word_1_236' title='bbox 338 2000 671 2072; x_wconf 86' lang='lat' dir='ltr'>specialiter</span> <span class='ocrx_word' id='word_1_237' title='bbox 694 2002 752 2055; x_wconf 90' lang='lat' dir='ltr'>in</span> <span class='ocrx_word' id='word_1_238' title='bbox 776 2018 841 2055; x_wconf 86' lang='lat' dir='ltr'>ea</span> <span class='ocrx_word' id='word_1_239' title='bbox 866 2002 1037 2056; x_wconf 78' lang='lat' dir='ltr'>tinem</span> <span class='ocrx_word' id='word_1_240' title='bbox 1064 2003 1333 2067; x_wconf 84' lang='lat' dir='ltr'>habente,</span> <span class='ocrx_word' id='word_1_241' title='bbox 1374 2004 1505 2057; x_wconf 90' lang='lat' dir='ltr'>inde</span> <span class='ocrx_word' id='word_1_242' title='bbox 1528 2005 1763 2057; x_wconf 83' lang='lat' dir='ltr'>eosdem</span> 
     </span>
    </p>
   </div>
   <div class='ocr_carea' id='block_1_35' title="bbox 122 2087 1762 2159">
    <p class='ocr_par' dir='ltr' id='par_1_35' title="bbox 122 2087 1762 2159">
     <span class='ocr_line' id='line_1_35' title="bbox 122 2087 1762 2159; baseline 0.002 -17"><span class='ocrx_word' id='word_1_243' title='bbox 122 2105 218 2159; x_wconf 89' lang='lat' dir='ltr'>per</span> <span class='ocrx_word' id='word_1_244' title='bbox 246 2087 608 2143; x_wconf 86' lang='lat' dir='ltr'>altissimum</span> <span class='ocrx_word' id='word_1_245' title='bbox 632 2088 817 2144; x_wconf 79' lang='lat' dir='ltr'>elevat</span> <span class='ocrx_word' id='word_1_246' title='bbox 843 2107 1171 2155; x_wconf 83' lang='lat' dir='ltr'>ascensum,</span> <span class='ocrx_word' id='word_1_247' title='bbox 1202 2092 1453 2145; x_wconf 83' lang='lat' dir='ltr'>tetrardo</span> <span class='ocrx_word' id='word_1_248' title='bbox 1489 2092 1675 2145; x_wconf 84' lang='lat' dir='ltr'>adhuc</span> <span class='ocrx_word' id='word_1_249' title='bbox 1707 2092 1762 2145; x_wconf 93' lang='lat' dir='ltr'>in</span> 
     </span>
    </p>
   </div>
   <div class='ocr_carea' id='block_1_36' title="bbox 119 2176 1763 2248">
    <p class='ocr_par' dir='ltr' id='par_1_36' title="bbox 119 2176 1763 2248">
     <span class='ocr_line' id='line_1_36' title="bbox 119 2176 1763 2248; baseline 0.002 -19"><span class='ocrx_word' id='word_1_250' title='bbox 119 2192 181 2229; x_wconf 87' lang='lat' dir='ltr'>ea</span> <span class='ocrx_word' id='word_1_251' title='bbox 229 2176 561 2231; x_wconf 45' lang='lat' dir='ltr'>strculomm</span> <span class='ocrx_word' id='word_1_252' title='bbox 623 2179 787 2230; x_wconf 70' lang='lat' dir='ltr'>Amen</span> <span class='ocrx_word' id='word_1_253' title='bbox 841 2178 1168 2248; x_wconf 78' lang='lat' dir='ltr'>specialiter</span> <span class='ocrx_word' id='word_1_254' title='bbox 1216 2179 1571 2233; x_wconf 77' lang='lat' dir='ltr'>modulante.</span> <span class='ocrx_word' id='word_1_255' title='bbox 1637 2180 1763 2232; x_wconf 51' lang='grc' dir='ltr'>Περί)</span> 
     </span>
    </p>
   </div>
   <div class='ocr_carea' id='block_1_37' title="bbox 120 2263 1763 2337">
    <p class='ocr_par' dir='ltr' id='par_1_37' title="bbox 120 2263 1763 2337">
     <span class='ocr_line' id='line_1_37' title="bbox 120 2263 1763 2337; baseline 0.003 -21"><span class='ocrx_word' id='word_1_256' title='bbox 120 2263 241 2318; x_wconf 89' lang='lat' dir='ltr'>ideo</span> <span class='ocrx_word' id='word_1_257' title='bbox 273 2265 531 2319; x_wconf 85' lang='lat' dir='ltr'>breviter</span> <span class='ocrx_word' id='word_1_258' title='bbox 560 2271 697 2319; x_wconf 90' lang='lat' dir='ltr'>sunt</span> <span class='ocrx_word' id='word_1_259' title='bbox 730 2266 1216 2337; x_wconf 78' lang='lat' dir='ltr'>recapitulata,&#39;ut</span> <span class='ocrx_word' id='word_1_260' title='bbox 1252 2286 1364 2321; x_wconf 86' lang='lat' dir='ltr'>uno</span> <span class='ocrx_word' id='word_1_261' title='bbox 1426 2269 1639 2321; x_wconf 83' lang='lat' dir='ltr'>intuitu</span> <span class='ocrx_word' id='word_1_262' title='bbox 1690 2269 1763 2321; x_wconf 88' lang='lat' dir='ltr'>le-</span> 
     </span>
    </p>
   </div>
   <div class='ocr_carea' id='block_1_38' title="bbox 120 2353 1762 2427">
    <p class='ocr_par' dir='ltr' id='par_1_38' title="bbox 120 2353 1762 2427">
     <span class='ocr_line' id='line_1_38' title="bbox 120 2353 1762 2427; baseline 0.002 -20"><span class='ocrx_word' id='word_1_263' title='bbox 120 2354 289 2407; x_wconf 88' lang='lat' dir='ltr'>ctoris</span> <span class='ocrx_word' id='word_1_264' title='bbox 321 2353 785 2424; x_wconf 69' lang='lat' dir='ltr'>oculisingesta,</span> <span class='ocrx_word' id='word_1_265' title='bbox 838 2358 1174 2427; x_wconf 87' lang='lat' dir='ltr'>promptiori</span> <span class='ocrx_word' id='word_1_266' title='bbox 1234 2364 1285 2409; x_wconf 88' lang='lat' dir='ltr'>et</span> <span class='ocrx_word' id='word_1_267' title='bbox 1336 2357 1609 2411; x_wconf 77' lang='lat' dir='ltr'>tenaciori</span> <span class='ocrx_word' id='word_1_268' title='bbox 1671 2375 1762 2411; x_wconf 83' lang='lat' dir='ltr'>ca-</span> 
     </span>
    </p>
   </div>
   <div class='ocr_carea' id='block_1_39' title="bbox 121 2442 684 2512">
    <p class='ocr_par' dir='ltr' id='par_1_39' title="bbox 121 2442 684 2512">
     <span class='ocr_line' id='line_1_39' title="bbox 121 2442 684 2512; baseline 0.004 -18"><span class='ocrx_word' id='word_1_269' title='bbox 121 2442 352 2512; x_wconf 84' lang='lat' dir='ltr'>piantur</span> <span class='ocrx_word' id='word_1_270' title='bbox 376 2445 684 2497; x_wconf 87' lang='lat' dir='ltr'>memoria.</span> 
     </span>
    </p>
   </div>
   <div class='ocr_carea' id='block_1_40' title="bbox 184 2531 1766 2603">
    <p class='ocr_par' dir='ltr' id='par_1_40' title="bbox 184 2531 1766 2603">
     <span class='ocr_line' id='line_1_40' title="bbox 184 2531 1766 2603; baseline 0.001 -18"><span class='ocrx_word' id='word_1_271' title='bbox 184 2531 427 2602; x_wconf 90' lang='lat' dir='ltr'>Oportct</span> <span class='ocrx_word' id='word_1_272' title='bbox 452 2537 645 2586; x_wconf 86' lang='lat' dir='ltr'>autem</span> <span class='ocrx_word' id='word_1_273' title='bbox 671 2551 773 2586; x_wconf 85' lang='lat' dir='ltr'>nos</span> <span class='ocrx_word' id='word_1_274' title='bbox 816 2534 983 2595; x_wconf 76' lang='lat' dir='ltr'>scire,</span> <span class='ocrx_word' id='word_1_275' title='bbox 1018 2536 1168 2603; x_wconf 80' lang='lat' dir='ltr'>quod</span> <span class='ocrx_word' id='word_1_276' title='bbox 1205 2536 1395 2587; x_wconf 76' lang='lat' dir='ltr'>omnis</span> <span class='ocrx_word' id='word_1_277' title='bbox 1431 2536 1663 2588; x_wconf 74' lang='lat' dir='ltr'>musicm</span> <span class='ocrx_word' id='word_1_278' title='bbox 1688 2552 1766 2587; x_wconf 88' lang='lat' dir='ltr'>ra-</span> 
     </span>
    </p>
   </div>
   <div class='ocr_carea' id='block_1_41' title="bbox 120 2619 1767 2691">
    <p class='ocr_par' dir='ltr' id='par_1_41' title="bbox 120 2619 1767 2691">
     <span class='ocr_line' id='line_1_41' title="bbox 120 2619 1767 2691; baseline 0.001 -18"><span class='ocrx_word' id='word_1_279' title='bbox 120 2619 288 2674; x_wconf 84' lang='lat' dir='ltr'>tionis</span> <span class='ocrx_word' id='word_1_280' title='bbox 322 2622 396 2675; x_wconf 85' lang='lat' dir='ltr'>ad</span> <span class='ocrx_word' id='word_1_281' title='bbox 432 2622 542 2675; x_wconf 76' lang='lat' dir='ltr'>hoc</span> <span class='ocrx_word' id='word_1_282' title='bbox 568 2626 791 2691; x_wconf 83' lang='lat' dir='ltr'>spectat</span> <span class='ocrx_word' id='word_1_283' title='bbox 840 2623 1081 2675; x_wconf 82' lang='lat' dir='ltr'>intentio</span> <span class='ocrx_word' id='word_1_284' title='bbox 1129 2629 1190 2676; x_wconf 90' lang='lat' dir='ltr'>ut</span> <span class='ocrx_word' id='word_1_285' title='bbox 1245 2624 1541 2676; x_wconf 67' lang='lat' dir='ltr'>cantilena)</span> <span class='ocrx_word' id='word_1_286' title='bbox 1604 2623 1767 2676; x_wconf 86' lang='lat' dir='ltr'>ratio-</span> 
     </span>
    </p>
   </div>
   <div class='ocr_carea' id='block_1_42' title="bbox 118 2708 1762 2781">
    <p class='ocr_par' dir='ltr' id='par_1_42' title="bbox 118 2708 1762 2781">
     <span class='ocr_line' id='line_1_42' title="bbox 118 2708 1762 2781; baseline 0.001 -19"><span class='ocrx_word' id='word_1_287' title='bbox 118 2708 389 2765; x_wconf 88' lang='lat' dir='ltr'>nabiliter</span> <span class='ocrx_word' id='word_1_288' title='bbox 418 2712 860 2780; x_wconf 71' lang='lat' dir='ltr'>componendm,</span> <span class='ocrx_word' id='word_1_289' title='bbox 898 2712 1240 2781; x_wconf 72' lang='lat' dir='ltr'>regulariter</span> <span class='ocrx_word' id='word_1_290' title='bbox 1263 2712 1618 2779; x_wconf 69' lang='lat' dir='ltr'>judicandm,</span> <span class='ocrx_word' id='word_1_291' title='bbox 1667 2712 1762 2764; x_wconf 83' lang='lat' dir='ltr'>de-</span> 
     </span>
    </p>
   </div>
   <div class='ocr_carea' id='block_1_43' title="bbox 115 2798 1764 2871">
    <p class='ocr_par' dir='ltr' id='par_1_43' title="bbox 115 2798 1764 2871">
     <span class='ocr_line' id='line_1_43' title="bbox 115 2798 1764 2871; baseline 0.001 -21"><span class='ocrx_word' id='word_1_292' title='bbox 115 2804 306 2852; x_wconf 88' lang='lat' dir='ltr'>center</span> <span class='ocrx_word' id='word_1_293' title='bbox 337 2798 711 2853; x_wconf 71' lang='lat' dir='ltr'>modulandaz</span> <span class='ocrx_word' id='word_1_294' title='bbox 761 2800 1001 2853; x_wconf 81' lang='lat' dir='ltr'>scientia</span> <span class='ocrx_word' id='word_1_295' title='bbox 1050 2807 1451 2871; x_wconf 80' lang='lat' dir='ltr'>comparetur:</span> <span class='ocrx_word' id='word_1_296' title='bbox 1516 2816 1764 2869; x_wconf 84' lang='lat' dir='ltr'>quorum</span> 
     </span>
    </p>
   </div>
   <div class='ocr_carea' id='block_1_44' title="bbox 112 2886 1766 2955">
    <p class='ocr_par' dir='ltr' id='par_1_44' title="bbox 112 2886 1766 2955">
     <span class='ocr_line' id='line_1_44' title="bbox 112 2886 1766 2955; baseline 0.002 -17"><span class='ocrx_word' id='word_1_297' title='bbox 112 2886 283 2941; x_wconf 90' lang='lat' dir='ltr'>trium</span> <span class='ocrx_word' id='word_1_298' title='bbox 308 2888 404 2942; x_wconf 92' lang='lat' dir='ltr'>cui</span> <span class='ocrx_word' id='word_1_299' title='bbox 431 2888 681 2942; x_wconf 82' lang='lat' dir='ltr'>facultas</span> <span class='ocrx_word' id='word_1_300' title='bbox 707 2890 956 2955; x_wconf 77' lang='lat' dir='ltr'>affuerit,</span> <span class='ocrx_word' id='word_1_301' title='bbox 989 2890 1038 2943; x_wconf 89' lang='lat' dir='ltr'>is</span> <span class='ocrx_word' id='word_1_302' title='bbox 1074 2890 1305 2942; x_wconf 67' lang='lat' dir='ltr'>denum</span> <span class='ocrx_word' id='word_1_303' title='bbox 1330 2890 1591 2942; x_wconf 83' lang='lat' dir='ltr'>musicus</span> <span class='ocrx_word' id='word_1_304' title='bbox 1616 2892 1766 2941; x_wconf 84' lang='lat' dir='ltr'>recte</span> 
     </span>
    </p>
   </div>
   <div class='ocr_carea' id='block_1_45' title="bbox 113 2976 1766 3049">
    <p class='ocr_par' dir='ltr' id='par_1_45' title="bbox 113 2976 1766 3049">
     <span class='ocr_line' id='line_1_45' title="bbox 113 2976 1766 3049; baseline -0.001 -20"><span class='ocrx_word' id='word_1_305' title='bbox 113 2976 391 3032; x_wconf 89' lang='lat' dir='ltr'>dicendus</span> <span class='ocrx_word' id='word_1_306' title='bbox 425 2978 849 3032; x_wconf 55' lang='lat' dir='ltr'>erittketerum</span> <span class='ocrx_word' id='word_1_307' title='bbox 872 2995 983 3031; x_wconf 91' lang='lat' dir='ltr'>non</span> <span class='ocrx_word' id='word_1_308' title='bbox 1019 2979 1172 3049; x_wconf 66' lang='lat' dir='ltr'>parvi</span> <span class='ocrx_word' id='word_1_309' title='bbox 1204 2978 1505 3032; x_wconf 87' lang='lat' dir='ltr'>habendus</span> <span class='ocrx_word' id='word_1_310' title='bbox 1538 2977 1766 3047; x_wconf 87' lang='lat' dir='ltr'>estqui,</span> 
     </span>
    </p>
   </div>
   <div class='ocr_carea' id='block_1_46' title="bbox 114 3066 1763 3137">
    <p class='ocr_par' dir='ltr' id='par_1_46' title="bbox 114 3066 1763 3137">
     <span class='ocr_line' id='line_1_46' title="bbox 114 3066 1763 3137; baseline 0.001 -19"><span class='ocrx_word' id='word_1_311' title='bbox 114 3066 375 3121; x_wconf 89' lang='lat' dir='ltr'>nesciens</span> <span class='ocrx_word' id='word_1_312' title='bbox 401 3082 771 3136; x_wconf 87' lang='lat' dir='ltr'>componere,</span> <span class='ocrx_word' id='word_1_313' title='bbox 834 3072 1228 3137; x_wconf 87' lang='lat' dir='ltr'>competenter</span> <span class='ocrx_word' id='word_1_314' title='bbox 1275 3067 1429 3120; x_wconf 71' lang='lat' dir='ltr'>novit</span> <span class='ocrx_word' id='word_1_315' title='bbox 1477 3067 1763 3135; x_wconf 80' lang='lat' dir='ltr'>judicare.</span> 
     </span>
    </p>
   </div>
   <div class='ocr_carea' id='block_1_47' title="bbox 113 3153 1763 3221">
    <p class='ocr_par' dir='ltr' id='par_1_47' title="bbox 113 3153 1763 3221">
     <span class='ocr_line' id='line_1_47' title="bbox 113 3153 1763 3221; baseline 0.001 -15"><span class='ocrx_word' id='word_1_316' title='bbox 113 3153 279 3208; x_wconf 87' lang='lat' dir='ltr'>Porro</span> <span class='ocrx_word' id='word_1_317' title='bbox 312 3154 633 3219; x_wconf 85' lang='lat' dir='ltr'>terti0,hoc</span> <span class='ocrx_word' id='word_1_318' title='bbox 654 3155 1108 3221; x_wconf 86' lang='lat' dir='ltr'>est,modulandi</span> <span class='ocrx_word' id='word_1_319' title='bbox 1137 3155 1251 3208; x_wconf 89' lang='lat' dir='ltr'>imo</span> <span class='ocrx_word' id='word_1_320' title='bbox 1272 3155 1533 3208; x_wconf 82' lang='lat' dir='ltr'>ululamli</span> <span class='ocrx_word' id='word_1_321' title='bbox 1567 3155 1763 3207; x_wconf 82' lang='lat' dir='ltr'>studio</span> 
     </span>
    </p>
   </div>
   <div class='ocr_carea' id='block_1_48' title="bbox 114 3243 1765 3313">
    <p class='ocr_par' dir='ltr' id='par_1_48' title="bbox 114 3243 1765 3313">
     <span class='ocr_line' id='line_1_48' title="bbox 114 3243 1765 3313; baseline 0.001 -19"><span class='ocrx_word' id='word_1_322' title='bbox 114 3257 323 3297; x_wconf 71' lang='lat' dir='ltr'>czecum</span> <span class='ocrx_word' id='word_1_323' title='bbox 349 3244 907 3313; x_wconf 68' lang='lat' dir='ltr'>cantorum‘vulgus</span> <span class='ocrx_word' id='word_1_324' title='bbox 944 3249 1278 3313; x_wconf 77' lang='lat' dir='ltr'>occupatur,</span> <span class='ocrx_word' id='word_1_325' title='bbox 1307 3243 1525 3295; x_wconf 86' lang='lat' dir='ltr'>nullius</span> <span class='ocrx_word' id='word_1_326' title='bbox 1560 3243 1765 3295; x_wconf 82' lang='lat' dir='ltr'>rationi</span> 
     </span>
    </p>
   </div>
   <div class='ocr_carea' id='block_1_49' title="bbox 1875 2002 3515 2058">
    <p class='ocr_par' dir='ltr' id='par_1_49' title="bbox 1875 2002 3515 2058">
     <span class='ocr_line' id='line_1_49' title="bbox 1875 2002 3515 2058; baseline -0.001 0"><span class='ocrx_word' id='word_1_327' title='bbox 1875 2022 2007 2058; x_wconf 77' lang='lat' dir='ltr'>voce</span> <span class='ocrx_word' id='word_1_328' title='bbox 2030 2003 2349 2057; x_wconf 85' lang='lat' dir='ltr'>mutabit.0</span> <span class='ocrx_word' id='word_1_329' title='bbox 2368 2002 2633 2056; x_wconf 84' lang='lat' dir='ltr'>insanam</span> <span class='ocrx_word' id='word_1_330' title='bbox 2656 2002 2960 2056; x_wconf 87' lang='lat' dir='ltr'>hominum</span> <span class='ocrx_word' id='word_1_331' title='bbox 2980 2002 3272 2057; x_wconf 87' lang='lat' dir='ltr'>miseriam</span> <span class='ocrx_word' id='word_1_332' title='bbox 3299 2002 3311 2055; x_wconf 85' lang='lat' dir='ltr'>l</span> <span class='ocrx_word' id='word_1_333' title='bbox 3334 2003 3515 2057; x_wconf 86' lang='lat' dir='ltr'>Nemo</span> 
     </span>
    </p>
   </div>
   <div class='ocr_carea' id='block_1_50' title="bbox 1876 2090 3510 2163">
    <p class='ocr_par' dir='ltr' id='par_1_50' title="bbox 1876 2090 3510 2163">
     <span class='ocr_line' id='line_1_50' title="bbox 1876 2090 3510 2163; baseline -0.001 -16"><span class='ocrx_word' id='word_1_334' title='bbox 1876 2091 2167 2163; x_wconf 82' lang='lat' dir='ltr'>quippcin</span> <span class='ocrx_word' id='word_1_335' title='bbox 2203 2093 2603 2161; x_wconf 73' lang='lat' dir='ltr'>grammatica,</span> <span class='ocrx_word' id='word_1_336' title='bbox 2640 2107 2768 2161; x_wconf 70' lang='lat' dir='ltr'>qua:</span> <span class='ocrx_word' id='word_1_337' title='bbox 2814 2092 2884 2145; x_wconf 92' lang='lat' dir='ltr'>ad</span> <span class='ocrx_word' id='word_1_338' title='bbox 2941 2090 3219 2162; x_wconf 88' lang='lat' dir='ltr'>placitum</span> <span class='ocrx_word' id='word_1_339' title='bbox 3262 2094 3510 2157; x_wconf 88' lang='lat' dir='ltr'>constat,</span> 
     </span>
    </p>
   </div>
   <div class='ocr_carea' id='block_1_51' title="bbox 1874 2179 3508 2250">
    <p class='ocr_par' dir='ltr' id='par_1_51' title="bbox 1874 2179 3508 2250">
     <span class='ocr_line' id='line_1_51' title="bbox 1874 2179 3508 2250; baseline 0.001 -17"><span class='ocrx_word' id='word_1_340' title='bbox 1874 2181 2075 2234; x_wconf 81' lang='lat' dir='ltr'>vitium</span> <span class='ocrx_word' id='word_1_341' title='bbox 2100 2181 2429 2250; x_wconf 79' lang='lat' dir='ltr'>pat.itur;in</span> <span class='ocrx_word' id='word_1_342' title='bbox 2488 2180 2712 2233; x_wconf 82' lang='lat' dir='ltr'>musica</span> <span class='ocrx_word' id='word_1_343' title='bbox 2760 2196 3059 2249; x_wconf 72' lang='lat' dir='ltr'>vero,qu:e</span> <span class='ocrx_word' id='word_1_344' title='bbox 3117 2185 3206 2233; x_wconf 79' lang='lat' dir='ltr'>est</span> <span class='ocrx_word' id='word_1_345' title='bbox 3265 2179 3508 2235; x_wconf 90' lang='lat' dir='ltr'>omnino</span> 
     </span>
    </p>
   </div>
   <div class='ocr_carea' id='block_1_52' title="bbox 1876 2268 3513 2332">
    <p class='ocr_par' dir='ltr' id='par_1_52' title="bbox 1876 2268 3513 2332">
     <span class='ocr_line' id='line_1_52' title="bbox 1876 2268 3513 2332; baseline -0.002 -9"><span class='ocrx_word' id='word_1_346' title='bbox 1876 2270 2181 2332; x_wconf 81' lang='lat' dir='ltr'>naturalis,</span> <span class='ocrx_word' id='word_1_347' title='bbox 2217 2286 2418 2323; x_wconf 88' lang='lat' dir='ltr'>omnes</span> <span class='ocrx_word' id='word_1_348' title='bbox 2452 2270 2566 2322; x_wconf 85' lang='lat' dir='ltr'>fere</span> <span class='ocrx_word' id='word_1_349' title='bbox 2592 2286 2705 2323; x_wconf 89' lang='lat' dir='ltr'>non</span> <span class='ocrx_word' id='word_1_350' title='bbox 2732 2268 2921 2323; x_wconf 89' lang='lat' dir='ltr'>solum</span> <span class='ocrx_word' id='word_1_351' title='bbox 2982 2268 3120 2323; x_wconf 87' lang='lat' dir='ltr'>vitia</span> <span class='ocrx_word' id='word_1_352' title='bbox 3165 2285 3280 2323; x_wconf 89' lang='lat' dir='ltr'>non</span> <span class='ocrx_word' id='word_1_353' title='bbox 3330 2268 3513 2323; x_wconf 86' lang='lat' dir='ltr'>corri-</span> 
     </span>
    </p>
   </div>
   <div class='ocr_carea' id='block_1_53' title="bbox 1875 2357 2748 2427">
    <p class='ocr_par' dir='ltr' id='par_1_53' title="bbox 1875 2357 2748 2427">
     <span class='ocr_line' id='line_1_53' title="bbox 1875 2357 2748 2427; baseline -0.001 -17"><span class='ocrx_word' id='word_1_354' title='bbox 1875 2364 2036 2427; x_wconf 72' lang='lat' dir='ltr'>gunt,</span> <span class='ocrx_word' id='word_1_355' title='bbox 2073 2359 2168 2411; x_wconf 81' lang='lat' dir='ltr'>sed</span> <span class='ocrx_word' id='word_1_356' title='bbox 2206 2358 2381 2411; x_wconf 88' lang='lat' dir='ltr'>etiam</span> <span class='ocrx_word' id='word_1_357' title='bbox 2407 2357 2748 2410; x_wconf 84' lang='lat' dir='ltr'>defendunt.</span> 
     </span>
    </p>
   </div>
   <div class='ocr_carea' id='block_1_54' title="bbox 1948 2445 3523 2516">
    <p class='ocr_par' dir='ltr' id='par_1_54' title="bbox 1948 2445 3523 2516">
     <span class='ocr_line' id='line_1_54' title="bbox 1948 2445 3523 2516; baseline -0.001 -16"><span class='ocrx_word' id='word_1_358' title='bbox 1948 2448 2235 2500; x_wconf 67' lang='lat' dir='ltr'>Hactenus</span> <span class='ocrx_word' id='word_1_359' title='bbox 2255 2446 2345 2499; x_wconf 86' lang='lat' dir='ltr'>his</span> <span class='ocrx_word' id='word_1_360' title='bbox 2364 2446 2522 2515; x_wconf 78' lang='lat' dir='ltr'>plusj</span> <span class='ocrx_word' id='word_1_361' title='bbox 2536 2450 2662 2497; x_wconf 82' lang='lat' dir='ltr'>usto</span> <span class='ocrx_word' id='word_1_362' title='bbox 2678 2445 2979 2498; x_wconf 69' lang='lat' dir='ltr'>verbosius</span> <span class='ocrx_word' id='word_1_363' title='bbox 2999 2445 3343 2499; x_wconf 85' lang='lat' dir='ltr'>immoratus</span> <span class='ocrx_word' id='word_1_364' title='bbox 3367 2461 3523 2516; x_wconf 88' lang='lat' dir='ltr'>sum,</span> 
     </span>
    </p>
   </div>
   <div class='ocr_carea' id='block_1_55' title="bbox 1876 2533 3524 2604">
    <p class='ocr_par' dir='ltr' id='par_1_55' title="bbox 1876 2533 3524 2604">
     <span class='ocr_line' id='line_1_55' title="bbox 1876 2533 3524 2604; baseline 0 -16"><span class='ocrx_word' id='word_1_365' title='bbox 1876 2536 2015 2588; x_wconf 86' lang='lat' dir='ltr'>dum</span> <span class='ocrx_word' id='word_1_366' title='bbox 2045 2552 2134 2587; x_wconf 87' lang='lat' dir='ltr'>me</span> <span class='ocrx_word' id='word_1_367' title='bbox 2166 2535 2373 2587; x_wconf 83' lang='lat' dir='ltr'>horum</span> <span class='ocrx_word' id='word_1_368' title='bbox 2411 2535 2565 2604; x_wconf 63' lang='lat' dir='ltr'>piget</span> <span class='ocrx_word' id='word_1_369' title='bbox 2598 2533 3087 2603; x_wconf 68' lang='lat' dir='ltr'>pudetqueNunc</span> <span class='ocrx_word' id='word_1_370' title='bbox 3121 2542 3170 2588; x_wconf 85' lang='lat' dir='ltr'>te</span> <span class='ocrx_word' id='word_1_371' title='bbox 3226 2534 3524 2601; x_wconf 89' lang='lat' dir='ltr'>convenio,</span> 
     </span>
    </p>
   </div>
   <div class='ocr_carea' id='block_1_56' title="bbox 1877 2622 3529 2692">
    <p class='ocr_par' dir='ltr' id='par_1_56' title="bbox 1877 2622 3529 2692">
     <span class='ocr_line' id='line_1_56' title="bbox 1877 2622 3529 2692; baseline 0.001 -16"><span class='ocrx_word' id='word_1_372' title='bbox 1877 2625 1969 2692; x_wconf 87' lang='lat' dir='ltr'>qui</span> <span class='ocrx_word' id='word_1_373' title='bbox 1998 2624 2100 2676; x_wconf 81' lang='lat' dir='ltr'>hoc</span> <span class='ocrx_word' id='word_1_374' title='bbox 2126 2622 2463 2676; x_wconf 73' lang='lat' dir='ltr'>tlelectraris</span> <span class='ocrx_word' id='word_1_375' title='bbox 2497 2624 2715 2689; x_wconf 87' lang='lat' dir='ltr'>studio,</span> <span class='ocrx_word' id='word_1_376' title='bbox 2744 2627 2795 2676; x_wconf 89' lang='lat' dir='ltr'>te</span> <span class='ocrx_word' id='word_1_377' title='bbox 2830 2622 3161 2689; x_wconf 82' lang='lat' dir='ltr'>hortor,tihi</span> <span class='ocrx_word' id='word_1_378' title='bbox 3196 2624 3411 2678; x_wconf 86' lang='lat' dir='ltr'>suadeo</span> <span class='ocrx_word' id='word_1_379' title='bbox 3465 2627 3529 2677; x_wconf 89' lang='lat' dir='ltr'>ut</span> 
     </span>
    </p>
   </div>
   <div class='ocr_carea' id='block_1_57' title="bbox 1869 2711 3527 2782">
    <p class='ocr_par' dir='ltr' id='par_1_57' title="bbox 1869 2711 3527 2782">
     <span class='ocr_line' id='line_1_57' title="bbox 1869 2711 3527 2782; baseline 0.002 -19"><span class='ocrx_word' id='word_1_380' title='bbox 1869 2713 1992 2779; x_wconf 86' lang='lat' dir='ltr'>jam</span> <span class='ocrx_word' id='word_1_381' title='bbox 2019 2713 2170 2764; x_wconf 85' lang='lat' dir='ltr'>dicta</span> <span class='ocrx_word' id='word_1_382' title='bbox 2202 2717 2256 2764; x_wconf 89' lang='lat' dir='ltr'>et</span> <span class='ocrx_word' id='word_1_383' title='bbox 2288 2712 2561 2781; x_wconf 78' lang='lat' dir='ltr'>deinceps</span> <span class='ocrx_word' id='word_1_384' title='bbox 2603 2711 2851 2765; x_wconf 82' lang='lat' dir='ltr'>dicenda</span> <span class='ocrx_word' id='word_1_385' title='bbox 2900 2716 3017 2764; x_wconf 87' lang='lat' dir='ltr'>tam</span> <span class='ocrx_word' id='word_1_386' title='bbox 3078 2727 3292 2766; x_wconf 89' lang='lat' dir='ltr'>manus</span> <span class='ocrx_word' id='word_1_387' title='bbox 3349 2727 3527 2782; x_wconf 86' lang='lat' dir='ltr'>quam</span> 
     </span>
    </p>
   </div>
   <div class='ocr_carea' id='block_1_58' title="bbox 1876 2799 3526 2862">
    <p class='ocr_par' dir='ltr' id='par_1_58' title="bbox 1876 2799 3526 2862">
     <span class='ocr_line' id='line_1_58' title="bbox 1876 2799 3526 2862; baseline 0.002 -11"><span class='ocrx_word' id='word_1_388' title='bbox 1876 2801 2031 2853; x_wconf 69' lang='lat' dir='ltr'>vocis</span> <span class='ocrx_word' id='word_1_389' title='bbox 2075 2800 2533 2862; x_wconf 73' lang='lat' dir='ltr'>comprehcndas</span> <span class='ocrx_word' id='word_1_390' title='bbox 2566 2800 2854 2853; x_wconf 82' lang='lat' dir='ltr'>exercitio.</span> <span class='ocrx_word' id='word_1_391' title='bbox 2888 2799 3138 2853; x_wconf 83' lang='lat' dir='ltr'>Maxime</span> <span class='ocrx_word' id='word_1_392' title='bbox 3158 2804 3351 2853; x_wconf 88' lang='lat' dir='ltr'>tamen</span> <span class='ocrx_word' id='word_1_393' title='bbox 3400 2802 3526 2854; x_wconf 88' lang='lat' dir='ltr'>tro-</span> 
     </span>
    </p>
   </div>
   <div class='ocr_carea' id='block_1_59' title="bbox 1879 2886 3529 2959">
    <p class='ocr_par' dir='ltr' id='par_1_59' title="bbox 1879 2886 3529 2959">
     <span class='ocr_line' id='line_1_59' title="bbox 1879 2886 3529 2959; baseline 0.002 -19"><span class='ocrx_word' id='word_1_394' title='bbox 1879 2905 2082 2958; x_wconf 90' lang='lat' dir='ltr'>porum</span> <span class='ocrx_word' id='word_1_395' title='bbox 2119 2889 2219 2941; x_wconf 86' lang='lat' dir='ltr'>tibi</span> <span class='ocrx_word' id='word_1_396' title='bbox 2255 2906 2402 2941; x_wconf 78' lang='lat' dir='ltr'>curae</span> <span class='ocrx_word' id='word_1_397' title='bbox 2422 2890 2497 2942; x_wconf 84' lang='lat' dir='ltr'>sit</span> <span class='ocrx_word' id='word_1_398' title='bbox 2521 2888 3004 2959; x_wconf 74' lang='lat' dir='ltr'>agnitio,propter</span> <span class='ocrx_word' id='word_1_399' title='bbox 3027 2906 3174 2959; x_wconf 91' lang='lat' dir='ltr'>quos</span> <span class='ocrx_word' id='word_1_400' title='bbox 3194 2888 3312 2942; x_wconf 85' lang='lat' dir='ltr'>fere</span> <span class='ocrx_word' id='word_1_401' title='bbox 3333 2886 3529 2943; x_wconf 90' lang='lat' dir='ltr'>omnis</span> 
     </span>
    </p>
   </div>
   <div class='ocr_carea' id='block_1_60' title="bbox 1881 2975 3529 3048">
    <p class='ocr_par' dir='ltr' id='par_1_60' title="bbox 1881 2975 3529 3048">
     <span class='ocr_line' id='line_1_60' title="bbox 1881 2975 3529 3048; baseline 0.001 -19"><span class='ocrx_word' id='word_1_402' title='bbox 1881 2978 2115 3031; x_wconf 73' lang='lat' dir='ltr'>musicae</span> <span class='ocrx_word' id='word_1_403' title='bbox 2142 2977 2365 3031; x_wconf 83' lang='lat' dir='ltr'>laborat</span> <span class='ocrx_word' id='word_1_404' title='bbox 2389 2978 2649 3031; x_wconf 86' lang='lat' dir='ltr'>intentio.</span> <span class='ocrx_word' id='word_1_405' title='bbox 2674 2978 2756 3031; x_wconf 91' lang='lat' dir='ltr'>Ad</span> <span class='ocrx_word' id='word_1_406' title='bbox 2776 2994 2951 3047; x_wconf 89' lang='lat' dir='ltr'>quam</span> <span class='ocrx_word' id='word_1_407' title='bbox 2977 2994 3099 3031; x_wconf 91' lang='lat' dir='ltr'>rem</span> <span class='ocrx_word' id='word_1_408' title='bbox 3126 2975 3376 3031; x_wconf 89' lang='lat' dir='ltr'>multum</span> <span class='ocrx_word' id='word_1_409' title='bbox 3401 2992 3529 3048; x_wconf 88' lang='lat' dir='ltr'>pro-</span> 
     </span>
    </p>
   </div>
   <div class='ocr_carea' id='block_1_61' title="bbox 1879 3065 3532 3137">
    <p class='ocr_par' dir='ltr' id='par_1_61' title="bbox 1879 3065 3532 3137">
     <span class='ocr_line' id='line_1_61' title="bbox 1879 3065 3532 3137; baseline 0.001 -19"><span class='ocrx_word' id='word_1_410' title='bbox 1879 3067 2051 3131; x_wconf 88' lang='lat' dir='ltr'>derit,</span> <span class='ocrx_word' id='word_1_411' title='bbox 2087 3067 2133 3120; x_wconf 91' lang='lat' dir='ltr'>si</span> <span class='ocrx_word' id='word_1_412' title='bbox 2167 3066 2297 3136; x_wconf 88' lang='lat' dir='ltr'>quis</span> <span class='ocrx_word' id='word_1_413' title='bbox 2330 3067 2593 3137; x_wconf 85' lang='lat' dir='ltr'>preprias</span> <span class='ocrx_word' id='word_1_414' title='bbox 2620 3067 2907 3137; x_wconf 88' lang='lat' dir='ltr'>cujusque</span> <span class='ocrx_word' id='word_1_415' title='bbox 2939 3066 3207 3137; x_wconf 88' lang='lat' dir='ltr'>diapente</span> <span class='ocrx_word' id='word_1_416' title='bbox 3238 3069 3294 3120; x_wconf 87' lang='lat' dir='ltr'>et</span> <span class='ocrx_word' id='word_1_417' title='bbox 3322 3065 3532 3120; x_wconf 85' lang='lat' dir='ltr'>diates-</span> 
     </span>
    </p>
   </div>
   <div class='ocr_carea' id='block_1_62' title="bbox 1882 3154 3527 3225">
    <p class='ocr_par' dir='ltr' id='par_1_62' title="bbox 1882 3154 3527 3225">
     <span class='ocr_line' id='line_1_62' title="bbox 1882 3154 3527 3225; baseline 0 -17"><span class='ocrx_word' id='word_1_418' title='bbox 1882 3172 2050 3208; x_wconf 89' lang='lat' dir='ltr'>saron</span> <span class='ocrx_word' id='word_1_419' title='bbox 2090 3156 2310 3223; x_wconf 80' lang='lat' dir='ltr'>species</span> <span class='ocrx_word' id='word_1_420' title='bbox 2342 3160 2458 3209; x_wconf 85' lang='lat' dir='ltr'>tam</span> <span class='ocrx_word' id='word_1_421' title='bbox 2487 3155 2869 3209; x_wconf 87' lang='lat' dir='ltr'>monocbordi</span> <span class='ocrx_word' id='word_1_422' title='bbox 2894 3172 3071 3225; x_wconf 86' lang='lat' dir='ltr'>quam</span> <span class='ocrx_word' id='word_1_423' title='bbox 3094 3154 3398 3210; x_wconf 71' lang='lat' dir='ltr'>vivaavocis</span> <span class='ocrx_word' id='word_1_424' title='bbox 3416 3170 3527 3209; x_wconf 90' lang='lat' dir='ltr'>usu</span> 
     </span>
    </p>
   </div>
   <div class='ocr_carea' id='block_1_63' title="bbox 1883 3243 3530 3315">
    <p class='ocr_par' dir='ltr' id='par_1_63' title="bbox 1883 3243 3530 3315">
     <span class='ocr_line' id='line_1_63' title="bbox 1883 3243 3530 3315; baseline 0.002 -20"><span class='ocrx_word' id='word_1_425' title='bbox 1883 3244 2171 3295; x_wconf 66' lang='lat' dir='ltr'>memoria:</span> <span class='ocrx_word' id='word_1_426' title='bbox 2214 3244 2608 3298; x_wconf 82' lang='lat' dir='ltr'>inculcaverit.</span> <span class='ocrx_word' id='word_1_427' title='bbox 2642 3244 2765 3297; x_wconf 82' lang='lat' dir='ltr'>Non</span> <span class='ocrx_word' id='word_1_428' title='bbox 2826 3244 3260 3315; x_wconf 87' lang='lat' dir='ltr'>enimquemvis</span> <span class='ocrx_word' id='word_1_429' title='bbox 3281 3243 3530 3299; x_wconf 86' lang='lat' dir='ltr'>audiens</span> 
     </span>
    </p>
   </div>
   <div class='ocr_carea' id='block_1_64' title="bbox 115 3315 3525 3403">
    <p class='ocr_par' dir='ltr' id='par_1_64' title="bbox 115 3315 3525 3403">
     <span class='ocr_line' id='line_1_64' title="bbox 115 3315 3525 3403; baseline 0.001 -19"><span class='ocrx_word' id='word_1_430' title='bbox 115 3332 341 3397; x_wconf 88' lang='lat' dir='ltr'>cedens,</span> <span class='ocrx_word' id='word_1_431' title='bbox 378 3331 613 3386; x_wconf 89' lang='lat' dir='ltr'>nullius</span> <span class='ocrx_word' id='word_1_432' title='bbox 637 3333 932 3386; x_wconf 68' lang='lat' dir='ltr'>sententize</span> <span class='ocrx_word' id='word_1_433' title='bbox 967 3334 1378 3403; x_wconf 82' lang='lat' dir='ltr'>acquiescens;</span> <span class='ocrx_word' id='word_1_434' title='bbox 1414 3332 1556 3385; x_wconf 89' lang='lat' dir='ltr'>illud</span> <span class='ocrx_word' id='word_1_435' title='bbox 1592 3332 1765 3384; x_wconf 88' lang='lat' dir='ltr'>etiam</span> <span class='ocrx_word' id='word_1_436' title='bbox 1801 3315 1842 3380; x_wconf 65' lang='grc' dir='ltr'>(ἶ</span> <span class='ocrx_word' id='word_1_437' title='bbox 1884 3336 2137 3402; x_wconf 84' lang='lat' dir='ltr'>tropum,</span> <span class='ocrx_word' id='word_1_438' title='bbox 2174 3333 2305 3401; x_wconf 87' lang='lat' dir='ltr'>quis</span> <span class='ocrx_word' id='word_1_439' title='bbox 2340 3334 2434 3399; x_wconf 90' lang='lat' dir='ltr'>sit,</span> <span class='ocrx_word' id='word_1_440' title='bbox 2475 3334 2872 3387; x_wconf 82' lang='lat' dir='ltr'>indubitanter</span> <span class='ocrx_word' id='word_1_441' title='bbox 2893 3333 3269 3402; x_wconf 89' lang='lat' dir='ltr'>pronuntiare</span> <span class='ocrx_word' id='word_1_442' title='bbox 3290 3333 3525 3402; x_wconf 88' lang='lat' dir='ltr'>poterit,</span> 
     </span>
    </p>
   </div>
   <div class='ocr_carea' id='block_1_65' title="bbox 1881 3420 3527 3491">
    <p class='ocr_par' dir='ltr' id='par_1_65' title="bbox 1881 3420 3527 3491">
     <span class='ocr_line' id='line_1_65' title="bbox 1881 3420 3527 3491; baseline 0.001 -17"><span class='ocrx_word' id='word_1_443' title='bbox 1881 3420 1992 3474; x_wconf 84' lang='lat' dir='ltr'>nisi</span> <span class='ocrx_word' id='word_1_444' title='bbox 2010 3421 2133 3489; x_wconf 86' lang='lat' dir='ltr'>jam</span> <span class='ocrx_word' id='word_1_445' title='bbox 2168 3422 2339 3475; x_wconf 86' lang='lat' dir='ltr'>dictis</span> <span class='ocrx_word' id='word_1_446' title='bbox 2363 3426 2415 3475; x_wconf 89' lang='lat' dir='ltr'>et</span> <span class='ocrx_word' id='word_1_447' title='bbox 2448 3421 2722 3491; x_wconf 86' lang='lat' dir='ltr'>deinceps</span> <span class='ocrx_word' id='word_1_448' title='bbox 2741 3420 3002 3475; x_wconf 89' lang='lat' dir='ltr'>dicendis</span> <span class='ocrx_word' id='word_1_449' title='bbox 3026 3421 3124 3474; x_wconf 91' lang='lat' dir='ltr'>diu</span> <span class='ocrx_word' id='word_1_450' title='bbox 3150 3420 3527 3491; x_wconf 86' lang='lat' dir='ltr'>multumque</span> 
     </span>
    </p>
   </div>
   <div class='ocr_carea' id='block_1_66' title="bbox 1885 3508 3533 3579">
    <p class='ocr_par' dir='ltr' id='par_1_66' title="bbox 1885 3508 3533 3579">
     <span class='ocr_line' id='line_1_66' title="bbox 1885 3508 3533 3579; baseline 0.001 -16"><span class='ocrx_word' id='word_1_451' title='bbox 1885 3509 2229 3563; x_wconf 83' lang='lat' dir='ltr'>exercitatus</span> <span class='ocrx_word' id='word_1_452' title='bbox 2264 3510 2459 3563; x_wconf 86' lang='lat' dir='ltr'>fuerit.</span> <span class='ocrx_word' id='word_1_453' title='bbox 2497 3510 2589 3563; x_wconf 89' lang='lat' dir='ltr'>Sic</span> <span class='ocrx_word' id='word_1_454' title='bbox 2620 3527 2753 3579; x_wconf 85' lang='lat' dir='ltr'>ergo</span> <span class='ocrx_word' id='word_1_455' title='bbox 2787 3526 2991 3564; x_wconf 88' lang='lat' dir='ltr'>susum</span> <span class='ocrx_word' id='word_1_456' title='bbox 3017 3509 3288 3579; x_wconf 88' lang='lat' dir='ltr'>etjusum</span> <span class='ocrx_word' id='word_1_457' title='bbox 3319 3508 3533 3564; x_wconf 83' lang='lat' dir='ltr'>diates-</span> 
     </span>
    </p>
   </div>
   <div class='ocr_carea' id='block_1_67' title="bbox 1889 3597 2687 3667">
    <p class='ocr_par' dir='ltr' id='par_1_67' title="bbox 1889 3597 2687 3667">
     <span class='ocr_line' id='line_1_67' title="bbox 1889 3597 2687 3667; baseline 0.001 -16"><span class='ocrx_word' id='word_1_458' title='bbox 1889 3613 2057 3651; x_wconf 88' lang='lat' dir='ltr'>saron</span> <span class='ocrx_word' id='word_1_459' title='bbox 2093 3598 2316 3667; x_wconf 80' lang='lat' dir='ltr'>species</span> <span class='ocrx_word' id='word_1_460' title='bbox 2356 3597 2687 3653; x_wconf 87' lang='lat' dir='ltr'>modulare:</span> 
     </span>
    </p>
   </div>
   <div class='ocr_carea' id='block_1_68' title="bbox 117 3420 1767 3492">
    <p class='ocr_par' dir='ltr' id='par_1_68' title="bbox 117 3420 1767 3492">
     <span class='ocr_line' id='line_1_68' title="bbox 117 3420 1767 3492; baseline 0.001 -21"><span class='ocrx_word' id='word_1_461' title='bbox 117 3434 222 3475; x_wconf 88' lang='lat' dir='ltr'>non</span> <span class='ocrx_word' id='word_1_462' title='bbox 258 3422 435 3492; x_wconf 91' lang='lat' dir='ltr'>quasi</span> <span class='ocrx_word' id='word_1_463' title='bbox 465 3422 860 3492; x_wconf 86' lang='lat' dir='ltr'>proverbium,</span> <span class='ocrx_word' id='word_1_464' title='bbox 887 3421 983 3475; x_wconf 87' lang='lat' dir='ltr'>sed</span> <span class='ocrx_word' id='word_1_465' title='bbox 1016 3421 1180 3491; x_wconf 86' lang='lat' dir='ltr'>quasi</span> <span class='ocrx_word' id='word_1_466' title='bbox 1205 3420 1431 3491; x_wconf 77' lang='lat' dir='ltr'>legibus</span> <span class='ocrx_word' id='word_1_467' title='bbox 1484 3420 1767 3473; x_wconf 86' lang='lat' dir='ltr'>indictum</span> 
     </span>
    </p>
   </div>
   <div class='ocr_carea' id='block_1_69' title="bbox 116 3507 1769 3581">
    <p class='ocr_par' dir='ltr' id='par_1_69' title="bbox 116 3507 1769 3581">
     <span class='ocr_line' id='line_1_69' title="bbox 116 3507 1769 3581; baseline 0.001 -22"><span class='ocrx_word' id='word_1_468' title='bbox 116 3507 771 3581; x_wconf 78' lang='lat' dir='ltr'>fre&#39;quentans,verbum</span> <span class='ocrx_word' id='word_1_469' title='bbox 791 3528 1003 3564; x_wconf 90' lang='lat' dir='ltr'>neuma</span> <span class='ocrx_word' id='word_1_470' title='bbox 1021 3511 1187 3581; x_wconf 87' lang='lat' dir='ltr'>quasi</span> <span class='ocrx_word' id='word_1_471' title='bbox 1207 3527 1535 3572; x_wconf 90' lang='lat' dir='ltr'>nemo,cum</span> <span class='ocrx_word' id='word_1_472' title='bbox 1577 3512 1769 3563; x_wconf 76' lang='lat' dir='ltr'>tiraeco</span> 
     </span>
    </p>
   </div>
   <div class='ocr_carea' id='block_1_70' title="bbox 114 3595 1772 3671">
    <p class='ocr_par' dir='ltr' id='par_1_70' title="bbox 114 3595 1772 3671">
     <span class='ocr_line' id='line_1_70' title="bbox 114 3595 1772 3671; baseline -0.002 -20"><span class='ocrx_word' id='word_1_473' title='bbox 114 3595 335 3671; x_wconf 88' lang='lat' dir='ltr'>eloquio</span> <span class='ocrx_word' id='word_1_474' title='bbox 360 3616 590 3655; x_wconf 87' lang='lat' dir='ltr'>neuma</span> <span class='ocrx_word' id='word_1_475' title='bbox 612 3599 779 3670; x_wconf 88' lang='lat' dir='ltr'>quasi</span> <span class='ocrx_word' id='word_1_476' title='bbox 814 3598 1219 3667; x_wconf 82' lang='lat' dir='ltr'>noeumane,id</span> <span class='ocrx_word' id='word_1_477' title='bbox 1246 3603 1331 3652; x_wconf 90' lang='lat' dir='ltr'>est</span> <span class='ocrx_word' id='word_1_478' title='bbox 1370 3600 1535 3666; x_wconf 72' lang='lat' dir='ltr'>ﬂutas</span> <span class='ocrx_word' id='word_1_479' title='bbox 1582 3611 1772 3650; x_wconf 64' lang='lat' dir='ltr'>(mrca-</span> 
     </span>
    </p>
   </div>
   <div class='ocr_carea' id='block_1_71' title="bbox 1248 3838 1495 3890">
    <p class='ocr_par' dir='ltr' id='par_1_71' title="bbox 1248 3838 1495 3890">
     <span class='ocr_line' id='line_1_71' title="bbox 1248 3838 1495 3890; baseline -0.012 0"><span class='ocrx_word' id='word_1_480' title='bbox 1248 3838 1495 3890; x_wconf 43' lang='lat' dir='ltr'>‘Denterb.</span> 
     </span>
    </p>
   </div>
   <div class='ocr_carea' id='block_1_72' title="bbox 159 3772 1763 4374">
    <p class='ocr_par' dir='ltr' id='par_1_72' title="bbox 194 3831 1693 4337">
     <span class='ocr_line' id='line_1_72' title="bbox 450 3831 1495 3895; baseline -0.002 -6"><span class='ocrx_word' id='word_1_481' title='bbox 450 3831 653 3895; x_wconf 56' lang='grc' dir='ltr'><strong>Μ</strong></span> <span class='ocrx_word' id='word_1_482' title='bbox 1248 3838 1495 3890; x_wconf 60' lang='grc' dir='ltr'>ιῦριιῐυεὸ.</span> 
     </span>
     <span class='ocr_line' id='line_1_73' title="bbox 236 3979 1693 4337; baseline 0.001 -154"><span class='ocrx_word' id='word_1_483' title='bbox 236 4097 280 4183; x_wconf 65' lang='grc' dir='ltr'>ξ</span> <span class='ocrx_word' id='word_1_484' title='bbox 432 4101 478 4157; x_wconf 84' lang='lat' dir='ltr'>c</span> <span class='ocrx_word' id='word_1_485' title='bbox 549 4032 573 4337; x_wconf 63' lang='grc' dir='ltr'><strong><em>Ι</em></strong></span> <span class='ocrx_word' id='word_1_486' title='bbox 630 4101 671 4155; x_wconf 75' lang='grc' dir='ltr'>ε</span> <span class='ocrx_word' id='word_1_487' title='bbox 814 4082 852 4182; x_wconf 73' lang='grc' dir='ltr'>Ξ</span> <span class='ocrx_word' id='word_1_488' title='bbox 1283 4028 1392 4335; x_wconf 52' lang='lat' dir='ltr'>BI</span> <span class='ocrx_word' id='word_1_489' title='bbox 1462 4103 1500 4154; x_wconf 81' lang='grc' dir='ltr'>ο</span> <span class='ocrx_word' id='word_1_490' title='bbox 1571 3979 1586 4329; x_wconf 59' lang='grc' dir='ltr'><strong>ι</strong></span> 
     </span>
     <span class='ocr_line' id='line_1_74' title="bbox 194 4169 1681 4246; baseline -0.002 0"><span class='ocrx_word' id='word_1_491' title='bbox 194 4188 277 4246; x_wconf 72' lang='grc' dir='ltr'>Ξ.</span> <span class='ocrx_word' id='word_1_492' title='bbox 426 4170 474 4224; x_wconf 81' lang='grc' dir='ltr'><strong>Β</strong></span> <span class='ocrx_word' id='word_1_493' title='bbox 629 4170 668 4222; x_wconf 81' lang='grc' dir='ltr'>Β</span> <span class='ocrx_word' id='word_1_494' title='bbox 812 4189 854 4242; x_wconf 66' lang='lat'>&#39;6:</span> <span class='ocrx_word' id='word_1_495' title='bbox 1081 4190 1132 4241; x_wconf 80' lang='grc' dir='ltr'>,Ξ</span> <span class='ocrx_word' id='word_1_496' title='bbox 1276 4169 1315 4222; x_wconf 84' lang='lat' dir='ltr'>C</span> <span class='ocrx_word' id='word_1_497' title='bbox 1462 4170 1501 4221; x_wconf 82' lang='lat' dir='ltr'><strong>C</strong></span> <span class='ocrx_word' id='word_1_498' title='bbox 1644 4193 1681 4243; x_wconf 71' lang='lat' dir='ltr'>zz</span> 
     </span>
     <span class='ocr_line' id='line_1_75' title="bbox 429 4238 1680 4307; baseline 0 -12"><span class='ocrx_word' id='word_1_499' title='bbox 429 4239 477 4295; x_wconf 76' lang='grc' dir='ltr'><strong>Α</strong></span> <span class='ocrx_word' id='word_1_500' title='bbox 628 4238 666 4290; x_wconf 83' lang='grc' dir='ltr'><strong>Α</strong></span> <span class='ocrx_word' id='word_1_501' title='bbox 814 4243 882 4307; x_wconf 69' lang='grc' dir='ltr'>ς»,</span> <span class='ocrx_word' id='word_1_502' title='bbox 1280 4238 1319 4291; x_wconf 90' lang='lat' dir='ltr'><strong>B</strong></span> <span class='ocrx_word' id='word_1_503' title='bbox 1460 4238 1498 4289; x_wconf 80' lang='grc' dir='ltr'>Β</span> <span class='ocrx_word' id='word_1_504' title='bbox 1644 4248 1680 4295; x_wconf 72' lang='grc' dir='ltr'>ευ</span> 
     </span>
    </p>
   </div>
   <div class='ocr_carea' id='block_1_73' title="bbox 1820 3779 3401 4370">
    <p class='ocr_par' dir='ltr' id='par_1_73' title="bbox 2124 3796 3397 3894">
     <span class='ocr_line' id='line_1_76' title="bbox 2124 3796 3397 3894; baseline -0.002 -2"><span class='ocrx_word' id='word_1_505' title='bbox 2124 3841 2275 3892; x_wconf 85' lang='lat' dir='ltr'>Triti.</span> <span class='ocrx_word' id='word_1_506' title='bbox 2702 3846 2765 3874; x_wconf 63' lang='grc' dir='ltr'>’ν</span> <span class='ocrx_word' id='word_1_507' title='bbox 2891 3837 3147 3894; x_wconf 54' lang='lat' dir='ltr'>Teir-arei.</span> <span class='ocrx_word' id='word_1_508' title='bbox 3388 3796 3397 3881; x_wconf 72' lang='lat' dir='ltr'>i</span> 
     </span>
    </p>

    <p class='ocr_par' dir='ltr' id='par_1_74' title="bbox 2182 3941 3365 4021">
     <span class='ocr_line' id='line_1_77' title="bbox 2182 3941 3365 4021; baseline -0.003 0"><span class='ocrx_word' id='word_1_509' title='bbox 2182 3970 2219 4021; x_wconf 79' lang='lat' dir='ltr'><strong>F</strong></span> <span class='ocrx_word' id='word_1_510' title='bbox 2683 3941 3365 4019; x_wconf 40' lang='lat' dir='ltr'>“Tw”—</span> 
     </span>
    </p>

    <p class='ocr_par' dir='ltr' id='par_1_75' title="bbox 2456 4034 3326 4082">
     <span class='ocr_line' id='line_1_78' title="bbox 2456 4034 3326 4082; baseline -0.005 0"><span class='ocrx_word' id='word_1_511' title='bbox 2456 4039 2509 4082; x_wconf 66' lang='grc' dir='ltr'>ππ</span> <span class='ocrx_word' id='word_1_512' title='bbox 2729 4034 2764 4061; x_wconf 72' lang='grc' dir='ltr'>ω</span> <span class='ocrx_word' id='word_1_513' title='bbox 3276 4037 3326 4078; x_wconf 58' lang='grc' dir='ltr'>ες</span> 
     </span>
    </p>

    <p class='ocr_par' dir='ltr' id='par_1_76' title="bbox 1892 3785 3396 4361">
     <span class='ocr_line' id='line_1_79' title="bbox 1907 3785 3396 4361; baseline -0.012 -194"><span class='ocrx_word' id='word_1_514' title='bbox 1907 3952 2491 4343; x_wconf 53' lang='lat' dir='ltr'>Eleis“;</span> 
     </span>
     <span class='ocr_line' id='line_1_80' title="bbox 1892 4172 3328 4249; baseline -0.003 -22"><span class='ocrx_word' id='word_1_515' title='bbox 1892 4173 1944 4249; x_wconf 66' lang='grc' dir='ltr'>Ξ</span> <span class='ocrx_word' id='word_1_516' title='bbox 2089 4176 2129 4226; x_wconf 88' lang='lat' dir='ltr'><strong>D</strong></span> <span class='ocrx_word' id='word_1_517' title='bbox 2273 4176 2311 4227; x_wconf 80' lang='grc' dir='ltr'>ἰ)</span> <span class='ocrx_word' id='word_1_518' title='bbox 2711 4190 2762 4241; x_wconf 67' lang='grc' dir='ltr'><em>Ξ</em></span> <span class='ocrx_word' id='word_1_519' title='bbox 2911 4172 2948 4223; x_wconf 79' lang='grc' dir='ltr'>Ε</span> <span class='ocrx_word' id='word_1_520' title='bbox 3094 4173 3130 4223; x_wconf 76' lang='grc' dir='ltr'>Ε</span> 
     </span>
     <span class='ocr_line' id='line_1_81' title="bbox 2090 4240 3314 4298; baseline -0.002 -1"><span class='ocrx_word' id='word_1_521' title='bbox 2090 4244 2130 4298; x_wconf 83' lang='lat' dir='ltr'><strong>C</strong></span> <span class='ocrx_word' id='word_1_522' title='bbox 2271 4242 2309 4296; x_wconf 83' lang='lat' dir='ltr'>C</span> <span class='ocrx_word' id='word_1_523' title='bbox 2454 4249 2491 4297; x_wconf 77' lang='grc' dir='ltr'>ςο</span> <span class='ocrx_word' id='word_1_524' title='bbox 2808 4268 2811 4270; x_wconf 94' lang='grc'>·</span> <span class='ocrx_word' id='word_1_525' title='bbox 2908 4241 2948 4293; x_wconf 86' lang='lat' dir='ltr'>D</span> <span class='ocrx_word' id='word_1_526' title='bbox 3099 4240 3137 4292; x_wconf 87' lang='lat' dir='ltr'>D</span> <span class='ocrx_word' id='word_1_527' title='bbox 3278 4251 3314 4294; x_wconf 60' lang='grc' dir='ltr'><em>Ῥ</em></span> 
     </span>
    </p>
   </div>
   <div class='ocr_carea' id='block_1_74' title="bbox 169 4483 3528 4563">
    <p class='ocr_par' dir='ltr' id='par_1_77' title="bbox 169 4483 3528 4563">
     <span class='ocr_line' id='line_1_82' title="bbox 169 4483 3528 4563; baseline 0.004 -26"><span class='ocrx_word' id='word_1_528' title='bbox 169 4483 452 4551; x_wconf 84' lang='lat' dir='ltr'>Videsne,</span> <span class='ocrx_word' id='word_1_529' title='bbox 479 4491 553 4542; x_wconf 85' lang='lat' dir='ltr'>ut</span> <span class='ocrx_word' id='word_1_530' title='bbox 582 4504 787 4543; x_wconf 90' lang='lat' dir='ltr'>omnes</span> <span class='ocrx_word' id='word_1_531' title='bbox 818 4489 1068 4560; x_wconf 85' lang='lat' dir='ltr'>regulari</span> <span class='ocrx_word' id='word_1_532' title='bbox 1109 4493 1164 4543; x_wconf 89' lang='lat' dir='ltr'>et</span> <span class='ocrx_word' id='word_1_533' title='bbox 1215 4489 1517 4542; x_wconf 83' lang='lat' dir='ltr'>inconfuso</span> <span class='ocrx_word' id='word_1_534' title='bbox 1566 4488 1767 4543; x_wconf 88' lang='lat' dir='ltr'>ordine</span> <span class='ocrx_word' id='word_1_535' title='bbox 1801 4491 1844 4555; x_wconf 88' lang='lat' dir='ltr'><strong>D</strong></span> <span class='ocrx_word' id='word_1_536' title='bbox 1948 4486 2411 4557; x_wconf 85' lang='lat' dir='ltr'>Utautemlonge</span> <span class='ocrx_word' id='word_1_537' title='bbox 2434 4488 3528 4563; x_wconf 61' lang='lat' dir='ltr'>superiusdictumest,quasiquedam</span> 
     </span>
    </p>
   </div>
   <div class='ocr_carea' id='block_1_75' title="bbox 107 4575 1767 4648">
    <p class='ocr_par' dir='ltr' id='par_1_78' title="bbox 107 4575 1767 4648">
     <span class='ocr_line' id='line_1_83' title="bbox 107 4575 1767 4648; baseline 0.004 -25"><span class='ocrx_word' id='word_1_538' title='bbox 107 4586 137 4623; x_wconf 86' lang='lat' dir='ltr'>a</span> <span class='ocrx_word' id='word_1_539' title='bbox 160 4575 419 4646; x_wconf 87' lang='lat' dir='ltr'>prepriis</span> <span class='ocrx_word' id='word_1_540' title='bbox 452 4575 739 4647; x_wconf 85' lang='lat' dir='ltr'>gravibus</span> <span class='ocrx_word' id='word_1_541' title='bbox 757 4576 844 4632; x_wconf 75' lang='lat' dir='ltr'>vel</span> <span class='ocrx_word' id='word_1_542' title='bbox 877 4577 1294 4648; x_wconf 84' lang='lat' dir='ltr'>principalibus</span> <span class='ocrx_word' id='word_1_543' title='bbox 1318 4577 1686 4642; x_wconf 89' lang='lat' dir='ltr'>inchoentur,</span> <span class='ocrx_word' id='word_1_544' title='bbox 1710 4577 1767 4630; x_wconf 91' lang='lat' dir='ltr'>in</span> 
     </span>
    </p>
   </div>
   <div class='ocr_carea' id='block_1_76' title="bbox 108 4661 1767 4735">
    <p class='ocr_par' dir='ltr' id='par_1_79' title="bbox 108 4661 1767 4735">
     <span class='ocr_line' id='line_1_84' title="bbox 108 4661 1767 4735; baseline 0.002 -20"><span class='ocrx_word' id='word_1_545' title='bbox 108 4661 351 4733; x_wconf 87' lang='lat' dir='ltr'>propriis</span> <span class='ocrx_word' id='word_1_546' title='bbox 384 4663 677 4719; x_wconf 85' lang='lat' dir='ltr'>ﬁnalibus</span> <span class='ocrx_word' id='word_1_547' title='bbox 707 4665 1027 4729; x_wconf 79' lang='lat' dir='ltr'>eleventur,</span> <span class='ocrx_word' id='word_1_548' title='bbox 1064 4664 1199 4719; x_wconf 87' lang='lat' dir='ltr'>item</span> <span class='ocrx_word' id='word_1_549' title='bbox 1238 4665 1333 4718; x_wconf 86' lang='lat' dir='ltr'>ubi</span> <span class='ocrx_word' id='word_1_550' title='bbox 1384 4665 1767 4735; x_wconf 71' lang='lat' dir='ltr'>incmperunt,</span> 
     </span>
    </p>
   </div>
   <div class='ocr_carea' id='block_1_77' title="bbox 105 4748 1771 4826">
    <p class='ocr_par' dir='ltr' id='par_1_80' title="bbox 105 4748 1771 4826">
     <span class='ocr_line' id='line_1_85' title="bbox 105 4748 1771 4826; baseline 0.004 -25"><span class='ocrx_word' id='word_1_551' title='bbox 105 4748 500 4821; x_wconf 83' lang='lat' dir='ltr'>deponantur.</span> <span class='ocrx_word' id='word_1_552' title='bbox 531 4754 689 4809; x_wconf 86' lang='lat' dir='ltr'>Inter</span> <span class='ocrx_word' id='word_1_553' title='bbox 710 4771 855 4825; x_wconf 90' lang='lat' dir='ltr'>quas</span> <span class='ocrx_word' id='word_1_554' title='bbox 888 4756 1154 4826; x_wconf 78' lang='lat' dir='ltr'>quaedam</span> <span class='ocrx_word' id='word_1_555' title='bbox 1208 4754 1533 4808; x_wconf 87' lang='lat' dir='ltr'>biformitas</span> <span class='ocrx_word' id='word_1_556' title='bbox 1583 4758 1771 4824; x_wconf 85' lang='lat' dir='ltr'>potest</span> 
     </span>
    </p>
   </div>
   <div class='ocr_carea' id='block_1_78' title="bbox 106 4840 1768 4914">
    <p class='ocr_par' dir='ltr' id='par_1_81' title="bbox 106 4840 1768 4914">
     <span class='ocr_line' id='line_1_86' title="bbox 106 4840 1768 4914; baseline 0.004 -23"><span class='ocrx_word' id='word_1_557' title='bbox 106 4841 308 4912; x_wconf 85' lang='lat' dir='ltr'>notari,</span> <span class='ocrx_word' id='word_1_558' title='bbox 335 4842 487 4914; x_wconf 88' lang='lat' dir='ltr'>quia</span> <span class='ocrx_word' id='word_1_559' title='bbox 519 4845 581 4896; x_wconf 89' lang='lat' dir='ltr'>et</span> <span class='ocrx_word' id='word_1_560' title='bbox 602 4840 893 4898; x_wconf 87' lang='lat' dir='ltr'>altissima</span> <span class='ocrx_word' id='word_1_561' title='bbox 941 4849 1031 4897; x_wconf 90' lang='lat' dir='ltr'>est</span> <span class='ocrx_word' id='word_1_562' title='bbox 1082 4844 1278 4913; x_wconf 69' lang='lat' dir='ltr'>prima:</span> <span class='ocrx_word' id='word_1_563' title='bbox 1330 4847 1385 4898; x_wconf 88' lang='lat' dir='ltr'>et</span> <span class='ocrx_word' id='word_1_564' title='bbox 1424 4843 1768 4913; x_wconf 78' lang='lat' dir='ltr'>gravissima</span> 
     </span>
    </p>
   </div>
   <div class='ocr_carea' id='block_1_79' title="bbox 104 4931 1765 5002">
    <p class='ocr_par' dir='ltr' id='par_1_82' title="bbox 104 4931 1765 5002">
     <span class='ocr_line' id='line_1_87' title="bbox 104 4931 1765 5002; baseline 0.001 -20"><span class='ocrx_word' id='word_1_565' title='bbox 104 4935 337 4997; x_wconf 64' lang='lat' dir='ltr'>quarta.</span> <span class='ocrx_word' id='word_1_566' title='bbox 374 4931 590 4985; x_wconf 87' lang='lat' dir='ltr'>Prima</span> <span class='ocrx_word' id='word_1_567' title='bbox 620 4947 853 5002; x_wconf 86' lang='lat' dir='ltr'>quoque</span> <span class='ocrx_word' id='word_1_568' title='bbox 885 4936 941 4987; x_wconf 89' lang='lat' dir='ltr'>et</span> <span class='ocrx_word' id='word_1_569' title='bbox 975 4938 1183 5002; x_wconf 86' lang='lat' dir='ltr'>quarta</span> <span class='ocrx_word' id='word_1_570' title='bbox 1210 4932 1263 4984; x_wconf 90' lang='lat' dir='ltr'>in</span> <span class='ocrx_word' id='word_1_571' title='bbox 1299 4932 1607 5002; x_wconf 89' lang='lat' dir='ltr'>positione,</span> <span class='ocrx_word' id='word_1_572' title='bbox 1652 4948 1765 4985; x_wconf 90' lang='lat' dir='ltr'>non</span> 
     </span>
    </p>
   </div>
   <div class='ocr_carea' id='block_1_80' title="bbox 103 5013 1768 5091">
    <p class='ocr_par' dir='ltr' id='par_1_83' title="bbox 103 5013 1768 5091">
     <span class='ocr_line' id='line_1_88' title="bbox 103 5013 1768 5091; baseline 0.004 -23"><span class='ocrx_word' id='word_1_573' title='bbox 103 5013 155 5068; x_wconf 90' lang='lat' dir='ltr'>in</span> <span class='ocrx_word' id='word_1_574' title='bbox 185 5024 485 5089; x_wconf 88' lang='lat' dir='ltr'>potestate</span> <span class='ocrx_word' id='word_1_575' title='bbox 514 5019 764 5085; x_wconf 89' lang='lat' dir='ltr'>similes,</span> <span class='ocrx_word' id='word_1_576' title='bbox 798 5019 857 5074; x_wconf 93' lang='lat' dir='ltr'>in</span> <span class='ocrx_word' id='word_1_577' title='bbox 892 5020 1000 5075; x_wconf 89' lang='lat' dir='ltr'>hoc</span> <span class='ocrx_word' id='word_1_578' title='bbox 1032 5022 1307 5074; x_wconf 74' lang='lat' dir='ltr'>differunt</span> <span class='ocrx_word' id='word_1_579' title='bbox 1364 5021 1517 5089; x_wconf 85' lang='lat' dir='ltr'>quod</span> <span class='ocrx_word' id='word_1_580' title='bbox 1580 5020 1768 5091; x_wconf 89' lang='lat' dir='ltr'>prima</span> 
     </span>
    </p>
   </div>
   <div class='ocr_carea' id='block_1_81' title="bbox 104 5106 1767 5179">
    <p class='ocr_par' dir='ltr' id='par_1_84' title="bbox 104 5106 1767 5179">
     <span class='ocr_line' id='line_1_89' title="bbox 104 5106 1767 5179; baseline 0.004 -22"><span class='ocrx_word' id='word_1_581' title='bbox 104 5106 254 5173; x_wconf 86' lang='lat' dir='ltr'>prius</span> <span class='ocrx_word' id='word_1_582' title='bbox 283 5108 658 5173; x_wconf 88' lang='lat' dir='ltr'>intenditur,</span> <span class='ocrx_word' id='word_1_583' title='bbox 693 5113 895 5179; x_wconf 88' lang='lat' dir='ltr'>postea</span> <span class='ocrx_word' id='word_1_584' title='bbox 926 5109 1282 5174; x_wconf 85' lang='lat' dir='ltr'>remittitur;</span> <span class='ocrx_word' id='word_1_585' title='bbox 1336 5113 1543 5177; x_wconf 87' lang='lat' dir='ltr'>quarta</span> <span class='ocrx_word' id='word_1_586' title='bbox 1603 5109 1767 5178; x_wconf 88' lang='lat' dir='ltr'>prius</span> 
     </span>
    </p>
   </div>
   <div class='ocr_carea' id='block_1_82' title="bbox 104 5197 1768 5269">
    <p class='ocr_par' dir='ltr' id='par_1_85' title="bbox 104 5197 1768 5269">
     <span class='ocr_line' id='line_1_90' title="bbox 104 5197 1768 5269; baseline 0.003 -22"><span class='ocrx_word' id='word_1_587' title='bbox 104 5197 439 5264; x_wconf 86' lang='lat' dir='ltr'>remittitur,</span> <span class='ocrx_word' id='word_1_588' title='bbox 499 5200 712 5269; x_wconf 90' lang='lat' dir='ltr'>postea</span> <span class='ocrx_word' id='word_1_589' title='bbox 760 5197 1099 5251; x_wconf 86' lang='lat' dir='ltr'>intenditur.</span> <span class='ocrx_word' id='word_1_590' title='bbox 1165 5198 1277 5251; x_wconf 84' lang='lat' dir='ltr'>Has</span> <span class='ocrx_word' id='word_1_591' title='bbox 1320 5197 1543 5266; x_wconf 87' lang='lat' dir='ltr'>species</span> <span class='ocrx_word' id='word_1_592' title='bbox 1605 5197 1768 5252; x_wconf 81' lang='lat' dir='ltr'>facile</span> 
     </span>
    </p>
   </div>
   <div class='ocr_carea' id='block_1_83' title="bbox 102 5284 1765 5355">
    <p class='ocr_par' dir='ltr' id='par_1_86' title="bbox 102 5284 1765 5355">
     <span class='ocr_line' id='line_1_91' title="bbox 102 5284 1765 5355; baseline 0.004 -21"><span class='ocrx_word' id='word_1_593' title='bbox 102 5284 265 5340; x_wconf 87' lang='lat' dir='ltr'>etiam</span> <span class='ocrx_word' id='word_1_594' title='bbox 298 5304 426 5341; x_wconf 87' lang='lat' dir='ltr'>una</span> <span class='ocrx_word' id='word_1_595' title='bbox 446 5301 603 5340; x_wconf 75' lang='lat' dir='ltr'>voce</span> <span class='ocrx_word' id='word_1_596' title='bbox 629 5286 912 5345; x_wconf 85' lang='lat' dir='ltr'>cantabis.</span> <span class='ocrx_word' id='word_1_597' title='bbox 949 5285 995 5339; x_wconf 91' lang='lat' dir='ltr'>si</span> <span class='ocrx_word' id='word_1_598' title='bbox 1028 5302 1125 5339; x_wconf 88' lang='lat' dir='ltr'>eas</span> <span class='ocrx_word' id='word_1_599' title='bbox 1150 5302 1250 5355; x_wconf 87' lang='lat' dir='ltr'>per</span> <span class='ocrx_word' id='word_1_600' title='bbox 1281 5289 1618 5338; x_wconf 88' lang='lat' dir='ltr'>consuetam</span> <span class='ocrx_word' id='word_1_601' title='bbox 1659 5301 1765 5341; x_wconf 66' lang='grc' dir='ltr'>δίε-</span> 
     </span>
    </p>
   </div>
   <div class='ocr_carea' id='block_1_84' title="bbox 104 5372 1763 5444">
    <p class='ocr_par' dir='ltr' id='par_1_87' title="bbox 104 5372 1763 5444">
     <span class='ocr_line' id='line_1_92' title="bbox 104 5372 1763 5444; baseline 0.001 -19"><span class='ocrx_word' id='word_1_602' title='bbox 104 5372 343 5429; x_wconf 80' lang='lat' dir='ltr'>culorum</span> <span class='ocrx_word' id='word_1_603' title='bbox 389 5376 581 5430; x_wconf 68' lang='lat' dir='ltr'>Amen</span> <span class='ocrx_word' id='word_1_604' title='bbox 630 5374 939 5428; x_wconf 89' lang='lat' dir='ltr'>melodiam</span> <span class='ocrx_word' id='word_1_605' title='bbox 964 5374 1287 5443; x_wconf 76' lang='lat' dir='ltr'>incmperis,</span> <span class='ocrx_word' id='word_1_606' title='bbox 1322 5378 1375 5426; x_wconf 90' lang='lat' dir='ltr'>et</span> <span class='ocrx_word' id='word_1_607' title='bbox 1406 5372 1593 5444; x_wconf 88' lang='lat' dir='ltr'>prima</span> <span class='ocrx_word' id='word_1_608' title='bbox 1622 5374 1763 5427; x_wconf 83' lang='lat' dir='ltr'>defi-</span> 
     </span>
    </p>
   </div>
   <div class='ocr_carea' id='block_1_85' title="bbox 105 5460 1767 5532">
    <p class='ocr_par' dir='ltr' id='par_1_88' title="bbox 105 5460 1767 5532">
     <span class='ocr_line' id='line_1_93' title="bbox 105 5460 1767 5532; baseline 0.001 -19"><span class='ocrx_word' id='word_1_609' title='bbox 105 5461 312 5520; x_wconf 87' lang='lat' dir='ltr'>nitione</span> <span class='ocrx_word' id='word_1_610' title='bbox 343 5462 935 5523; x_wconf 69' lang='lat' dir='ltr'>terminaverisQua:</span> <span class='ocrx_word' id='word_1_611' title='bbox 967 5462 1202 5532; x_wconf 84' lang='lat' dir='ltr'>quidem</span> <span class='ocrx_word' id='word_1_612' title='bbox 1229 5461 1601 5515; x_wconf 77' lang='lat' dir='ltr'>difﬁnitiones</span> <span class='ocrx_word' id='word_1_613' title='bbox 1632 5460 1767 5517; x_wconf 86' lang='lat' dir='ltr'>licet</span> 
     </span>
    </p>
   </div>
   <div class='ocr_carea' id='block_1_86' title="bbox 105 5548 1763 5623">
    <p class='ocr_par' dir='ltr' id='par_1_89' title="bbox 105 5548 1763 5623">
     <span class='ocr_line' id='line_1_94' title="bbox 105 5548 1763 5623; baseline 0.001 -20"><span class='ocrx_word' id='word_1_614' title='bbox 105 5548 346 5619; x_wconf 84' lang='lat' dir='ltr'>pleniter</span> <span class='ocrx_word' id='word_1_615' title='bbox 367 5558 430 5607; x_wconf 86' lang='lat' dir='ltr'>et</span> <span class='ocrx_word' id='word_1_616' title='bbox 465 5550 732 5623; x_wconf 87' lang='lat' dir='ltr'>perfecte</span> <span class='ocrx_word' id='word_1_617' title='bbox 783 5550 841 5604; x_wconf 90' lang='lat' dir='ltr'>in</span> <span class='ocrx_word' id='word_1_618' title='bbox 885 5550 1158 5605; x_wconf 79' lang='lat' dir='ltr'>finalibus</span> <span class='ocrx_word' id='word_1_619' title='bbox 1208 5554 1511 5603; x_wconf 84' lang='lat' dir='ltr'>cantentur</span> <span class='ocrx_word' id='word_1_620' title='bbox 1567 5555 1621 5604; x_wconf 89' lang='lat' dir='ltr'>et</span> <span class='ocrx_word' id='word_1_621' title='bbox 1666 5567 1763 5604; x_wconf 89' lang='lat' dir='ltr'>su-</span> 
     </span>
    </p>
   </div>
   <div class='ocr_carea' id='block_1_87' title="bbox 106 5638 1765 5710">
    <p class='ocr_par' dir='ltr' id='par_1_90' title="bbox 106 5638 1765 5710">
     <span class='ocr_line' id='line_1_95' title="bbox 106 5638 1765 5710; baseline 0 -17"><span class='ocrx_word' id='word_1_622' title='bbox 106 5641 673 5708; x_wconf 84' lang='lat' dir='ltr'>perioribus,tamcn</span> <span class='ocrx_word' id='word_1_623' title='bbox 695 5638 910 5692; x_wconf 68' lang='lat' dir='ltr'>ultima:</span> <span class='ocrx_word' id='word_1_624' title='bbox 935 5656 1156 5692; x_wconf 69' lang='lat' dir='ltr'>neuma:</span> <span class='ocrx_word' id='word_1_625' title='bbox 1175 5638 1229 5691; x_wconf 91' lang='lat' dir='ltr'>in</span> <span class='ocrx_word' id='word_1_626' title='bbox 1257 5655 1605 5709; x_wconf 88' lang='lat' dir='ltr'>unoquoque</span> <span class='ocrx_word' id='word_1_627' title='bbox 1626 5655 1765 5710; x_wconf 84' lang='lat' dir='ltr'>qua-</span> 
     </span>
    </p>
   </div>
   <div class='ocr_carea' id='block_1_88' title="bbox 105 5726 1371 5800">
    <p class='ocr_par' dir='ltr' id='par_1_91' title="bbox 105 5726 1371 5800">
     <span class='ocr_line' id='line_1_96' title="bbox 105 5726 1371 5800; baseline -0.002 -15"><span class='ocrx_word' id='word_1_628' title='bbox 105 5726 413 5788; x_wconf 87' lang='lat' dir='ltr'>drichordo</span> <span class='ocrx_word' id='word_1_629' title='bbox 448 5747 486 5790; x_wconf 86' lang='lat' dir='ltr'>a</span> <span class='ocrx_word' id='word_1_630' title='bbox 518 5742 639 5787; x_wconf 86' lang='lat' dir='ltr'>suo</span> <span class='ocrx_word' id='word_1_631' title='bbox 670 5744 786 5784; x_wconf 88' lang='lat' dir='ltr'>non</span> <span class='ocrx_word' id='word_1_632' title='bbox 819 5726 1159 5785; x_wconf 87' lang='lat' dir='ltr'>discordant</span> <span class='ocrx_word' id='word_1_633' title='bbox 1188 5731 1371 5800; x_wconf 89' lang='lat' dir='ltr'>tropo.</span> 
     </span>
    </p>
   </div>
   <div class='ocr_carea' id='block_1_89' title="bbox 1881 4576 3523 4650">
    <p class='ocr_par' dir='ltr' id='par_1_92' title="bbox 1881 4576 3523 4650">
     <span class='ocr_line' id='line_1_97' title="bbox 1881 4576 3523 4650; baseline 0.004 -21"><span class='ocrx_word' id='word_1_634' title='bbox 1881 4577 2247 4631; x_wconf 73' lang='lat' dir='ltr'>diatessaron</span> <span class='ocrx_word' id='word_1_635' title='bbox 2273 4576 2493 4647; x_wconf 87' lang='lat' dir='ltr'>species</span> <span class='ocrx_word' id='word_1_636' title='bbox 2510 4577 2566 4640; x_wconf 69' lang='grc' dir='ltr'>Ρ,</span> <span class='ocrx_word' id='word_1_637' title='bbox 2603 4578 2627 4646; x_wconf 56' lang='lat'><strong>5</strong></span> <span class='ocrx_word' id='word_1_638' title='bbox 2659 4577 3015 4643; x_wconf 85' lang='lat' dir='ltr'>videtur,sed</span> <span class='ocrx_word' id='word_1_639' title='bbox 3040 4596 3220 4650; x_wconf 88' lang='lat' dir='ltr'>quare</span> <span class='ocrx_word' id='word_1_640' title='bbox 3246 4597 3358 4636; x_wconf 92' lang='lat' dir='ltr'>non</span> <span class='ocrx_word' id='word_1_641' title='bbox 3424 4581 3523 4650; x_wconf 88' lang='lat' dir='ltr'>sit,</span> 
     </span>
    </p>
   </div>
   <div class='ocr_carea' id='block_1_90' title="bbox 1882 4665 3523 4735">
    <p class='ocr_par' dir='ltr' id='par_1_93' title="bbox 1882 4665 3523 4735">
     <span class='ocr_line' id='line_1_98' title="bbox 1882 4665 3523 4735; baseline 0.004 -17"><span class='ocrx_word' id='word_1_642' title='bbox 1882 4665 2252 4735; x_wconf 84' lang='lat' dir='ltr'>quiaibinon</span> <span class='ocrx_word' id='word_1_643' title='bbox 2287 4665 2525 4729; x_wconf 89' lang='lat' dir='ltr'>dictum,</span> <span class='ocrx_word' id='word_1_644' title='bbox 2588 4665 2677 4719; x_wconf 90' lang='lat' dir='ltr'>hic</span> <span class='ocrx_word' id='word_1_645' title='bbox 2727 4666 3038 4721; x_wconf 88' lang='lat' dir='ltr'>dicendum</span> <span class='ocrx_word' id='word_1_646' title='bbox 3105 4668 3350 4723; x_wconf 88' lang='lat' dir='ltr'>videtur.</span> <span class='ocrx_word' id='word_1_647' title='bbox 3410 4669 3523 4725; x_wconf 89' lang='lat' dir='ltr'>Ubi</span> 
     </span>
    </p>
   </div>
   <div class='ocr_carea' id='block_1_91' title="bbox 1882 4754 3520 4827">
    <p class='ocr_par' dir='ltr' id='par_1_94' title="bbox 1882 4754 3520 4827">
     <span class='ocr_line' id='line_1_99' title="bbox 1882 4754 3520 4827; baseline 0.004 -21"><span class='ocrx_word' id='word_1_648' title='bbox 1882 4754 2138 4825; x_wconf 91' lang='lat' dir='ltr'>primum</span> <span class='ocrx_word' id='word_1_649' title='bbox 2173 4754 2425 4808; x_wconf 85' lang='lat' dir='ltr'>dicimus</span> <span class='ocrx_word' id='word_1_650' title='bbox 2457 4754 2820 4824; x_wconf 86' lang='lat' dir='ltr'>simpliciter,</span> <span class='ocrx_word' id='word_1_651' title='bbox 2880 4757 3032 4827; x_wconf 91' lang='lat' dir='ltr'>quod</span> <span class='ocrx_word' id='word_1_652' title='bbox 3090 4772 3223 4811; x_wconf 89' lang='lat' dir='ltr'>cum</span> <span class='ocrx_word' id='word_1_653' title='bbox 3280 4757 3520 4813; x_wconf 65' lang='lat' dir='ltr'>diversae</span> 
     </span>
    </p>
   </div>
   <div class='ocr_carea' id='block_1_92' title="bbox 1877 4842 3523 4916">
    <p class='ocr_par' dir='ltr' id='par_1_95' title="bbox 1877 4842 3523 4916">
     <span class='ocr_line' id='line_1_100' title="bbox 1877 4842 3523 4916; baseline 0.005 -21"><span class='ocrx_word' id='word_1_654' title='bbox 1877 4842 2244 4897; x_wconf 83' lang='lat' dir='ltr'>diatessaron</span> <span class='ocrx_word' id='word_1_655' title='bbox 2268 4845 2489 4913; x_wconf 87' lang='lat' dir='ltr'>species</span> <span class='ocrx_word' id='word_1_656' title='bbox 2508 4860 2609 4913; x_wconf 90' lang='lat' dir='ltr'>per</span> <span class='ocrx_word' id='word_1_657' title='bbox 2626 4844 3232 4916; x_wconf 75' lang='lat' dir='ltr'>gravesdisponantur</span> <span class='ocrx_word' id='word_1_658' title='bbox 3250 4846 3523 4904; x_wconf 86' lang='lat' dir='ltr'>etﬁnales</span> 
     </span>
    </p>
   </div>
   <div class='ocr_carea' id='block_1_93' title="bbox 1878 4931 3527 5008">
    <p class='ocr_par' dir='ltr' id='par_1_96' title="bbox 1878 4931 3527 5008">
     <span class='ocr_line' id='line_1_101' title="bbox 1878 4931 3527 5008; baseline 0.005 -24"><span class='ocrx_word' id='word_1_659' title='bbox 1878 4931 2037 4984; x_wconf 86' lang='lat' dir='ltr'>nulla</span> <span class='ocrx_word' id='word_1_660' title='bbox 2068 4931 2277 4985; x_wconf 87' lang='lat' dir='ltr'>barum</span> <span class='ocrx_word' id='word_1_661' title='bbox 2300 4932 2501 4986; x_wconf 90' lang='lat' dir='ltr'>tritoni</span> <span class='ocrx_word' id='word_1_662' title='bbox 2526 4933 2902 5002; x_wconf 88' lang='lat' dir='ltr'>dispositione</span> <span class='ocrx_word' id='word_1_663' title='bbox 2916 4934 3527 5008; x_wconf 84' lang='lat' dir='ltr'>consistit.ltem,quia</span> 
     </span>
    </p>
   </div>
   <div class='ocr_carea' id='block_1_94' title="bbox 1876 5020 3530 5091">
    <p class='ocr_par' dir='ltr' id='par_1_97' title="bbox 1876 5020 3530 5091">
     <span class='ocr_line' id='line_1_102' title="bbox 1876 5020 3530 5091; baseline 0.006 -20"><span class='ocrx_word' id='word_1_664' title='bbox 1876 5020 2066 5072; x_wconf 90' lang='lat' dir='ltr'>omnis</span> <span class='ocrx_word' id='word_1_665' title='bbox 2098 5020 2459 5073; x_wconf 89' lang='lat' dir='ltr'>diatessaron</span> <span class='ocrx_word' id='word_1_666' title='bbox 2489 5021 2711 5091; x_wconf 89' lang='lat' dir='ltr'>species</span> <span class='ocrx_word' id='word_1_667' title='bbox 2735 5021 2965 5077; x_wconf 89' lang='lat' dir='ltr'>duobus</span> <span class='ocrx_word' id='word_1_668' title='bbox 2999 5022 3152 5077; x_wconf 88' lang='lat' dir='ltr'>tonis</span> <span class='ocrx_word' id='word_1_669' title='bbox 3187 5029 3413 5079; x_wconf 88' lang='lat' dir='ltr'>constat</span> <span class='ocrx_word' id='word_1_670' title='bbox 3471 5030 3530 5081; x_wconf 83' lang='lat' dir='ltr'>et</span> 
     </span>
    </p>
   </div>
   <div class='ocr_carea' id='block_1_95' title="bbox 1877 5107 3528 5178">
    <p class='ocr_par' dir='ltr' id='par_1_98' title="bbox 1877 5107 3528 5178">
     <span class='ocr_line' id='line_1_103' title="bbox 1877 5107 3528 5178; baseline 0.003 -16"><span class='ocrx_word' id='word_1_671' title='bbox 1877 5107 2183 5162; x_wconf 88' lang='lat' dir='ltr'>semitonio</span> <span class='ocrx_word' id='word_1_672' title='bbox 2208 5107 2266 5174; x_wconf 87' lang='lat' dir='ltr'>F,</span> <span class='ocrx_word' id='word_1_673' title='bbox 2293 5109 2483 5178; x_wconf 67' lang='lat' dir='ltr'>:,quia</span> <span class='ocrx_word' id='word_1_674' title='bbox 2513 5114 2747 5163; x_wconf 87' lang='lat' dir='ltr'>econtra</span> <span class='ocrx_word' id='word_1_675' title='bbox 2768 5109 2982 5166; x_wconf 91' lang='lat' dir='ltr'>tritono</span> <span class='ocrx_word' id='word_1_676' title='bbox 3014 5112 3286 5166; x_wconf 90' lang='lat' dir='ltr'>continuo</span> <span class='ocrx_word' id='word_1_677' title='bbox 3344 5114 3528 5169; x_wconf 89' lang='lat' dir='ltr'>conti-</span> 
     </span>
    </p>
   </div>
   <div class='ocr_carea' id='block_1_96' title="bbox 1878 5196 3525 5268">
    <p class='ocr_par' dir='ltr' id='par_1_99' title="bbox 1878 5196 3525 5268">
     <span class='ocr_line' id='line_1_104' title="bbox 1878 5196 3525 5268; baseline 0.005 -19"><span class='ocrx_word' id='word_1_678' title='bbox 1878 5200 2047 5250; x_wconf 89' lang='lat' dir='ltr'>netur</span> <span class='ocrx_word' id='word_1_679' title='bbox 2076 5196 2437 5250; x_wconf 82' lang='lat' dir='ltr'>diatessaron</span> <span class='ocrx_word' id='word_1_680' title='bbox 2472 5214 2583 5251; x_wconf 90' lang='lat' dir='ltr'>non</span> <span class='ocrx_word' id='word_1_681' title='bbox 2620 5203 2945 5268; x_wconf 88' lang='lat' dir='ltr'>reputatur.</span> <span class='ocrx_word' id='word_1_682' title='bbox 2972 5200 3112 5255; x_wconf 89' lang='lat' dir='ltr'>Item</span> <span class='ocrx_word' id='word_1_683' title='bbox 3141 5216 3342 5256; x_wconf 87' lang='lat' dir='ltr'>omnes</span> <span class='ocrx_word' id='word_1_684' title='bbox 3391 5202 3525 5260; x_wconf 79' lang='lat' dir='ltr'>dia-</span> 
     </span>
    </p>
   </div>
   <div class='ocr_carea' id='block_1_97' title="bbox 1875 5285 3517 5358">
    <p class='ocr_par' dir='ltr' id='par_1_100' title="bbox 1875 5285 3517 5358">
     <span class='ocr_line' id='line_1_105' title="bbox 1875 5285 3517 5358; baseline 0.004 -21"><span class='ocrx_word' id='word_1_685' title='bbox 1875 5289 2137 5338; x_wconf 82' lang='lat' dir='ltr'>tessaron</span> <span class='ocrx_word' id='word_1_686' title='bbox 2153 5285 2491 5355; x_wconf 82' lang='lat' dir='ltr'>ctdiapente</span> <span class='ocrx_word' id='word_1_687' title='bbox 2509 5286 2730 5355; x_wconf 83' lang='lat' dir='ltr'>species</span> <span class='ocrx_word' id='word_1_688' title='bbox 2758 5287 3011 5343; x_wconf 88' lang='lat' dir='ltr'>duorum</span> <span class='ocrx_word' id='word_1_689' title='bbox 3051 5289 3517 5358; x_wconf 85' lang='lat' dir='ltr'>quadrichordo-</span> 
     </span>
    </p>
   </div>
   <div class='ocr_carea' id='block_1_98' title="bbox 1876 5373 3612 5446">
    <p class='ocr_par' dir='ltr' id='par_1_101' title="bbox 1876 5373 3612 5446">
     <span class='ocr_line' id='line_1_106' title="bbox 1876 5373 3612 5446; baseline 0.005 -20"><span class='ocrx_word' id='word_1_690' title='bbox 1876 5390 2005 5427; x_wconf 87' lang='lat' dir='ltr'>rum</span> <span class='ocrx_word' id='word_1_691' title='bbox 2022 5373 2327 5428; x_wconf 88' lang='lat' dir='ltr'>collatione</span> <span class='ocrx_word' id='word_1_692' title='bbox 2352 5374 2752 5445; x_wconf 78' lang='lat' dir='ltr'>perficiuntur,</span> <span class='ocrx_word' id='word_1_693' title='bbox 2790 5376 3151 5434; x_wconf 86' lang='lat' dir='ltr'>diatessaron</span> <span class='ocrx_word' id='word_1_694' title='bbox 3185 5376 3416 5446; x_wconf 87' lang='lat' dir='ltr'>quidem</span> <span class='ocrx_word' id='word_1_695' title='bbox 3450 5393 3524 5433; x_wconf 82' lang='lat' dir='ltr'>ex</span> <span class='ocrx_word' id='word_1_696' title='bbox 3603 5424 3612 5439; x_wconf 92' lang='lat'><strong><em>.</em></strong></span> 
     </span>
    </p>
   </div>
   <div class='ocr_carea' id='block_1_99' title="bbox 1876 5461 3519 5533">
    <p class='ocr_par' dir='ltr' id='par_1_102' title="bbox 1876 5461 3519 5533">
     <span class='ocr_line' id='line_1_107' title="bbox 1876 5461 3519 5533; baseline 0.004 -20"><span class='ocrx_word' id='word_1_697' title='bbox 1876 5464 2217 5533; x_wconf 75' lang='lat' dir='ltr'>gravibuset</span> <span class='ocrx_word' id='word_1_698' title='bbox 2242 5463 2534 5527; x_wconf 82' lang='lat' dir='ltr'>finalibus,</span> <span class='ocrx_word' id='word_1_699' title='bbox 2571 5464 2838 5533; x_wconf 82' lang='lat' dir='ltr'>diapente</span> <span class='ocrx_word' id='word_1_700' title='bbox 2876 5483 3010 5520; x_wconf 84' lang='lat' dir='ltr'>vero</span> <span class='ocrx_word' id='word_1_701' title='bbox 3054 5470 3105 5520; x_wconf 89' lang='lat' dir='ltr'>et</span> <span class='ocrx_word' id='word_1_702' title='bbox 3140 5461 3404 5517; x_wconf 78' lang='lat' dir='ltr'>ﬁnalibus</span> <span class='ocrx_word' id='word_1_703' title='bbox 3454 5470 3519 5521; x_wconf 84' lang='lat' dir='ltr'>et</span> 
     </span>
    </p>
   </div>
   <div class='ocr_carea' id='block_1_100' title="bbox 1876 5549 3513 5622">
    <p class='ocr_par' dir='ltr' id='par_1_103' title="bbox 1876 5549 3513 5622">
     <span class='ocr_line' id='line_1_108' title="bbox 1876 5549 3513 5622; baseline 0.002 -17"><span class='ocrx_word' id='word_1_704' title='bbox 1876 5551 2532 5622; x_wconf 81' lang='lat' dir='ltr'>superioribus,Ergo,si</span> <span class='ocrx_word' id='word_1_705' title='bbox 2555 5553 2773 5617; x_wconf 82' lang='lat' dir='ltr'>volo,D,</span> <span class='ocrx_word' id='word_1_706' title='bbox 2808 5552 2853 5606; x_wconf 92' lang='lat' dir='ltr'>G</span> <span class='ocrx_word' id='word_1_707' title='bbox 2874 5553 3114 5621; x_wconf 85' lang='lat' dir='ltr'>primam</span> <span class='ocrx_word' id='word_1_708' title='bbox 3146 5549 3513 5608; x_wconf 84' lang='lat' dir='ltr'>diatessaron</span> 
     </span>
    </p>
   </div>
   <div class='ocr_carea' id='block_1_101' title="bbox 1874 5633 3509 5712">
    <p class='ocr_par' dir='ltr' id='par_1_104' title="bbox 1874 5633 3509 5712">
     <span class='ocr_line' id='line_1_109' title="bbox 1874 5633 3509 5712; baseline -0.002 -17"><span class='ocrx_word' id='word_1_709' title='bbox 1874 5641 2124 5712; x_wconf 74' lang='lat' dir='ltr'>Speciem</span> <span class='ocrx_word' id='word_1_710' title='bbox 2157 5641 2367 5707; x_wconf 85' lang='lat' dir='ltr'>dicere,</span> <span class='ocrx_word' id='word_1_711' title='bbox 2387 5640 2523 5712; x_wconf 90' lang='lat' dir='ltr'>quia</span> <span class='ocrx_word' id='word_1_712' title='bbox 2546 5658 2611 5695; x_wconf 82' lang='lat' dir='ltr'>ex</span> <span class='ocrx_word' id='word_1_713' title='bbox 2635 5642 2860 5694; x_wconf 86' lang='lat' dir='ltr'>duobus</span> <span class='ocrx_word' id='word_1_714' title='bbox 2888 5658 2995 5693; x_wconf 88' lang='lat' dir='ltr'>non</span> <span class='ocrx_word' id='word_1_715' title='bbox 3025 5640 3085 5691; x_wconf 80' lang='lat' dir='ltr'>fit</span> <span class='ocrx_word' id='word_1_716' title='bbox 3123 5633 3509 5704; x_wconf 85' lang='lat' dir='ltr'>quadrichor-</span> 
     </span>
    </p>
   </div>
   <div class='ocr_carea' id='block_1_102' title="bbox 1872 5726 3504 5807">
    <p class='ocr_par' dir='ltr' id='par_1_105' title="bbox 1872 5726 3504 5807">
     <span class='ocr_line' id='line_1_110' title="bbox 1872 5726 3504 5807; baseline -0.001 -23"><span class='ocrx_word' id='word_1_717' title='bbox 1872 5728 1983 5799; x_wconf 89' lang='lat' dir='ltr'>dis,</span> <span class='ocrx_word' id='word_1_718' title='bbox 2018 5728 2283 5787; x_wconf 89' lang='lat' dir='ltr'>mentior.</span> <span class='ocrx_word' id='word_1_719' title='bbox 2317 5728 2463 5807; x_wconf 83' lang='lat' dir='ltr'>Ergo</span> <span class='ocrx_word' id='word_1_720' title='bbox 2480 5730 2587 5787; x_wconf 82' lang='lat' dir='ltr'>erit</span> <span class='ocrx_word' id='word_1_721' title='bbox 2618 5727 2941 5785; x_wconf 82' lang='lat' dir='ltr'>necessario</span> <span class='ocrx_word' id='word_1_722' title='bbox 2972 5726 3185 5800; x_wconf 82' lang='lat' dir='ltr'>quarta,</span> <span class='ocrx_word' id='word_1_723' title='bbox 3216 5726 3504 5800; x_wconf 69' lang='lat' dir='ltr'>constanq</span> 
     </span>
    </p>
   </div>
  </div>
