3880 6342
166 393 277 465 833

1469 396 1883 468 OPUSCULA
1928 398 2249 467 MUSICA.

3434 390 3563 469 ἄδι

157 533 287 592 dem
315 544 575 588 causam.
629 527 912 589 Similiter
957 532 1027 590 de
1077 532 1116 589 F
1163 532 1495 589 dicendum.
1552 536 1794 590 Possum
1827 543 1881 608 Α
1912 535 2020 591 bus
2046 553 2158 591 non
2184 533 2696 607 reputari.Postea
2715 551 2846 591 vero
2865 533 3031 607 quasi
3050 534 3141 590 sui
3160 533 3394 602 oblitus,
3414 534 3556 593 dum

156 622 303 681 enim
331 620 636 678 intendere
657 620 925 695 diapente
956 623 1013 693 F,
1036 639 1086 689 ο,
1120 627 1175 677 et
1196 622 1489 679 remittere
1511 624 1793 679 diatessa-

152 729 254 773 ron
283 728 332 778 ο,
362 710 427 766 G.
464 712 604 766 Item
636 728 878 783 possum
910 713 1209 767 intendere
1242 714 1510 784 diapente
1536 714 1596 779 F,
1617 731 1665 782 c,
1692 716 1790 768 sed

155 818 263 857 non
284 816 523 873 possum
548 801 844 856 intendere
868 802 1228 855 diatessaron
1254 802 1313 869 F,
1339 804 1363 872 ς
1413 802 1548 872 quia
1566 805 1795 857 semite-

152 890 309 953 nium
340 905 443 961 pro
474 888 804 943 differentia
833 906 948 943 non
980 890 1108 944 erit.
1150 892 1311 954 item,
1345 907 1585 961 possum
1613 893 1793 945 inten-

154 980 282 1037 dere
312 978 373 1042 F,
408 978 463 1045 b,
497 978 597 1033 sed
620 995 734 1032 non
758 996 999 1050 possum
1022 978 1316 1033 remittere
1355 980 1625 1050 diapente
1651 982 1704 1044 h,
1730 982 1793 1047 E,

152 1068 283 1142 quia
302 1066 628 1122 differentia
651 1084 751 1138 per
772 1068 1148 1121 semitonium
1176 1086 1287 1121 non
1314 1068 1438 1121 erit.
1468 1071 1631 1133 Item,
1656 1087 1786 1139 pos-

150 1162 283 1215 sunt
310 1156 607 1212 remittere
630 1156 898 1227 diapente
956 1160 1001 1227 ἢ,
1038 1157 1098 1222 E,
1136 1158 1233 1210 sed
1278 1174 1387 1210 non
1429 1175 1665 1226 possum
1701 1177 1791 1213 re-

151 1247 374 1303 mittere
396 1244 783 1300 diatessarum
806 1247 860 1310 b,
884 1247 940 1312 F,
969 1246 1107 1316 quia
1129 1246 1503 1305 semitonium
1528 1248 1796 1301 differen-

149 1336 281 1392 tiam
301 1333 668 1405 sesquialteri
688 1352 749 1389 ac
778 1335 1129 1405 sesquitertii
1157 1352 1269 1389 nou
1292 1335 1443 1388 facit.
1476 1336 1669 1389 Uitt'ert
1696 1354 1792 1389 au-

147 1429 258 1481 tam
285 1425 319 1478 [ε’
342 1440 375 1478 a
400 1423 461 1488 Β,
487 1424 626 1493 quia
647 1424 686 1477 F
708 1441 739 1477 a
761 1438 821 1477 se
846 1424 1036 1477 media
1058 1430 1111 1477 et
1136 1426 1191 1477 in
1230 1430 1465 1477 acutum
1500 1426 1788 1494 diapente,

147 1513 273 1570 etin
295 1528 465 1583 grave
486 1512 761 1567 deorsum
784 1513 1173 1567 diatessarum
1198 1518 1381 1583 potest
1409 1513 1697 1566 remittere
1720 1514 1787 1571 13;

143 1600 266 1659 sola
294 1600 446 1656 inter
475 1617 679 1656 omnes
709 1617 872 1655 voces
904 1618 937 1655 a
968 1619 1028 1655 se
1058 1601 1184 1671 ipsa
1213 1602 1401 1654 media
1428 1618 1527 1654 nec
1552 1619 1789 1655 sursum

140 1692 408 1762 diapente
433 1688 703 1755 intendit,
722 1706 824 1743 nec
845 1691 1117 1744 deorsum
1140 1691 1500 1744 diatessaron
1524 1692 1785 1744 remittit.

145 1780 299 1837 Unde
330 1795 363 1835 a
391 1779 749 1850 quibusdam
782 1778 1057 1850 ignobilis
1087 1786 1342 1845 vocatur,
1378 1797 1480 1833 nec
1515 1780 1687 1833 etiam
1725 1780 1781 1833 in

141 1868 338 1927 ordine
369 1884 477 1922 suo
508 1868 731 1922 deuteri
763 1870 1089 1923 saeculorum
1114 1870 1279 1921 Amen
1315 1869 1538 1938 recipit.

205 1957 454 2013 Videtur
473 1962 667 2012 autem
692 1958 923 2011 Boetius
942 1958 1193 2028 quadam
1216 1958 1269 2011 in
1294 1956 1638 2011 definiendis
1664 1958 1784 2012 dia-

140 2051 303 2119 pente
330 2046 777 2118 speciebuslabi
802 2048 1210 2101 inconstantia.
1247 2047 1390 2101 Nam
1424 2052 1675 2117 quatuor
1692 2065 1783 2101 ea-

138 2152 265 2193 rum
316 2138 629 2190 varietates
653 2152 782 2190 esse
804 2136 1023 2199 dicens,
1049 2136 1281 2189 easdem
1306 2154 1337 2189 a
1364 2140 1388 2195 5
1410 2136 1694 2206 quadrata
1716 2137 1785 2189 ad

138 2224 431 2297 Bgravem
454 2224 736 2279 remittit:
764 2225 821 2279 in
844 2224 1057 2295 quibus
1084 2224 1225 2278 locis
1248 2242 1451 2279 omnes
1494 2225 1787 2278 naturales

137 2331 245 2370 non
267 2312 573 2368 inveniens
597 2314 655 2383 F,
682 2313 741 2381 B,
769 2313 1036 2369 ultimam
1062 2314 1241 2384 ponit,
1268 2331 1395 2384 qua)
1420 2314 1661 2384 probata
1679 2322 1785 2381 est,

136 2407 365 2476 propter
381 2420 502 2458 suae
525 2402 861 2457 difl‘erentice
888 2403 1176 2457 defectum
1200 2404 1255 2456 in
1281 2404 1550 2474 diapente
1572 2403 1791 2474 specie~

1906 642 2031 696 quae
2070 624 2292 697 species
2336 625 2392 679 in
2435 625 2840 680 immobilibus
2882 624 3119 680 vocibus
3158 624 3560 682 contineantur

1904 716 2087 785 (1002)
2141 714 2497 785 loqueretur,
2552 714 2713 768 illam
2768 713 3100 770 anomalam
3152 714 3213 780 F,
3277 714 3337 782 B,
3381 730 3558 786 quam

1905 805 2066 875 prius
2092 804 2358 857 ultimam
2386 804 2601 874 posuit,
2622 806 2894 869 reticens,
2921 808 3172 875 quatuor
3192 804 3428 858 demum
3454 820 3558 858 na-

1904 893 2121 947 turales
2145 893 2413 961 diapente
2438 893 2660 963 species
2685 894 2754 947 ab
2780 894 2840 960 Ε,
2868 893 2926 946 in
2967 909 3017 957 e,
3046 892 3357 947 intendens
3381 892 3556 947 deno-

1902 983 2038 1036 tavit
2068 1000 2079 1047 ;
2105 1000 2211 1035 non
2240 987 2429 1035 tamen
2457 1000 2582 1052 quae
2606 982 2847 1053 species,
2873 982 2973 1052 qui
3000 986 3186 1053 tropo,
3211 981 3297 1036 vel
3322 998 3437 1052 quo
3464 998 3556 1038 or-

1902 1072 2035 1125 dine
2058 1071 2139 1124 vel
2167 1072 2289 1125 loco
2316 1072 2569 1140 aptanda
2596 1072 2689 1137 sit,
2715 1071 3161 1125 demonstravit.
3188 1070 3307 1125 Hoc
3330 1074 3550 1142 autem,

1903 1160 2037 1230 quia
2061 1178 2093 1213 a
2116 1160 2281 1213 nobis
2307 1176 2455 1229 saepe
2474 1160 2530 1212 in
2556 1159 2956 1229 superioribus
2977 1160 3347 1229 dictumjum
3373 1158 3552 1215 notis-

1902 1250 2119 1303 simum
2150 1254 2254 1313 est,
2291 1266 2402 1301 non
2444 1253 2531 1302 est
2579 1249 2829 1318 amplius
2874 1249 3342 1303 memorandum.
3391 1249 3551 1312 Qua-

1902 1343 2139 1407 propter
2162 1337 2541 1404 ultcriusjam
2570 1342 2958 1402 transeamus,
2982 1342 3036 1391 ct
3058 1355 3183 1408 qua:
3207 1337 3278 1390 ad
3302 1336 3553 1408 agnitio-

1903 1444 2003 1479 nes
2038 1432 2336 1497 troporum
2372 1424 2535 1478 utilia
2575 1431 2710 1479 sunt
2742 1426 2929 1480 adhuc
2958 1425 3279 1480 videamus.

1973 1517 2175 1585 Itaque
2198 1515 2418 1585 species
2438 1514 2705 1585 diapente
2723 1520 2777 1569 et
2795 1515 3155 1569 diatessaron
3180 1513 3548 1585 singillatim,

1904 1608 1965 1657 ut
1988 1621 2165 1674 supra
2183 1604 2403 1657 dictum
2430 1608 2539 1670 est,
2568 1608 2684 1656 tam
2704 1620 2839 1658 voce
2858 1619 3031 1673 quam
3055 1601 3274 1655 chorda
3292 1601 3349 1655 in
3376 1618 3549 1656 usum

1898 1692 2551 1758 versis,acceditadhuc
2576 1694 2763 1761 major
2800 1698 3101 1762 troporum
3138 1690 3378 1762 agnitio,
3422 1706 3549 1762 qua:

1899 1781 2031 1833 talis
2060 1787 2150 1834 est
2180 1788 2241 1834 ut
2265 1780 2491 1849 junctis
2525 1780 2678 1835 binis
2712 1785 2770 1834 et
2800 1779 2956 1834 binis
3007 1780 3340 1850 speciebus,
3371 1779 3426 1833 id
3461 1782 3551 1834 est

1900 1871 2087 1940 prima
2106 1886 2236 1923 cum
2259 1870 2467 1939 prima,
2488 1870 2748 1923 secunda
2764 1885 2895 1922 cum
2921 1869 3199 1933 secunda,
3226 1866 3395 1922 tertia
3414 1883 3550 1922 cum

1900 1959 2088 2025 tertia,
2112 1965 2321 2029 quarta
2342 1975 2473 2011 cum
2494 1963 2721 2028 quarta,
2748 1958 2803 2011 in
2828 1957 3139 2011 autenticis
3163 1956 3400 2027 quidem
3424 1956 3550 2011 dia-

1898 2053 2067 2118 pente
2095 2048 2478 2111 diatessaron,
2514 2047 2569 2099 in
2594 2045 3001 2117 subjugalihus
3023 2062 3154 2100 vero
3174 2044 3543 2099 diatessaron

1901 2137 2207 2207 przeposito
2248 2136 2517 2205 diapente
2550 2136 2840 2206 integrum
2872 2135 3159 2205 cujusque
3191 2133 3339 2205 tropi
3376 2132 3539 2188 ordi-

1901 2242 2031 2278 nem
2065 2224 2597 2295 proprietatemque
2631 2241 2837 2279 susum
2873 2225 3144 2293 etjusum
3162 2221 3402 2278 recitare
3424 2218 3545 2275 dis-

1899 2331 1995 2368 cas
2028 2314 2137 2368 hoc
2170 2315 2384 2367 modo:

340 2596 564 2675 Ηνθοάο
708 2592 1000 2669 ¹¹ΥριορδὟ
1142 2584 1351 2659 ΗΥΡ⁰¹ί⁹
1480 2582 1560 2649 “3'
1578 2596 1714 2657 POT“
1735 2581 1773 2627 ί’
1918 2606 2128 2659 Durius.
2285 2602 2567 2672 Phrygius.
2706 2607 2905 2661 Lidius.
3097 2565 3305 2645 Μίέίοίίο

398 2682 530 2719 rius.
764 2672 916 2726 ‘gius.
1180 2658 1316 2704 dius.
1509 2649 1750 2701 XOlldtUS.
3130 2637 3266 2690 dius,

455 2773 486 2810 ε
836 2760 873 2815 η
1232 2762 1258 2797 c
1616 2726 1646 2787 d
2007 2734 2037 2783 (l
2407 2745 2435 2781 θ
2818 2733 2826 2741 ’
3190 2748 3223 2802 g

354 2826 404 2880 α
529 2822 571 2877 G
760 2838 789 2873 ι
923 2836 949 2870 ³
1145 2821 1180 2876 δι
1306 2819 1339 2872 η
1535 2820 1563 2857 c
1701 2818 1729 2855 c
1926 2819 1954 2854 c
2092 2814 2121 2852 c
2318 2797 2350 2849 d
2483 2795 2513 2851 ὁ
2707 2816 2735 2851 e
2875 2812 2903 2851 e
3104 2799 3130 2853 ἲ
3269 2797 3296 2855 f

332 2894 398 2948 'l"
530 2892 566 2944 Ρ
651 2888 661 2897 ”
752 2889 793 2944 ϐ
920 2887 962 2940 G
1151 2891 1177 2934 ε
1316 2898 1341 2933 a
1538 2883 1573 2938 ta
1701 2881 1736 2934 Η
1924 2873 1959 2943 η
2086 2865 2119 2944 ὴ
2320 2881 2349 2917 c
2480 2880 2509 2953 ρ
2710 2870 2740 2920 d
2875 2872 2907 2921 d
3098 2884 3128 2922 e
3268 2884 3299 2923 e

364 2965 405 3019 Ε
538 2960 578 3011 Ε
760 2958 798 3010 F
924 2955 959 3006 F
1146 2952 1185 3004 G
1310 2951 1350 3001 (ἱ
1539 2962 1564 2999 a
1708 2961 1736 2996 ξι
1930 2960 1957 2997 a
2094 2957 2121 2993 a
2314 2940 2349 2998 Η
2479 2948 2514 2996 η
2713 2952 2740 2991 c
2874 2952 2901 2991 c
3102 2937 3135 2990 d
3269 2938 3299 2990 d

358 3034 404 3087 D
530 3028 573 3079 ι)
761 3028 801 3080 Ε
925 3024 963 3075 Ε
1153 3021 1188 3071 Ι⁴“
1307 3018 1344 3072 F
1536 3015 1574 3067 (ἶ
1700 3013 1737 3065 G
1924 3011 1966 3064 (ἰ
2086 3009 2127 3061 G
2322 3024 2348 3059 a
2487 3024 2518 3061 a
2710 3018 2744 3072 ta
2876 3012 2913 3069 in
3105 3022 3134 3059 c
3270 3021 3299 3061 c

366 3102 409 3154 C
526 3094 565 3150 C
760 3095 802 3146 ι)
920 3093 959 3146 D
1149 3088 1187 3141 Ε
1313 3088 1349 3139 Ε
1534 3084 1570 3133 ιθ
1706 3082 1743 3133 F
1921 3080 1960 3133 Ρ
2088 3078 2126 3129 F
2316 3074 2356 3128 G
2478 3072 2519 3127 ϐ
2715 3095 2740 3127 a
2879 3093 2907 3129 a
3104 3082 3141 3139 η
3261 3081 3307 3138 κ

358 3169 399 3222 a
539 3162 577 3216 Β
760 3164 801 3217 c
908 3146 967 3212 ’ρ
1151 3160 1189 3207 n
1303 3153 1349 3207 Ι)
1537 3152 1577 3204 ιε
1700 3149 1739 3202 a
1920 3150 1960 3201 Ε
2089 3148 2156 3200 E“
2319 3144 2356 3197 Ρ
2475 3146 2517 3199 F
2703 3148 2744 3201 ο
2874 3145 2914 3197 c
3106 3162 3137 3200 a
3215 3193 3219 3197 .
3272 3162 3301 3199 ι

359 3240 401 3289 Α
533 3233 573 3285 Α
680 3246 681 3249 ‘
757 3233 796 3284 Β
924 3229 963 3280 Β
1148 3224 1187 3277 C
1310 3224 1349 3275 (ἶ
1538 3224 1581 3273 D
1702 3220 1740 3272 D
1924 3219 1966 3270 D
2091 3217 2134 3269 D
2320 3211 2363 3266 E
2484 3215 2527 3269 Ε
2708 3217 2748 3269 F
2879 3216 2914 3269 F
3098 3214 3138 3268 G
3266 3216 3307 3270 G

192 3434 394 3491 Nonne
429 3433 809 3509 perspicuum
841 3438 929 3487 est
968 3430 1271 3502 pratdictas
1320 3430 1680 3483 diatessaron
1722 3429 1778 3479 et
1808 3425 1849 3491 ί]
1890 3435 2091 3474 eorum
2124 3428 2500 3509 consensum,
2537 3411 2883 3509 imo'contra
2914 3405 3100 3509 ipsius
3128 3404 3265 3473 jura
3296 3404 3543 3500 naturae,

130 3524 393 3596 diapente
427 3524 676 3595 species,
709 3522 777 3576 de
812 3521 1133 3593 purissimo
1167 3520 1321 3572 fonte
1344 3518 1600 3579 eductas,
1626 3518 1781 3567 recto

129 3613 323 3670 ordine
339 3630 476 3669 esse
501 3611 820 3684 diepositas
839 3611 866 3664 ἱ)
893 3626 1025 3663 cum
1062 3609 1183 3679 ipse
1213 3610 1450 3678 junctm,
1481 3610 1541 3657 ut
1566 3621 1779 3675 prmce-

131 3701 264 3758 deus
296 3706 599 3760 monstrat
629 3688 837 3771 figura,
878 3699 1075 3752 omnia
1115 3696 1485 3760 octochorda,
1525 3695 1631 3747 hoc
1670 3698 1778 3760 est,

127 3792 406 3864 cujusque
431 3789 589 3862 tropi
609 3790 889 3861 diapason
918 3806 951 3842 a
974 3786 1225 3858 propriis
1249 3784 1456 3838 litteris
1484 3784 1781 3836 inclinave-

132 3880 261 3947 rint,
284 3879 699 3945 mediaverint,
723 3876 1121 3941 exaltaverint,
1149 3875 1421 3927 finierint.
1443 3873 1602 3925 Sicut
1623 3872 1777 3925 enim

130 3968 247 4025 duae
279 3970 550 4025 minores
583 3966 969 4039 symphoniae,
1007 3964 1157 4035 quod
1194 3980 1366 4016 suum
1412 3970 1518 4027 est,
1553 3961 1781 4014 duabus

130 4056 547 4130 inaequalibus,
574 4056 669 4111 sed
697 4060 889 4109 tamen
912 4054 1161 4125 prepriis
1178 4052 1385 4106 litteris
1408 4050 1780 4115 clauduntur,

127 4146 203 4201 sic
221 4151 467 4203 econtra
487 4144 763 4209 maxima,
790 4144 847 4198 id
870 4147 957 4198 est
978 4142 1280 4213 diapason,
1304 4142 1456 4209 quod
1478 4155 1646 4193 suum
1673 4142 1779 4203 est,

128 4234 353 4292 duabus
386 4233 721 4310 aequalibus
754 4236 985 4304 propter
1031 4229 1468 4301 aaquisonantiaz
1511 4232 1780 4281 naturam

124 4324 398 4398 utrinque
423 4322 835 4389 concluditur;
858 4320 1151 4375 mediatur
1168 4322 1362 4372 autem
1380 4317 1463 4371 vel
1481 4314 1783 4385 distingui-

124 4414 212 4467 tur
236 4430 357 4469 una
388 4411 697 4481 dissimili,
724 4411 823 4465 sed
856 4414 1052 4464 tamen
1104 4424 1264 4478 aeque
1310 4405 1563 4477 propria.
1598 4406 1782 4471 Quod,

127 4499 271 4557 sicut
299 4501 485 4574 longe
518 4505 653 4555 ante
694 4499 916 4555 dictum
962 4502 1070 4563 est,
1108 4513 1219 4550 non
1254 4495 1467 4548 mirum
1502 4495 1673 4548 debet
1702 4495 1785 4547 vi-

127 4588 240 4644 deri
272 4607 464 4663 quare
498 4606 633 4644 cum
666 4588 919 4660 propriis
949 4586 1160 4640 litteris
1186 4584 1645 4653 unumquodque
1669 4584 1786 4637 dia-

126 4681 384 4735 tessaron
408 4678 650 4749 sibique
673 4676 1020 4732 conveniens
1044 4676 1313 4745 diapente
1336 4673 1543 4726 debeat
1579 4671 1633 4723 in
1662 4689 1785 4725 me-

126 4766 214 4823 dio
245 4766 563 4842 copulari;
591 4771 809 4832 tamen,
844 4782 977 4820 cum
1012 4764 1278 4818 nundum
1314 4762 1417 4815 llilt
1440 4762 1515 4815 sit
1542 4761 1786 4832 mquiso-
1824 4800 1869 4862 Β

129 4857 321 4912 nantia
350 4858 428 4914 ab
463 4856 564 4910 his
600 4872 726 4927 qua:
775 4855 1054 4925 diapason
1108 4852 1408 4911 claudunt,
1465 4850 1792 4906 necessario

129 4950 294 5002 erunt
314 4947 594 5002 diversae.
621 4945 783 5000 Unde
803 4944 975 5015 longe
999 4960 1030 4996 a
1052 4942 1290 4996 veritate
1324 4940 1662 4993 discordant
1694 4940 1789 5010 qui

129 5031 241 5091 fere
262 5034 494 5107 ubique
519 5033 578 5088 in
604 5033 826 5105 quintis
857 5032 1001 5087 locis
1041 5030 1241 5085 eadem
1284 5028 1470 5097 signa,
1515 5028 1683 5097 quasi
1714 5027 1794 5081 ibi

131 5124 384 5193 perfecta
416 5122 741 5179 concordia
773 5122 869 5190 sit,
908 5123 1152 5193 ponunt.
1209 5118 1433 5182 Quibus
1480 5117 1658 5170 etiam
1687 5117 1795 5171 hoc

130 5209 262 5269 vitio
285 5210 698 5283 contingitut,
722 5214 925 5267 contra
947 5222 1318 5263 communem
1343 5220 1574 5258 omnem
1614 5204 1797 5259 musi-

200 5406 493 5488 (1002)‘In
536 5405 800 5488 margine
828 5403 944 5459 alia
975 5402 1216 5488 antiqua
1259 5399 1797 5488 manuznlmmo‘bi-

134 5468 419 5560 leivoca't
455 5468 712 5549 species,
746 5494 871 5549 quae
903 5480 1042 5531 sunt
1074 5468 1132 5525 in
1164 5489 1222 5526 se
1260 5468 1599 5524 institutivae
1630 5477 1795 5525 nam-

135 5548 395 5692 railltgaé)
432 5618 690 5692 Dehac
728 5616 1109 5692 dispositione
1153 5613 1321 5685 plura
1363 5612 1520 5692 dicta
1568 5617 1707 5666 sunt
1738 5613 1793 5666 in

141 5684 696 5764 Musica'Hugbaldi
718 5707 773 5762 p.
802 5684 842 5759 ις
861 5708 917 5762 p.
947 5691 1044 5746 152
1066 5691 1120 5741 et
1144 5684 1289 5756 seq.,
1321 5684 1415 5737 ubi
1444 5689 1635 5738 tamen
1654 5701 1796 5739 non-

1890 3509 2090 3563 eadem
2116 3505 2283 3574 signa
2302 3502 2356 3555 in
2386 3516 2538 3554 nona
2558 3498 2753 3569 potius
2777 3511 2950 3566 quam
2973 3497 3175 3548 octava
3194 3491 3429 3562 regione
3449 3506 3545 3546 ve-

1893 3597 2085 3661 niant;
2108 3590 2491 3662 sicque,quod
2514 3587 2689 3658 nimis
2713 3584 3036 3639 absurdum
3056 3585 3164 3648 est,
3181 3579 3547 3635 characteres

1892 3690 2120 3739 tantum
2155 3698 2269 3733 non
2302 3695 2470 3732 voces
2501 3675 2891 3746 mqualitatem
2937 3672 3210 3726 habeant.
3264 3669 3549 3732 Quocirca

1892 3774 2023 3828 talis
2047 3768 2449 3839 dispositionis
2473 3766 2668 3820 studio
2694 3762 3151 3817 immerentibus
3173 3758 3549 3813 consideran-

1893 3865 2030 3917 dum
2048 3864 2133 3915 est
2152 3859 2330 3929 quod,
2353 3856 2449 3909 ubi
2469 3854 2749 3923 dissipata
2763 3850 3176 3924 principalium
3194 3848 3547 3902 chordarum

1892 3950 2246 4023 operatione,
2266 3946 2604 4018 perturbata
2622 3942 2947 4015 specierum
2968 3936 3408 4005 constitutione,
3431 3934 3549 3990 dis-

1885 4022 2040 4112 jecto
2076 4043 2374 4107 troporum
2410 4034 2631 4097 ordine,
2669 4029 2749 4085 nil
2796 4030 2911 4083 fere
2958 4025 3241 4089 veritatis,
3287 4022 3370 4077 nil
3402 4039 3549 4094 pene

1893 4126 2261 4185 certitudinis
2293 4126 2539 4189 constat,
2574 4118 2719 4174 nihil
2762 4134 2824 4172 se
2862 4131 3088 4181 verum,
3147 4112 3291 4168 nihil
3326 4116 3549 4167 certum

1894 4222 2123 4272 acturos
2141 4213 2346 4268 sciant.
2368 4210 2528 4273 Quod
2546 4215 2608 4262 ut
2627 4205 2998 4261 manifestius
3016 4204 3139 4268 fiat,
3155 4202 3421 4257 eamdem
3440 4201 3550 4257 sub

1895 4305 2081 4362 oculis
2113 4301 2553 4373 dispositionem
2592 4311 2902 4368 ponamus.

2017 4431 2058 4503 ε
2382 4425 2424 4498 ε
2456 4460 2463 4466 -
2848 4405 2884 4479 ε
3186 4414 3230 4488 ε

2006 4530 2070 4591 Α,
2106 4538 2281 4581 tonus;
2383 4522 2446 4673 BI.
2482 4518 2724 4576 semitae.
2834 4515 2915 4576 C.
2946 4525 3055 4571 ton.
3193 4506 3275 4673 Si;
3296 4513 3409 4568 wn.

2012 4620 2058 4673 ,1
2390 4664 2402 4673 .
2477 4667 2488 4673 _
2843 4607 2880 4673 /
3170 4609 3195 4673 ζ

2012 4620 2058 4692 J
2389 4603 2489 4705 J,
2597 4698 2609 4710 ,
2843 4607 2880 4674 /
3170 4603 3242 4673 'J

2010 4714 2282 4770 A.tonus.
2386 4704 2725 4761 B.semiton.
2836 4693 3045 4755 C'.lon.
3178 4689 3398 4752 D.ten.

2015 4801 2076 4947 AP.
2116 4866 2272 4941 tonus
2389 4792 2463 4943 ς,
2496 4879 2732 4933 εοιηίιοη
2850 4773 2914 4934 ἓ,
2956 4881 3043 4943 ton
3182 4770 3256 4930 ς.
3304 4874 3413 4920 ton.

2024 4977 2065 5049 Ἰ
2378 4954 2881 5046 7-x
3190 4952 3335 5049 ἔ..

2017 5043 2080 5127 In,
2112 5072 2281 5116 tonus.
2387 5056 2446 5117 Β.
2488 5043 2735 5111 semilon.
2841 5049 2904 5111 C,
2939 5055 3047 5100 ton.
3192 5043 3271 5104 ι).
3300 5047 3411 5098 ton.

2015 5172 2089 5215 *τι
2359 5152 2432 5212 ’ἡ

2017 5249 2084 5307 Δ,
2118 5254 2290 5298 tonus.
2376 5230 2437 5299 Β,
2482 5230 2723 5289 semiton.
2762 5224 2967 5303 (1003).

1908 5401 2070 5456 nulla
2102 5404 2371 5455 notarum
2405 5401 2461 5451 et
2492 5397 2792 5465 signorum
2841 5390 3240 5471 discrepantia,
3279 5382 3551 5471 ecf-surgit:

2866 5466 2967 5520 sed
3018 5449 3147 5517 dum
3196 5453 3414 5529 X,loc0
3534 5465 3548 5513 ;

1910 5507 2111 5527 ιιιιιμις
2166 5507 2241 5524 ιυι
2294 5507 2429 5524 su...
2470 5507 2815 5529 ναι
2866 5507 2967 5520 om.
3019 5507 3147 5517 υ...-
3196 5507 3239 5510 --
3486 5507 3544 5528 ,.

1908 5545 2101 5599 alterae
2146 5558 2279 5596 vero
2327 5543 2649 5611 superiores,
2703 5539 2800 5593 sed
2852 5552 2982 5591 cum
3010 5535 3043 5602 /
3083 5530 3207 5583 loco
3253 5507 3549 5611 θξᾼιεξξξθ

1907 5617 2119 5685 [ἱηίιΙεδ,
2154 5614 2254 5668 sed
2288 5590 2419 5667 cum
2450 5615 2474 5681 /
2505 5590 2745 5676 loco’N;
2781 5590 3237 5679 quartae'graves,
3278 5590 3379 5646 sed
3412 5603 3544 5643 cum

1907 5692 1954 5741 N
1986 5687 2113 5741 loco
2145 5685 2212 5740 X.
