3880 6376
303 401 432 486 κθδ

1117 416 1530 483 HERMANNI
1575 411 2013 481 CONTRACTI
2057 413 2471 480 AUGIENSIS
2516 413 2892 479 MONACHI.

3603 407 3729 474 436

383 554 443 610 Si
474 550 606 626 quis
637 551 816 624 igitur
842 550 924 607 ita
952 551 1250 608 studiosus
1296 551 1488 619 fuerit,
1539 557 1602 606 ut
1650 551 1847 606 omnia
1877 549 1948 604 ab
1979 551 2034 616 Α
2063 549 2324 613 extremi,
2360 549 2412 602 id
2449 553 2574 614 est;
2607 553 2808 620 protus
2837 551 2894 602 et
2923 545 3217 602 tetrardus
3263 559 3368 618 per
3414 547 3637 600 tonum
3674 549 3728 599 et

309 640 476 699 initio
497 641 676 712 hujus
697 641 965 712 opusculi
988 641 1142 696 dicta
1164 640 1252 696 vel
1275 641 1546 710 deinceps
1581 640 1826 695 dicenda
1850 654 1950 708 per

309 729 462 786 hanc
485 727 933 800 dispositionem
957 727 1380 800 exempliﬁcare
1404 728 1952 798 certaverit,quanto

312 836 375 876 se
399 818 583 874 errori
613 817 878 887 ejusdem
924 817 1330 888 descriptionis
1379 817 1697 878 iuvolverit.
1748 812 1945 886 procul

315 907 492 963 dubio
523 905 790 960 inveniet.
823 905 1001 974 Cujus
1033 903 1113 959 rei
1147 903 1475 958 facultatem
1501 905 1681 958 facere
1707 900 1950 957 volenti-

314 996 428 1052 bus
447 995 856 1065 relinquentes,
882 1011 1006 1058 nos,
1028 998 1092 1046 ut
1108 993 1407 1046 fastidium
1425 991 1739 1061 legentium
1755 997 1809 1046 et
1827 1005 1954 1060 ope-

315 1084 400 1140 ris
416 1083 838 1155 longitudinem
858 1087 1272 1152 temperemus,
1299 1081 1354 1134 id
1369 1081 1715 1135 omittimus.
1741 1081 1781 1135 U
1793 1085 1813 1134 t
1825 1093 1956 1132 vero

317 1173 618 1244 cmpimus,
643 1171 833 1225 adhuc
857 1187 1031 1224 unam
1057 1170 1126 1224 de
1150 1169 1446 1240 agnitione
1467 1173 1767 1240 troporum
1797 1183 1962 1237 regu-

314 1261 432 1317 lam
464 1278 498 1315 a
531 1259 852 1329 majoribus
885 1259 1116 1328 quidem
1147 1263 1210 1311 ut
1247 1259 1450 1312 rudem
1501 1275 1759 1312 massam
1791 1260 1960 1313 cil‘os-

315 1365 462 1413 sam,
481 1349 580 1403 sed
606 1347 850 1419 pleniter
875 1365 1039 1400 nona
1062 1347 1330 1415 rubigine
1352 1352 1609 1399 ecoctam
1635 1346 1959 1411 videamus,

313 1453 581 1507 eamque,
605 1435 1064 1504 utdiligentibus
1082 1440 1375 1488 constrare
1397 1435 1622 1504 poterit,
1641 1434 1891 1489 lucidam
1907 1440 1962 1490 et

312 1541 521 1597 puram
554 1523 885 1578 reddamus.
929 1523 1060 1585 Quae
1103 1521 1367 1576 videlicet
1409 1521 1628 1591 agnitio
1671 1522 1959 1583 licetcon-

308 1615 497 1668 tracta
527 1611 603 1666 sit
633 1610 940 1676 brevitate,
969 1615 1164 1664 tamen
1196 1609 1311 1662 lata
1340 1615 1394 1663 et
1427 1609 1669 1664 celebris
1691 1616 1779 1664 est
1803 1611 1962 1665 nobi-

312 1700 510 1767 litate;
545 1698 682 1770 quia
711 1699 864 1770 quod
903 1697 1069 1752 valde
1120 1697 1428 1768 pulchrum
1479 1697 1536 1751 in
1597 1714 1661 1752 ea
1707 1703 1958 1766 notatur,

315 1788 468 1844 inter
489 1786 752 1860 proprias
775 1791 830 1840 et
851 1785 1143 1856 legitimas
1171 1791 1466 1856 troporum
1493 1785 1657 1840 sedes
1682 1787 1964 1840 construi-

2065 639 2328 709 pr0prias
2347 637 2567 709 species
2592 637 2884 710 diapente,
2916 633 3094 690 medii
3117 649 3272 702 vero,
3296 632 3355 688 id
3378 637 3492 700 est,
3514 633 3727 689 deute-

2064 742 2166 780 rus
2197 732 2251 780 et
2280 727 2452 781 tritus
2479 742 2580 796 per
2599 725 2862 781 ditonum
2884 727 2940 779 et
2959 723 3226 796 proprias
3262 723 3492 794 species
3510 719 3730 776 diates-

2067 832 2238 870 saron
2268 815 2584 869 variantur.
3015 833 3024 840 ·

2139 905 2285 972 Erga
2318 921 2430 958 uno
2465 903 2698 957 vulnere
2729 903 2786 956 in
2818 902 2926 956 hac
2956 901 3277 956 offensione
3312 904 3544 966 sanato,
3583 898 3729 955 alte-

2057 1009 2194 1046 ram
2225 992 2413 1046 tribus
2441 1007 2652 1061 aegram
2685 991 3022 1045 vulneribus
3045 988 3418 1060 requiramus
3444 994 3503 1043 et
3523 987 3730 1044 humi-

2072 1079 2202 1134 liter
2218 1079 2451 1134 sanitati
2476 1078 2876 1133 restituamus.
2902 1077 2966 1132 Hi
2992 1093 3149 1148 ergo,
3175 1077 3248 1132 de
3287 1075 3509 1147 quibus
3532 1075 3732 1147 loqui-

2072 1184 2223 1233 mur,
2257 1167 2593 1237 ignorantes
2625 1184 2690 1220 ea
2722 1184 2848 1236 quin
2879 1165 3040 1220 dicta
3073 1169 3212 1220 sunt
3240 1164 3302 1219 in
3349 1181 3448 1220 sex
3479 1164 3730 1220 vocibus

2073 1255 2494 1327 perfectissime
2524 1261 2810 1319 constare,
2861 1255 3002 1309 dum
3055 1253 3328 1308 extractis
3377 1253 3734 1326 regulariter
3790 1295 3801 1309 .

2068 1343 2256 1398 tribus
2285 1342 2468 1414 tropis
2511 1359 2610 1414 per
2640 1346 2704 1410 Α,
2757 1344 2817 1406 Β,
2867 1347 2924 1406 C,
2978 1346 3222 1412 quartus
3257 1341 3591 1396 secundum
3633 1358 3734 1398 eos

2069 1432 2367 1497 defuisset,
2402 1436 2852 1502 assumpserunt
2873 1431 3066 1486 adhuc
3085 1435 3306 1502 septem
3331 1446 3524 1497 voces,
3551 1434 3613 1485 et
3635 1447 3734 1485 an-

2069 1521 2419 1575 tedictorum
2454 1525 2756 1591 troporum
2789 1519 3052 1574 ordinem
3084 1517 3292 1590 aequali
3317 1517 3524 1589 regula
3543 1533 3652 1590 per
3667 1521 3732 1584 Ι),

2071 1609 2132 1676 Ε,
2155 1613 2190 1660 F
2217 1614 2562 1680 repetentes,
2589 1612 2862 1679 quartum
2887 1608 3124 1662 demum
3147 1611 3382 1678 tropum
3407 1623 3514 1679 per
3535 1605 3734 1662 solum

2071 1697 2117 1752 G
2139 1703 2274 1752 tono
2295 1697 2631 1766 remissum,
2655 1697 2886 1751 duobus
2907 1697 3061 1751 tonis
3084 1695 3514 1768 semitonioque
3541 1695 3734 1751 inten-

2071 1787 2304 1852 debant,
2322 1786 2403 1838 ita
2417 1790 2478 1839 ut
2493 1786 2712 1840 dictum
2733 1789 2819 1838 est
2835 1783 3262 1855 delinquentes,
3282 1784 3438 1855 quod
3452 1785 3731 1839 eumdem

317 1879 433 1932 tur.
458 1877 556 1930 Est
577 1879 770 1930 autem
793 1875 918 1943 ejus
945 1873 1074 1928 talis
1093 1875 1254 1927 ratio.
1279 1875 1486 1944 Accipe
1504 1873 1960 1941 tetrachordum,
1997 1910 2042 1974 Β
2073 1881 2304 1946 trOpum
2328 1879 2528 1927 contra
2549 1873 2880 1944 oppositum
2919 1889 3116 1940 suum,
3161 1873 3219 1927 id
3262 1877 3351 1928 est
3373 1877 3636 1944 protum,
3668 1887 3732 1927 eo

323 1964 714 2036 quodcunque
745 1961 1020 2029 volueris,
1055 1962 1209 2016 verbi
1241 1963 1428 2031 gratia
1461 1962 1744 2034 gravium,
1770 1963 1965 2018 addito

321 2054 598 2125 utrinque
619 2056 784 2129 tono,
808 2052 990 2106 habes
1021 2051 1302 2106 terminos
1334 2053 1662 2118 modorum,
1696 2051 1797 2122 qui
1831 2053 1972 2106 ﬁant

322 2143 490 2198 sedes
521 2146 844 2211 troporum.
879 2141 1027 2194 Sunt
1057 2145 1251 2194 autem
1286 2145 1538 2210 quatuor
1559 2141 1734 2212 tropi,
1765 2146 1820 2196 et
1843 2141 1971 2195 toti-

322 2231 454 2286 dem
474 2245 680 2284 vocum
707 2226 884 2282 modi.
905 2227 1134 2280 Primus
1149 2243 1356 2280 vocum
1375 2227 1582 2280 modus
1604 2232 1688 2280 est
1713 2228 1810 2298 qui
1836 2233 1971 2282 tono

321 2318 654 2390 deponitur,
687 2321 742 2370 et
775 2315 961 2386 prima
991 2315 1179 2384 specie
1211 2315 1479 2384 diapente
1505 2315 1842 2370 intenditur.
1870 2317 1971 2370 llic

321 2405 500 2461 habet
538 2403 893 2476 agnitionem
945 2403 1003 2457 in
1054 2404 1160 2457 hac
1209 2403 1564 2473 antiphona:
1621 2405 1802 2475 (1004)
1834 2407 1973 2460 Pro-

317 2494 496 2566 phetze
511 2492 951 2564 prwdicavcrunt
985 2509 997 2558 ;
1033 2495 1128 2545 et:
1159 2492 1222 2545 In
1273 2499 1360 2545 tuo
1407 2492 1660 2558 adventu,
1714 2498 1769 2547 et
1811 2493 1972 2547 simi-

323 2582 502 2648 libus,
532 2598 658 2654 quze
681 2597 780 2659 sex
801 2579 1046 2635 chordas
1072 2597 1182 2634 non
1211 2581 1518 2634 excedunt.
1546 2581 1644 2635 Hic
1682 2583 1891 2636 modus
1913 2583 1971 2636 in

327 2669 752 2744 principalibus
794 2669 942 2740 proti
973 2668 1206 2724 chordis
1238 2671 1300 2733 Α,
1337 2669 1405 2735 D,
1439 2685 1490 2732 a,
1523 2669 1581 2734 d,
1615 2670 1970 2740 agnoscitur.

325 2759 659 2816 Secundum
694 2758 932 2813 modum
970 2758 1171 2811 ditono
1224 2757 1559 2821 remissum,
1613 2763 1668 2812 et
1718 2758 1975 2812 secunda

326 2847 518 2920 specie
535 2847 902 2902 diatessaron
918 2845 1145 2900 intensu
1157 2863 1208 2898 ru
1226 2846 1283 2898 in
1303 2845 1720 2916 principalibus
1740 2847 1974 2900 chordis

325 2936 547 2992 deuteri
569 2937 632 3002 Β,
659 2937 720 3005 Ε,
745 2937 792 3005 'e,
816 2952 866 3002 e,
893 2935 1234 2988 existentem
1262 2934 1462 3004 pandit
1483 2933 1600 2986 haec
1621 2933 1970 3004 antiphona:

328 3025 514 3080 Gloria
543 3024 660 3080 lucc
688 3029 786 3088 est,
818 3027 874 3077 et
906 3021 1127 3076 similes
1151 3039 1253 3075 seu
1281 3022 1605 3088 autcuticze,
1645 3039 1746 3076 seu
1771 3023 1974 3092 subju-

328 3113 511 3187 gales,
538 3129 664 3183 quae
684 3128 782 3166 sex
798 3110 1046 3166 chordas
1065 3127 1177 3164 non
1195 3111 1500 3164 excedunt.
1515 3111 1744 3164 Tertius
1769 3113 1976 3165 modus

326 3203 501 3258 tertia
519 3201 708 3272 specie
731 3200 1090 3254 diatessaron
1117 3199 1450 3262 remittitur;
1475 3204 1530 3252 et
1565 3199 1761 3254 ditono
1787 3200 1977 3254 inten-

2081 1981 2192 2034 quo
2216 1963 2437 2016 dictum
2459 1967 2548 2017 est
2567 1963 2732 2016 modo
2751 1978 2860 2015 non
2884 1965 3322 2027 converterunt;
3341 1960 3557 2015 deinde
3575 1960 3730 2032 quod

2081 2068 2213 2106 eum
2239 2069 2421 2122 supra
2447 2051 2686 2105 modum
2713 2051 3100 2115 intendentes,
3143 2049 3472 2120 legitimam
3516 2065 3620 2104 sex
3641 2065 3734 2104 vo-

2081 2157 2214 2194 cum
2248 2145 2464 2193 metam
2509 2142 2900 2204 excesserunt,
2947 2154 3074 2208 quae
3121 2153 3154 2192 a
3200 2137 3242 2192 C
3289 2137 3586 2208 incipiens
3617 2137 3677 2192 in
3707 2155 3739 2193 a

2081 2229 2433 2300 porrigitur;
2468 2232 2760 2298 postremo
2816 2227 3085 2281 eamdem
3132 2225 3532 2282 intensionem
3575 2225 3740 2281 nulla

2083 2317 2314 2387 propria
2347 2316 2538 2386 specie
2565 2315 2954 2369 confecerunt.

2154 2406 2300 2475 Ergo
2328 2404 2478 2459 hanc
2509 2403 2866 2474 agnitionem
2899 2407 3200 2474 troporum
3242 2403 3302 2457 in
3352 2401 3624 2474 quolibet
3651 2409 3736 2459 te-

2083 2493 2412 2557 trachordo,
2436 2493 2656 2561 adjecto
2681 2491 2956 2563 utrinque
2979 2495 3135 2558 tono,
3171 2490 3426 2562 perfecte
3465 2491 3596 2546 ﬁeri
3619 2507 3739 2547 ma-

2084 2581 2364 2636 nifestum
2397 2587 2506 2636 est.
2540 2582 2593 2634 Si
2628 2579 3124 2652 quadrichordum
3165 2580 3436 2652 gravium
3468 2579 3736 2652 elegeris,

2085 2670 2192 2724 erit
2232 2669 2335 2722 tibi
2380 2673 2644 2739 quartus,
2687 2669 2755 2722 de
2785 2684 2900 2738 quo
2933 2667 3146 2738 agitur,
3179 2673 3384 2740 tropus
3416 2669 3474 2722 in
3504 2669 3576 2733 D,
3605 2669 3738 2740 quia

2085 2759 2420 2812 communio
2451 2757 2711 2811 estinter
2731 2762 2961 2828 protum
3003 2761 3060 2812 et
3095 2757 3441 2812 tetrardum.
3483 2757 3546 2812 Si
3566 2756 3735 2813 ﬁnale

2085 2845 2430 2917 sumpseris,
2465 2845 2574 2899 erit
2608 2845 2710 2900 tibi
2745 2851 2979 2899 econtra
3008 2849 3212 2917 protus
3241 2845 3301 2900 in
3337 2845 3404 2914 D,
3438 2847 3736 2902 tetrardus

2032 3007 2037 3012 1
2083 2934 2140 2988 in
2174 2934 2240 3000 G,
2274 2951 2563 3005 nusquam
2599 2934 2872 3005 praedicta
2912 2933 3215 2989 vacillante
3264 2934 3486 3006 regula.
3522 2936 3734 2991 Eadem

2085 3024 2142 3078 in
2176 3023 2573 3094 superioribus
2603 3028 2660 3077 et
2689 3022 3101 3086 excellentibus
3123 3023 3415 3094 speculari
3439 3023 3601 3082 licet.
3625 3024 3736 3080 Ma-

2085 3113 2360 3166 nifestum
2385 3116 2472 3166 cst
2495 3129 2630 3183 ergo
2662 3112 2719 3165 in
2744 3111 2849 3166 hac
2876 3111 3077 3182 regula
3094 3111 3315 3182 priores
3334 3113 3604 3169 musicos
3626 3130 3736 3168 non

2085 3200 2366 3270 agnitioni
2399 3205 2697 3269 troporum
2732 3198 3078 3263 intendisse,
3119 3201 3219 3256 sed
3257 3200 3615 3272 simpliciter
3642 3218 3740 3273 per

327 3291 504 3356 ditur,
539 3288 691 3344 sicut
722 3287 839 3342 triti
865 3286 1214 3358 principales
1247 3286 1475 3340 chordae
1509 3287 1568 3353 Ο,
1605 3288 1664 3355 F,
1715 3306 1765 3354 c,
1800 3289 1836 3354 Γ,
1873 3289 1970 3342 de-
2005 3273 2046 3338 C
2085 3294 2306 3359 septem
2339 3305 2544 3343 vocum
2593 3287 2934 3342 discrimina
2979 3294 3201 3360 septem
3253 3306 3491 3361 quoque
3545 3296 3741 3362 tropos

327 3380 568 3434 clarant.
599 3377 785 3447 Hujus
819 3376 1100 3430 indicium
1133 3381 1219 3430 est
1249 3376 1305 3428 in
1340 3375 1446 3429 hac
1479 3375 1800 3447 antiphona
1825 3394 1835 3430 ;
1861 3381 1971 3432 Mo-

326 3467 510 3523 dicum
538 3471 589 3522 et
618 3483 726 3520 non
757 3465 890 3532 vz'd.,
926 3468 980 3518 ct
1023 3463 1339 3518 similibus.
1399 3466 1680 3528 Quartum
1730 3465 1968 3519 modum

325 3573 532 3612 vocum
561 3559 698 3610 tono
743 3554 1062 3619 intensum,
1123 3557 1178 3606 et
1223 3557 1430 3623 quarta
1479 3553 1670 3622 specie
1703 3553 1970 3623 diapente

326 3645 640 3699 remissum
665 3643 918 3696 tetrardo
942 3647 1232 3712 aptamus,
1258 3641 1394 3710 quia
1415 3640 1601 3712 ipsius
1624 3642 1971 3712 principales

328 3732 560 3788 chordae
582 3737 641 3798 Ο,
669 3730 733 3796 G,
759 3731 815 3797 d,
839 3747 897 3801 g,
917 3729 1082 3782 illum
1115 3730 1453 3796 coniiciunt,
1493 3731 1646 3800 quod
1671 3730 1728 3784 in
1754 3731 1845 3784 his
1869 3748 1968 3784 an-

329 3819 591 3892 tiphonis
615 3819 709 3874 :Sz'
729 3835 848 3872 vere
873 3821 1074 3887 [rnlres
1104 3823 1192 3872 et:
1219 3819 1376 3872 Mulli
1406 3821 1638 3884 venient,
1674 3824 1730 3873 et
1761 3819 1970 3874 simili-

329 3911 440 3965 bus
465 3912 652 3981 potest
673 3907 953 3979 dignosci.
987 3910 1121 3970 Quae
1157 3924 1290 3978 ergo
1333 3907 1486 3961 dicta
1515 3913 1653 3962 sunt
1673 3907 1730 3961 in
1755 3892 1854 3962 sei
1870 3925 1970 3963 vo-

332 3998 497 4054 cibus
517 4001 850 4052 constructa
872 4002 987 4051 tam
1015 3995 1226 4050 senarii
1253 3996 1498 4060 numeri,
1527 4013 1702 4066 quam
1733 3997 1972 4050 maximi

330 4085 642 4153 intervalli,
677 4085 828 4155 quod
865 4089 946 4139 tot
976 4083 1214 4138 Vocibus
1263 4088 1508 4148 constat,
1563 4085 1970 4155 perfectionem

333 4177 756 4231 demonstrant.

404 4263 473 4316 Et
495 4262 616 4317 haec
657 4263 978 4316 secundum
1021 4266 1279 4316 nostram
1328 4261 1786 4332 speculationem
1822 4263 1974 4318 dicta

331 4355 469 4406 sunt
496 4369 508 4419 ;
535 4356 804 4408 caeterum
826 4353 1076 4420 majores
1105 4351 1163 4404 in
1185 4349 1274 4404 his
1297 4349 1637 4404 ell'udiendis
1676 4351 1880 4421 agiles,
1913 4351 1971 4405 in

329 4440 722 4512 expurgandis
750 4457 977 4510 segnes,
1007 4439 1146 4492 dum
1177 4455 1325 4509 saepe
1348 4439 1561 4491 dictum
1589 4439 1629 4492 Ι)
1661 4439 1974 4494 1;›ἱί“υῐ·ῐι]ἱῐι1-

329 4533 447 4584 tem
479 4546 592 4583 non
625 4529 1021 4593 attendehant,
1066 4527 1119 4580 in
1167 4531 1374 4596 quarto
1423 4527 1546 4581 loco
1599 4529 1788 4598 quarti
1823 4527 1972 4599 tropi

2079 3378 2502 3432 dinumerasse.
2535 3377 2696 3432 Unde.
2719 3377 2957 3447 quidam
3001 3378 3268 3448 ignorata
3299 3378 3664 3436 hiformitate
3696 3379 3738 3434 D

2079 3472 2348 3521 octavum
2387 3471 2628 3543 tropum.
2659 3465 2896 3520 omnino
2931 3470 3279 3534 tacuerunt;
3317 3467 3568 3538 quidam
3608 3484 3739 3524 eum

2081 3571 2256 3624 super
2269 3555 2617 3623 magistrum
2635 3571 2647 3620 ;
2664 3554 2904 3624 quidam
2919 3571 3052 3610 cum
3072 3554 3198 3626 ipso
3213 3559 3586 3612 statuerunt:
3607 3574 3733 3629 quas

2081 3643 2275 3697 omnia
2297 3641 2596 3713 aequaliter
2617 3643 2871 3697 absurda
2900 3659 3027 3698 esse
3059 3659 3231 3698 meno
3255 3648 3346 3699 est
3372 3644 3476 3716 qui
3513 3645 3741 3702 nesciat

2082 3732 2129 3786 si
2163 3733 2319 3785 enim
2352 3736 2598 3801 quartus
2630 3732 2959 3786 autenticus
2992 3732 3365 3804 subjugalem
3392 3750 3508 3788 non
3538 3734 3740 3800 habet,

2081 3821 2234 3873 unde
2256 3825 2374 3874 tres
2396 3819 2783 3890 praecedentes
2819 3819 3085 3875 habent?
3109 3820 3168 3876 Si
3214 3820 3408 3889 habet,
3454 3824 3562 3877 sed
3589 3823 3742 3894 inju-

2082 3907 2254 3973 riose,
2282 3925 2388 3962 suo
2411 3909 2829 3979 superponitur
2850 3909 3045 3980 capiti,
3088 3909 3168 3964 ibi
3209 3927 3344 3964 eum
3388 3909 3589 3966 locum
3630 3928 3742 3967 non

2082 3996 2294 4052 habere
2326 4001 2443 4050 tam
2493 3997 2872 4065 subjectionis
2915 3999 3048 4068 jure
3095 4014 3274 4070 quam
3332 3998 3746 4070 dispositionis

2084 4087 2306 4140 ratione
2329 4085 2689 4140 sufficienter
2711 4085 2764 4140 in
2793 4086 3194 4156 superioribus
3212 4091 3616 4144 monstratum
3635 4094 3741 4145 est.

2081 4176 2136 4227 Si
2160 4175 2483 4228 secundum
2508 4175 2795 4244 quosdam
2821 4175 3008 4246 ipsius
3032 4176 3296 4247 magistri
3321 4177 3432 4232 sibi
3465 4177 3742 4234 semitam

2082 4263 2409 4334 usurpabit,
2447 4263 2760 4318 ridiculum
2801 4263 2928 4328 erit,
2980 4263 3120 4334 quia
3163 4263 3318 4320 inter
3367 4264 3412 4319 G
3453 4281 3511 4320 et
3559 4283 3599 4338 g
3628 4282 3744 4322 una

2085 4353 2295 4415 media,
2318 4351 2376 4404 id
2401 4358 2488 4406 est
2511 4351 2544 4404 d
2567 4352 2870 4415 existente,
2890 4351 3511 4424 simplicibusquoque
3533 4355 3743 4410 diates-

2083 4456 2253 4494 saron
2288 4443 2343 4494 et
2373 4440 2643 4510 diapente
2676 4439 2978 4509 speciebus
3010 4440 3120 4494 sibi
3151 4441 3614 4498 succedentibus
3643 4441 3738 4498 illo

2085 4530 2256 4582 modo
2279 4528 2608 4582 liil'nrmitas
2631 4529 2707 4581 ibi
2735 4545 2845 4582 non
2881 4529 3010 4593 erit,
3055 4546 3168 4600 quo
3210 4529 3363 4584 inter
3385 4534 3429 4583 D
3450 4535 3510 4586 et
3533 4533 3570 4586 d
3595 4531 3738 4586 dua-

327 4618 688 4690 agnitionem
722 4617 1133 4671 subtrahentes
1154 4616 1542 4681 oti‘endebant,
1581 4633 1692 4668 non
1717 4618 1974 4671 censide-
2005 4637 2050 4700 Ι)
2084 4618 2190 4670 bus
2212 4617 2482 4671 mediist}
2506 4623 2560 4670 et.
2583 4636 2636 4680 a,
2673 4618 2979 4688 speciebus
3022 4633 3253 4689 quoque
3289 4619 3665 4676 diatessaron
3688 4624 3742 4676 et

329 4711 542 4775 rantes,
579 4712 776 4776 tropos
801 4705 1042 4758 invicem
1069 4704 1322 4759 converti
1349 4722 1360 4759 :
1388 4710 1452 4758 ut
1476 4711 1679 4775 protus
1721 4711 1854 4759 tono
1879 4706 1972 4760 de-

329 4795 555 4863 positus
581 4793 767 4864 prima
789 4794 978 4863 specie
997 4793 1266 4864 diapente
1292 4793 1657 4860 intendatur;
1689 4795 1976 4848 tetrardus

328 4897 462 4936 vero
485 4885 720 4936 econtra
741 4887 944 4951 quarto
968 4881 1017 4936 ei
1038 4881 1161 4936 loco
1185 4881 1508 4952 oppositus,
1533 4886 1667 4934 tono
1688 4881 1974 4946 intcnsus,

333 4973 542 5038 quarta
565 4968 757 5038 specie
779 4970 1048 5040 diapente
1073 4971 1435 5037 remittatur;
1469 4971 1745 5024 deuterus
1777 4972 1974 5026 ditono

334 5056 617 5111 remissus
644 5057 900 5110 secunda
931 5057 1118 5126 specie
1149 5057 1416 5128 diapente
1458 5059 1805 5113 remittatur.
1837 5066 1975 5114 'l‘er-

332 5144 452 5198 tius
481 5161 610 5197 vero
643 5149 879 5198 econtra
910 5145 1106 5199 ditono
1128 5145 1420 5211 intonsus,
1449 5147 1620 5200 tertia
1649 5149 1836 5216 specie
1859 5148 1975 5202 dia-

331 5235 596 5286 tessaron
634 5232 979 5286 remittatur.
1023 5233 1128 5290 Ubi
1179 5238 1235 5288 et
1280 5233 1387 5287 hoc
1428 5235 1770 5300 notandum,
1817 5238 1969 5306 quod

2085 4705 2352 4776 diapente
2380 4723 2490 4758 non
2509 4705 2852 4776 simpliciter
2865 4707 3250 4761 existentibus
3269 4707 3584 4778 aptissima
3599 4710 3739 4765 duo-

2087 4795 2196 4849 bus
2228 4795 2408 4866 tropis
2444 4794 2637 4848 sinum
2671 4795 3000 4850 bit'ormitas
3031 4795 3237 4866 aperit.
3265 4796 3376 4852 Sed
3409 4797 3484 4852 de
3506 4797 3738 4869 hisjam

2086 4884 2445 4938 sufﬁcienter
2475 4883 2695 4938 dictum
2728 4889 2835 4938 est.

2145 4972 2416 5026 Nonnihil
2433 4989 2662 5042 quoque
2679 4973 2747 5026 ad
2766 4971 3119 5044 agnitionem
3137 4974 3396 5044 proderit
3411 4979 3736 5048 troporum,

2085 5060 2130 5114 si
2166 5061 2295 5132 quis
2328 5061 2500 5114 simul
2534 5059 2800 5114 omnium
2837 5066 3133 5132 troporum
3167 5062 3543 5120 diversitates
3575 5067 3738 5121 dinu-

2085 5149 2322 5204 meratis
2352 5149 2456 5204 hoc
2491 5149 2660 5204 modo
2691 5147 2834 5204 locis
2865 5148 3141 5204 intuetur.

410 5383 588 5450 (1004)
621 5379 862 5435 Notulas
895 5380 1166 5452 antiquas
1196 5381 1288 5435 hic
1322 5384 1377 5434 et
1406 5380 1462 5433 in
1497 5384 1872 5451 sequentibus
1903 5387 1974 5441 ob
2005 5391 2271 5459 typorum
2307 5387 2595 5441 delectum
2631 5387 2976 5442 omittimus.
