3880 6352
401 422 520 487 M1
1228 419 1643 484 HERMANNI
1687 409 2128 483 CONTRACTI
2168 410 2587 480 AUGIENSIS
2632 405 3013 479 MONACHI.
3716 401 3840 478 ut

401 556 548 614 Nam
596 555 760 613 labor
801 555 1120 625 humanus,
1169 554 1398 626 sollers,
1451 555 1520 611 ad
1567 553 1730 609 lucra
1775 555 2040 624 paratus,
2070 550 2125 616 Α
2154 551 2310 616 Quos
2337 547 2460 605 ovis
2490 553 2546 604 et
2572 548 2775 620 quales
2807 549 3027 605 mundo
3058 532 3208 604 ferat
3233 545 3525 605 utilitates

473 647 582 702 Pro
613 663 728 719 quo
761 646 845 702 sic
877 647 1051 701 sudat
1081 662 1192 700 non
1227 645 1370 699 nihil
1401 660 1529 700 esse
1560 647 1766 715 putat;
2224 637 2398 694 Plura
2427 654 2530 693 nec
2561 641 2866 694 enumerat
2895 636 3169 694 Flandria
3199 637 3249 694 si
3283 637 3506 711 cupiat.

402 734 558 792 Mille
591 735 779 791 modis
805 734 1008 790 tritum
1038 735 1388 788 transfertur
1419 733 1477 787 in
1527 732 1737 787 horrea
1766 745 2042 802 granum,
2879 744 3063 782 LINUM

473 827 612 880 Cum
649 840 748 895 per
780 841 1082 896 pressuras
1114 822 1333 878 exuerit
1364 821 1578 892 paleas.
2153 815 2433 871 Humanis
2465 817 2659 883 rebus,
2691 830 2878 887 neque
2900 815 3056 870 enim
3088 814 3197 870 tibi
3229 823 3720 888 veranegamns,

401 913 528 969 Non
560 913 733 968 cellas
765 913 1039 977 subeunt,
1075 929 1188 966 non
1223 927 1386 981 rcges
1418 915 1586 964 antea
1617 912 1868 980 pascunt
2221 904 2472 959 Maxima
2502 910 2639 960 sunt
2670 905 2849 960 vestis
2879 909 2935 960 et
2964 903 3154 970 cibus,
3182 909 3247 959 ut
3273 903 3538 977 loqueris
3568 922 3585 973 ;

473 1005 653 1068 Quam
687 1005 921 1056 careant
951 1001 1134 1055 acinis
1165 1001 1348 1054 libera
1379 1001 1510 1052 vina
1542 997 1684 1052 suis.
2149 993 2257 1048 Sed
2309 993 2435 1049 sine
2461 998 2516 1048 te
2545 998 2756 1063 vestes,
2805 993 2930 1048 sine
2961 997 3016 1048 te
3045 992 3134 1048 lac
3165 994 3426 1050 mundus
3457 993 3729 1051 haberet

399 1091 618 1146 Tunsio
641 1091 839 1144 crebra
875 1094 1034 1160 parat
1063 1090 1216 1160 quod
1253 1088 1469 1158 templa
1499 1104 1641 1142 suus
1666 1084 1811 1157 lapis
1829 1089 1999 1139 ornat
2025 1101 2038 1138 :
2220 1082 2454 1154 Absque
2483 1086 2582 1138 tuo
2608 1099 2909 1139 removens
2939 1081 3126 1155 frigus
3155 1086 3212 1138 et
3241 1083 3520 1138 esuriem.

469 1179 562 1234 Sic
592 1179 827 1250 capiunt
861 1179 1076 1232 formas
1109 1178 1270 1247 ligna
1299 1177 1494 1231 dolata
1526 1193 1683 1230 suas.
2153 1173 2213 1226 In
2248 1173 2303 1226 te
2334 1188 2436 1243 per
2466 1170 2705 1228 stultam
2737 1171 2893 1242 quod
2923 1171 3010 1226 vis
3044 1172 3361 1227 transferre
3385 1171 3700 1244 rapinam,

396 1267 518 1336 Vis,
551 1285 848 1338 pressura,
882 1283 1102 1334 cruces,
1138 1269 1445 1334 tormenta,
1500 1263 1772 1335 pericula,
1825 1265 2039 1316 mortes
2219 1259 2505 1315 Omnibus
2535 1277 2568 1314 a
2601 1259 2844 1331 reliquis
2874 1259 2931 1314 id
2965 1276 3260 1316 removere
3290 1259 3482 1332 cupis,

464 1357 710 1410 Praemia
741 1355 1084 1426 promeritas
1119 1355 1426 1424 puritirant
1455 1353 1702 1407 animas.
2150 1349 2218 1402 Et
2245 1349 2385 1404 dum
2420 1353 2475 1404 te
2503 1347 2732 1415 laudas,
2758 1349 2876 1404 imo
2906 1347 3146 1404 laudare
3184 1347 3442 1416 laboras,

393 1445 736 1499 Subsidium
769 1443 870 1497 lini
904 1443 1105 1513 quaerit
1135 1441 1465 1512 respublica
1513 1439 1714 1494 mundi
1743 1457 1755 1505 ;
2218 1435 2368 1492 Laus
2390 1441 2491 1491 tua
2521 1436 2596 1492 sit
2640 1437 2844 1492 multis
2876 1436 3167 1492 invidiosa
3206 1437 3408 1494 nimis.

466 1532 710 1587 Publica
738 1549 914 1586 causa
947 1533 1108 1602 petit,
1141 1529 1374 1600 publica
1405 1546 1544 1582 cura
1574 1528 1728 1582 colit.
2147 1525 2286 1590 Quis
2310 1541 2617 1581 numerare
2643 1530 2817 1598 queat
2848 1527 2920 1581 ad
2968 1525 3186 1582 victum
3235 1531 3460 1598 quanta
3509 1526 3830 1586 ministrat

397 1621 461 1677 In
489 1637 798 1676 commune
831 1623 1037 1690 rogant
1068 1637 1133 1674 ac
1164 1619 1221 1673 in
1257 1634 1567 1672 commune
1597 1617 1895 1682 laborant;
2219 1614 2428 1670 Omnia
2447 1615 2595 1670 dans
2627 1613 2849 1670 homini
2880 1614 3044 1686 larga
3074 1631 3287 1673 manus
3312 1613 3608 1672 Domini?

467 1709 880 1782 Unusquisque
915 1709 1036 1764 suis
1061 1723 1151 1762 me
1185 1711 1349 1778 parat
1383 1706 1612 1761 officiis.
2148 1704 2296 1768 Quot
2317 1701 2433 1758 sint
2463 1704 2536 1758 ad
2569 1707 2754 1758 vestes
2780 1720 2906 1774 quae
2937 1704 3081 1758 dant
3123 1703 3404 1761 animalia
3433 1703 3626 1777 pelles
3647 1705 3680 1760 ?

393 1797 578 1855 Unica
604 1815 694 1853 res
724 1798 910 1852 linum
945 1814 1121 1869 quam
1155 1796 1430 1850 Conditor
1459 1793 1600 1849 utile
1631 1794 1850 1848 donum
2221 1792 2432 1862 Ingens
2463 1795 2563 1846 aut
2592 1790 2811 1860 nullus,
2836 1795 2902 1847 ut
2931 1808 3079 1860 reor,
3115 1796 3205 1848 est
3234 1809 3543 1850 numerus.

465 1888 658 1942 Rebus
691 1886 1004 1940 mundanis
1038 1890 1168 1956 post
1197 1884 1483 1939 elementa
1523 1881 1714 1936 dedit!
2067 1919 2114 1983 Β
2149 1880 2496 1983 Tanquoque
2527 1879 2692 1983 testis
2716 1880 2875 1983 eris,
2895 1881 2944 1936 si
2969 1884 3205 1979 tantum
3230 1897 3367 1937 vera
3390 1882 3625 1950 fateris,

390 1977 500 2032 Sed
531 1976 668 2048 quia
700 1992 793 2030 me
823 1977 932 2030 sub
966 1974 1136 2045 aquis
1167 1973 1310 2028 solvi
1341 1973 1646 2044 putredine
1675 1970 1842 2036 dicis,
2067 1967 2114 1983 ”
2218 1967 2494 2024 Nostrum
2527 1968 2792 2023 subsidio
2821 1969 3058 2040 dignius
3089 1985 3221 2025 esse
3249 1973 3372 2026 tuo.

461 2065 524 2120 In
554 2069 610 2120 te
642 2068 800 2119 verte
830 2068 984 2130 tuos,
1015 2068 1079 2117 ut
1103 2067 1317 2126 taceas,
1349 2059 1571 2116 oculos.
2147 2055 2463 2111 Multorum
2491 2073 2793 2128 nunquam
2823 2061 2880 2112 te
2908 2057 3154 2130 contigit
3193 2075 3338 2114 usus
3367 2057 3428 2112 in
3459 2075 3668 2117 escam
3694 2079 3710 2129 ;

387 2153 436 2208 Α
463 2153 620 2224 turpi
652 2152 840 2224 turpis
873 2154 1164 2208 abstracta
1193 2151 1470 2205 cadavere
1500 2147 1672 2220 pellis
2217 2145 2328 2200 Lac
2357 2161 2588 2217 quoque
2607 2145 2694 2201 vel
2726 2161 2998 2218 pressum
3027 2146 3118 2201 vel
3149 2147 3387 2219 fugiunt
3409 2145 3748 2219 liquidum.

459 2243 524 2296 In
553 2245 771 2296 tectum
801 2241 1058 2294 trahitur
1085 2239 1206 2294 sole
1239 2242 1496 2293 cremata
1527 2237 1625 2290 diu
2147 2234 2248 2289 Est
2276 2237 2377 2288 tua
2407 2249 2539 2288 cum
2571 2233 2740 2306 pellis
2770 2238 2872 2290 aut
2903 2239 3110 2291 caetera
3135 2233 3309 2291 lanea
3345 2235 3555 2305 vestis,

389 2329 460 2384 Et
488 2327 741 2384 simulin
771 2332 931 2382 cocto
964 2327 1239 2398 nigressit
1269 2331 1390 2381 tota
1420 2340 1640 2380 veneno
1667 2342 1680 2391 ;
2217 2321 2524 2394 Spernitur
2552 2327 2655 2378 aut
2683 2322 2816 2379 vilis
2839 2328 2940 2379 aut
2969 2323 3110 2395 quia
3136 2323 3263 2381 visa
3292 2324 3510 2396 gravis.

460 2417 739 2473 Indurata
768 2415 946 2470 subiti
979 2415 1186 2470 balnea
1215 2415 1393 2485 digna
1424 2413 1558 2470 sibi.
2145 2409 2240 2467 Sic
2269 2427 2371 2466 ove
2404 2427 2555 2484 saepe
2575 2416 2730 2466 caret
2761 2427 3110 2483 semperque
3139 2428 3338 2469 carere
3370 2412 3613 2483 valeret,

387 2503 600 2560 Balnea
629 2504 712 2559 sic
739 2504 908 2558 farris
940 2507 996 2558 ct
1027 2519 1188 2574 aqua}
1213 2501 1490 2557 confectio
1522 2501 1712 2572 putris
1741 2519 1754 2569 ;
2217 2500 2328 2555 Sed
2351 2515 2655 2572 nunquam
2681 2499 2799 2555 lino
2831 2499 3027 2556 nudus
3065 2499 3316 2556 habetur
3343 2501 3526 2558 homo
3555 2519 3570 2571 ;

458 2592 640 2649 Vilior
669 2593 728 2649 in
759 2592 858 2646 vili
889 2609 1022 2648 vase
1054 2592 1342 2663 putrescis
1374 2591 1478 2646 ibi.
2144 2587 2404 2660 Denique
2435 2593 2555 2644 tam
2585 2593 2840 2661 gratum,
2872 2592 2996 2644 tam
3029 2587 3372 2646 delectabile
3403 2591 3669 2660 donum,

388 2681 494 2738 Hic
526 2682 627 2754 qui
658 2685 714 2738 te
739 2681 962 2749 mersit,
997 2681 1226 2752 quoties
1259 2684 1312 2734 te
1343 2680 1496 2734 fuste
1519 2678 1795 2745 movebit,
2213 2681 2420 2732 Secum
2451 2681 2639 2750 gestat
2669 2677 2843 2733 homo
2873 2669 3133 2750 tempore
3165 2683 3469 2752 perpetuo.

462 2771 644 2827 Nares
675 2771 1002 2842 distorquet
1032 2775 1087 2824 et
1117 2774 1294 2842 caput
1326 2769 1460 2824 hinc
1493 2772 1766 2824 removet.
2147 2775 2348 2832 Gestat
2367 2791 2502 2831 cum
2534 2791 2696 2844 cura,
2726 2791 2860 2831 cum
2892 2774 3290 2833 sollicitudine
3320 2793 3591 2848 summa,

391 2861 615 2917 Tantus
647 2859 802 2915 enim
836 2877 961 2915 sese
984 2859 1150 2915 fartor
1181 2859 1476 2930 protendit
1504 2857 1722 2928 ubique
2212 2863 2501 2937 Astringit
2527 2863 2790 2936 propius,
2827 2864 3085 2936 applicat
3115 2865 3402 2935 interius;

462 2949 536 3004 Ut
566 2948 790 3020 fugiant
820 2949 932 3020 ipsi
962 2965 1112 3019 saepe
1143 2948 1385 3003 domum
1416 2945 1637 3002 domini
1665 2945 1676 2999 l
2144 2951 2414 3025 Applicat
2443 2951 2710 3017 interius,
2734 2952 2922 3008 nudos
2951 2952 3226 3024 astringit
3255 2953 3329 3009 ad
3359 2957 3554 3022 artus,

385 3037 601 3094 Caetera
628 3054 775 3109 quos
806 3037 1035 3102 sileam,
1081 3053 1216 3092 nam
1249 3035 1504 3108 plurima
1550 3038 1753 3090 caetera
1793 3037 2033 3101 restant,
2214 3041 2522 3112 Tanquam
2553 3040 2730 3107 dicat,
2761 3041 2906 3096 Amo
2937 3041 3094 3112 quod
3125 3040 3274 3098 mihi
3301 3041 3390 3098 sic
3419 3041 3611 3100 socio.

463 3123 719 3182 Ulterius
749 3124 866 3180 noli
899 3123 1292 3196 multiplicare
1321 3121 1502 3192 loqui.
2144 3129 2205 3185 Si
2233 3129 2331 3185 nix
2358 3132 2461 3185 aut
2487 3129 2694 3198 imber,
2729 3133 2831 3184 aut
2858 3129 3136 3186 turbidus
3165 3129 3342 3186 irruit
3368 3146 3494 3200 aer,

1143 3230 1288 3268 evns.
2075 3286 2104 3291 _
2215 3217 2460 3282 Cautus,
2483 3232 2648 3271 ovem
2679 3220 2942 3272 nostram
2970 3216 3150 3272 tradit
3177 3217 3252 3274 ad
3277 3219 3670 3291 obsequium.

389 3305 580 3370 Quum
621 3306 677 3358 te
709 3301 1067 3374 magnificas,
1101 3318 1282 3373 quum
1315 3302 1385 3356 de
1434 3305 1490 3355 te
1539 3299 1783 3373 grandia
1822 3301 2032 3371 jacteS,
2063 3286 2106 3354 C
2145 3307 2227 3362 Te
2256 3305 2434 3360 tradit
2469 3305 2659 3361 ventis
2689 3305 2982 3376 obicitque
3013 3305 3350 3364 furentibus
3379 3286 3592 3379 auris;

459 3390 520 3448 Si
546 3395 789 3458 taceam,
823 3395 1061 3462 reputor
1091 3391 1334 3445 forsitan
1362 3389 1618 3445 inferior.
2211 3396 2291 3450 Te
2323 3393 2422 3449 nix
2445 3393 2764 3465 perfundit,
2799 3398 2856 3450 te
2888 3410 3120 3466 quoque
3150 3396 3376 3468 grando
3407 3398 3648 3470 quatit;

387 3481 700 3538 Sufficiunt
728 3481 1036 3537 hominum
1067 3479 1194 3534 vitae
1226 3480 1342 3534 duo
1375 3477 1630 3533 maxima
1661 3493 1856 3533 rerum
1881 3492 1895 3531 :
2139 3483 2234 3540 Sic
2265 3483 2656 3554 intempestus
2687 3481 2910 3554 quoties
2940 3484 3262 3540 occurrerit
3290 3488 3484 3543 estus

458 3569 696 3642 Frigora
722 3571 900 3626 vestis
931 3585 1134 3640 agens,
1166 3585 1297 3624 esca
1325 3569 1542 3623 famem
1574 3583 1874 3623 removens
1899 3583 1912 3623 :
2214 3574 2346 3644 Ipsa
2374 3571 2495 3643 pati
2529 3571 2800 3628 ﬂammas
2829 3571 3056 3644 cogeris
3083 3573 3296 3628 aerias.

388 3657 674 3714 Humanis
704 3658 877 3714 rebus
907 3674 1023 3712 non
1053 3661 1141 3711 est
1171 3674 1304 3729 spes
1335 3655 1518 3712 altera
1540 3672 1816 3728 prorsus:
2139 3661 2369 3717 Interea
2398 3659 2549 3716 lenis
2581 3659 2956 3732 pretiosaque
2982 3659 3139 3718 linea
3167 3661 3351 3718 vestis

461 3745 579 3802 Hoc
611 3763 827 3801 munus
858 3747 1157 3818 geminum
1191 3745 1327 3800 tolle
1357 3744 1442 3800 vel
1474 3743 1622 3800 alter
1651 3749 1872 3800 utrum.
2213 3750 2377 3805 Intus
2407 3753 2538 3804 tuta
2565 3747 2730 3814 latet,
2762 3748 2998 3822 frigore,
3032 3747 3155 3804 sole
3184 3753 3364 3805 caret.

389 3835 644 3907 Utraque
671 3834 850 3890 mittit
887 3835 1029 3901 ovis,
1064 3833 1390 3906 prepellens
1421 3835 1636 3905 frigora
1666 3831 1838 3900 lanis,
2140 3839 2316 3895 Tecta
2345 3841 2552 3909 tegunt
2581 3836 2871 3905 homines,
2904 3836 3050 3910 ligni
3079 3837 3402 3910 praecordia
3429 3842 3642 3898 cortex
3667 3860 3684 3912 ;

456 3923 704 3980 Eliciens
739 3925 798 3996 [ι.
832 3925 966 3995 que]
999 3924 1158 3979 cibos
1191 3925 1365 3978 ubere
1407 3927 1728 3978 nectareos.
2209 3927 2383 3982 Tecta
2410 3926 2536 3981 suis
2563 3925 2809 3995 nucleis,
2841 3931 2898 3982 et
2926 3926 3072 3981 mihi
3104 3926 3284 3982 servit
3323 3926 3472 3984 ovis.

387 4012 688 4070 Perfundit
716 4017 866 4068 totas
899 4017 1064 4084 grata
1094 4012 1400 4068 dulcedine
1440 4028 1616 4067 venas
2142 4014 2335 4072 Gloria
2365 4029 2580 4086 magna
2607 4013 2715 4068 tibi
2742 4015 2752 4070 l
2779 4013 2974 4071 laetare
3004 4015 3159 4086 quod
3189 4015 3301 4072 hoc
3331 4017 3642 4087 meruisti,

461 4099 562 4157 Ille
594 4117 794 4157 recens
832 4101 1101 4166 haustus,
1134 4101 1275 4155 dum
1307 4100 1502 4172 liquor
1525 4104 1614 4156 est
1643 4098 1866 4156 calidus
1893 4119 1906 4165 ;
2213 4103 2285 4160 Ut
2314 4106 2526 4158 natura
2554 4102 2701 4158 meis
2732 4106 2787 4158 te
2817 4107 2984 4176 paret
3003 4103 3324 4176 obsequiis.

390 4193 534 4246 Cum
564 4189 752 4261 friget,
785 4191 984 4245 tritam
1015 4192 1064 4246 si
1091 4189 1175 4244 vis
1205 4191 1449 4245 miscere
1471 4188 1785 4260 polentam,
2890 4208 3038 4248 ovrs.

463 4278 680 4334 Mirans
702 4279 931 4350 jurabis
955 4284 1154 4334 nectar
1185 4279 1388 4334 adesse
1410 4277 1588 4334 Jovis.
2143 4281 2250 4338 Pro
2281 4285 2336 4336 te
2357 4279 2536 4337 verba
2565 4279 2708 4336 facis
2739 4283 2795 4336 et
2825 4285 2956 4353 eget
2981 4285 3084 4338 tua
3112 4281 3300 4354 gloria
3327 4281 3526 4340 verbis
3551 4301 3568 4353 ;

392 4367 458 4426 In
489 4367 744 4424 solidum
775 4373 962 4425 vertes
994 4369 1122 4435 hoc,
1156 4367 1204 4422 si
1234 4366 1616 4422 medicamine
1647 4369 1872 4439 tanges,
2209 4369 2371 4434 Quod
2403 4369 2566 4426 deest
2591 4368 2804 4435 officio,
2838 4369 3082 4443 corrigis
3112 4369 3370 4443 eloquio.

463 4461 680 4530 Estque
710 4475 810 4530 per
835 4459 943 4514 hoc
973 4456 1169 4528 ipsum
1201 4455 1368 4512 dulce
1399 4456 1552 4528 quod
1583 4459 1674 4511 est
1707 4455 1964 4523 acidum,
2040 4499 2046 4514 .
2141 4460 2250 4516 Sed
2287 4459 2506 4514 frustra
2531 4461 2761 4524 tenuas,
2795 4458 2912 4515 imo
2943 4462 3189 4516 tenuare
3218 4458 3482 4529 laboras,

392 4546 572 4620 quue
603 4564 780 4619 super
808 4546 1033 4619 lignum
1075 4561 1179 4617 per
1226 4545 1409 4601 densa
1454 4543 1698 4617 coagula
1742 4560 2032 4616 pressum,
2214 4549 2360 4604 Tam
2390 4563 2701 4603 commune
2730 4547 2951 4603 bonum
2984 4549 3142 4620 quod
3191 4547 3410 4622 refugit
3450 4566 3814 4612 numerum.

462 4639 514 4690 Α
544 4636 731 4691 forma
757 4639 1000 4691 teretem
1035 4633 1280 4706 suscipit
1308 4634 1582 4722 effigiem.
1806 4720 1815 4722 Α
2069 4655 2116 4722 D
2145 4637 2207 4694 Si
2239 4637 2381 4692 dant
2409 4635 2482 4691 ad
2512 4637 2701 4691 vestes
2731 4634 3010 4722 animalia
3039 4634 3298 4708 plurima
3327 4635 3541 4708 pelles,

395 4724 456 4780 Si
485 4727 749 4781 tenerum
788 4724 1080 4792 comedas,
1131 4740 1244 4778 non
1283 4723 1466 4778 deerit
1513 4721 1685 4794 plena
1730 4720 2036 4796 voluptas;
2071 4720 2096 4722 ί
2221 4726 2412 4782 Pauca
2439 4725 2634 4779 ferunt
2661 4721 2872 4791 vellus,
2903 4722 3086 4789 nulla,
3120 4739 3273 4794 reor,
3295 4723 3519 4796 potius.

469 4813 529 4869 Si
555 4829 784 4869 servare
815 4813 992 4882 voles,
1027 4817 1289 4884 tempore
1319 4811 1506 4867 multa
1536 4815 1720 4884 potes.
2149 4816 2328 4882 Lana,
2349 4815 2512 4886 patet
2541 4811 2768 4867 cunctis
2799 4812 2954 4884 quod
2987 4812 3248 4869 conferat
3277 4812 3600 4875 utilitatis:

396 4903 498 4958 Est
527 4901 626 4956 ubi
658 4917 774 4956 non
805 4902 1032 4957 modico
1066 4902 1238 4957 datus
1267 4901 1554 4956 indivisus
1592 4917 1721 4956 (eno
2223 4903 2411 4960 Pauca
2440 4905 2637 4957 tamen
2669 4901 2938 4969 referam,
2972 4918 3044 4957 ne
3073 4901 3310 4974 penitus
3339 4901 3580 4962 sileam.

469 4990 603 5046 Solo
625 4990 761 5061 jure
793 5007 930 5045 suos
959 4994 1158 5046 coctus
1187 4989 1290 5046 alit
1321 4989 1609 5053 dominos.
2151 4992 2258 5048 Per
2277 5007 2340 5046 se
2367 4989 2505 5046 lana
2533 4989 2744 5061 placet,
2775 5005 2878 5061 per
2906 5006 2969 5046 se
2998 4989 3281 5064 nigrescit
3307 4994 3367 5047 et
3394 4991 3584 5064 albet,

401 5080 502 5136 Est
533 5095 675 5150 gens
707 5094 833 5149 quae
865 5078 1043 5134 mixto
1077 5079 1210 5136 facit
1240 5080 1372 5136 hinc
1415 5079 1525 5136 sibi
1576 5078 1794 5136 fercula
1835 5079 2036 5149 lardo;
2223 5080 2332 5136 Per
2360 5096 2422 5136 se
2454 5077 2809 5150 multiplices
2840 5083 3046 5150 sponte
3075 5078 3228 5152 gerit
3247 5079 3520 5152 species:

473 5166 738 5224 Vescitur
766 5173 822 5222 et
850 5169 1048 5224 crudis
1077 5169 1310 5225 crudior
1339 5170 1466 5240 ipsa
1497 5168 1667 5224 cibis.
2153 5174 2308 5226 Lana
2332 5167 2522 5240 placet
2549 5165 2833 5239 simplex:
2875 5167 3216 5241 peregrinos
3247 5169 3399 5226 adde
3429 5167 3676 5230 colores
3704 5190 3719 5241 ;

403 5255 561 5312 Mille
585 5273 746 5311 meas
776 5256 924 5312 vires
953 5259 1315 5329 perpendens
1350 5255 1623 5312 Flandria
1653 5255 1880 5328 sollers,
2225 5259 2408 5314 Fucos
2440 5255 2704 5330 Assyrios
2735 5255 2968 5311 exhibet
2997 5261 3054 5312 et
3075 5256 3304 5330 Tyrios,

473 5343 626 5401 Mille
653 5345 843 5400 modis
869 5363 1060 5400 rerum
1087 5347 1172 5401 lac
1197 5346 1338 5401 facit
1359 5346 1440 5399 ire
1470 5359 1688 5411 meum,
2151 5348 2298 5404 Nam
2330 5346 2394 5417 [ι.
2423 5350 2556 5412 non]
2576 5349 2662 5400 tot
2683 5344 2901 5400 habent
2920 5345 3146 5418 species
3168 5344 3382 5403 famosi
3410 5345 3646 5408 vellere
3663 5349 3827 5409 Sam

401 5435 531 5492 Haec
555 5439 614 5490 et
638 5435 695 5489 in
727 5431 1042 5506 oblongum
1078 5437 1334 5490 formans
1366 5433 1452 5487 lac
1486 5432 1699 5504 pingue
1743 5435 2040 5510 butyrum,
2224 5436 2336 5490 Par
2365 5449 2597 5506 quoque
2625 5433 2860 5506 Corycio
2891 5438 3094 5490 nostra
3122 5435 3314 5508 ﬁgura
3336 5449 3538 5494 croco.

473 5525 596 5579 Non
630 5537 827 5578 escam
860 5526 1112 5586 tantum,
1146 5523 1246 5576 sed
1281 5521 1418 5575 facit
1447 5520 1796 5589 antidotum,
2154 5527 2452 5592 Quantum
2467 5538 2580 5578 non
2599 5522 2866 5596 sanguis,
2884 5540 3000 5580 non
3014 5523 3123 5592 sol,
3146 5541 3264 5580 non
3287 5523 3540 5582 ﬂamma
3563 5525 3829 5586 rubescit

405 5611 590 5668 Laetis
619 5615 676 5666 et
705 5609 949 5664 emerito
975 5608 1206 5680 replens
1235 5626 1344 5664 sua
1373 5607 1529 5664 dolia
1567 5626 1760 5679 succo,
2227 5613 2373 5668 Tam
2405 5611 2622 5666 rubens
2649 5611 2858 5668 rutilas
2883 5615 3063 5681 veste,
3096 5613 3401 5686 Britanno,
3446 5630 3613 5675 mea.

474 5699 724 5758 Rcstans
755 5695 990 5751 ﬁscellis
1016 5696 1113 5765 jus
1143 5697 1378 5752 adhibet
1401 5697 1653 5768 pateris;
2154 5702 2313 5759 Dura
2341 5699 2598 5773 quidem,
2629 5699 2825 5757 tenuis
2866 5701 2991 5758 sine
3043 5702 3222 5770 ﬂocco
3270 5701 3585 5779 planaque
3627 5703 3833 5776 vestis.

776 6293 935 6306 ~___
1157 6296 1228 6308 Δ
1365 6299 1404 6306 4⁵
1469 6300 1479 6304 ⁴
1727 6304 1780 6314 ᾧ
1853 6305 1902 6312 ᾳ
1963 6307 1998 6310 —
2073 6308 2104 6312 .-

1469 6300 1479 6304 ⁴
1727 6304 1780 6314 ρ
1853 6305 1902 6312 ᾳ
1963 6307 1998 6310 —
2073 6308 2104 6312 .-
