  <div class='ocr_page' id='page_1' title='image "/cluster/home/n/w/nwhite01/storage/ocr_20150623/142-143/uc1.31175018423130/964.png"; bbox 0 0 3880 6344; ppageno 0'>
   <div class='ocr_carea' id='block_1_1' title="bbox 78 433 190 496">
    <p class='ocr_par' dir='ltr' id='par_1_1' title="bbox 78 433 190 496">
     <span class='ocr_line' id='line_1_1' title="bbox 78 433 190 496; baseline 0 0"><span class='ocrx_word' id='word_1_1' title='bbox 78 433 190 496; x_wconf 64' lang='lat'><strong>“9</strong></span> 
     </span>
    </p>
   </div>
   <div class='ocr_carea' id='block_1_2' title="bbox 150 560 1501 637">
    <p class='ocr_par' dir='ltr' id='par_1_2' title="bbox 150 560 1501 637">
     <span class='ocr_line' id='line_1_2' title="bbox 150 560 1501 637; baseline -0.001 -16"><span class='ocrx_word' id='word_1_2' title='bbox 150 563 313 621; x_wconf 88' lang='lat' dir='ltr'>Lenis</span> <span class='ocrx_word' id='word_1_3' title='bbox 334 560 394 618; x_wconf 86' lang='lat' dir='ltr'>in</span> <span class='ocrx_word' id='word_1_4' title='bbox 427 566 648 620; x_wconf 87' lang='lat' dir='ltr'>attactu</span> <span class='ocrx_word' id='word_1_5' title='bbox 685 580 787 621; x_wconf 77' lang='lat' dir='ltr'>nec</span> <span class='ocrx_word' id='word_1_6' title='bbox 823 567 1096 622; x_wconf 88' lang='lat' dir='ltr'>minusin</span> <span class='ocrx_word' id='word_1_7' title='bbox 1131 567 1349 623; x_wconf 76' lang='lat' dir='ltr'>intuitu</span> <span class='ocrx_word' id='word_1_8' title='bbox 1380 572 1501 637; x_wconf 62' lang='lat' dir='ltr'>(sic)</span> 
     </span>
    </p>
   </div>
   <div class='ocr_carea' id='block_1_3' title="bbox 83 653 1611 725">
    <p class='ocr_par' dir='ltr' id='par_1_3' title="bbox 83 653 1611 725">
     <span class='ocr_line' id='line_1_3' title="bbox 83 653 1611 725; baseline -0.001 -15"><span class='ocrx_word' id='word_1_9' title='bbox 83 653 272 723; x_wconf 87' lang='lat' dir='ltr'>Gallia,</span> <span class='ocrx_word' id='word_1_10' title='bbox 305 668 480 724; x_wconf 89' lang='lat' dir='ltr'>quam</span> <span class='ocrx_word' id='word_1_11' title='bbox 500 655 796 725; x_wconf 87' lang='lat' dir='ltr'>quondam</span> <span class='ocrx_word' id='word_1_12' title='bbox 821 659 1038 710; x_wconf 88' lang='lat' dir='ltr'>veteres</span> <span class='ocrx_word' id='word_1_13' title='bbox 1069 656 1262 711; x_wconf 78' lang='lat' dir='ltr'>dixere</span> <span class='ocrx_word' id='word_1_14' title='bbox 1291 658 1611 720; x_wconf 75' lang='lat' dir='ltr'>Comatam,</span> 
     </span>
    </p>
   </div>
   <div class='ocr_carea' id='block_1_4' title="bbox 145 739 1371 816">
    <p class='ocr_par' dir='ltr' id='par_1_4' title="bbox 145 739 1371 816">
     <span class='ocr_line' id='line_1_4' title="bbox 145 739 1371 816; baseline 0.001 -19"><span class='ocrx_word' id='word_1_15' title='bbox 145 740 312 797; x_wconf 82' lang='lat' dir='ltr'>Addit</span> <span class='ocrx_word' id='word_1_16' title='bbox 338 739 720 814; x_wconf 80' lang='lat' dir='ltr'>multiplicem</span> <span class='ocrx_word' id='word_1_17' title='bbox 753 743 1066 798; x_wconf 82' lang='lat' dir='ltr'>velleribus</span> <span class='ocrx_word' id='word_1_18' title='bbox 1097 745 1371 816; x_wconf 89' lang='lat' dir='ltr'>speciem.</span> 
     </span>
    </p>
   </div>
   <div class='ocr_carea' id='block_1_5' title="bbox 81 829 1533 904">
    <p class='ocr_par' dir='ltr' id='par_1_5' title="bbox 81 829 1533 904">
     <span class='ocr_line' id='line_1_5' title="bbox 81 829 1533 904; baseline 0 -18"><span class='ocrx_word' id='word_1_19' title='bbox 81 834 222 886; x_wconf 89' lang='lat' dir='ltr'>Gens</span> <span class='ocrx_word' id='word_1_20' title='bbox 249 829 416 884; x_wconf 68' lang='lat' dir='ltr'>varia</span> <span class='ocrx_word' id='word_1_21' title='bbox 448 831 665 886; x_wconf 89' lang='lat' dir='ltr'>mentis</span> <span class='ocrx_word' id='word_1_22' title='bbox 695 833 863 886; x_wconf 84' lang='lat' dir='ltr'>variae</span> <span class='ocrx_word' id='word_1_23' title='bbox 891 832 1015 887; x_wconf 84' lang='lat' dir='ltr'>vult</span> <span class='ocrx_word' id='word_1_24' title='bbox 1045 833 1307 904; x_wconf 79' lang='lat' dir='ltr'>tegmina</span> <span class='ocrx_word' id='word_1_25' title='bbox 1335 833 1533 900; x_wconf 84' lang='lat' dir='ltr'>vestis,</span> 
     </span>
    </p>
   </div>
   <div class='ocr_carea' id='block_1_6' title="bbox 145 917 1336 994">
    <p class='ocr_par' dir='ltr' id='par_1_6' title="bbox 145 917 1336 994">
     <span class='ocr_line' id='line_1_6' title="bbox 145 917 1336 994; baseline 0.003 -22"><span class='ocrx_word' id='word_1_26' title='bbox 145 917 309 974; x_wconf 82' lang='lat' dir='ltr'>Veste</span> <span class='ocrx_word' id='word_1_27' title='bbox 339 918 593 990; x_wconf 89' lang='lat' dir='ltr'>probans</span> <span class='ocrx_word' id='word_1_28' title='bbox 623 919 805 975; x_wconf 90' lang='lat' dir='ltr'>animi</span> <span class='ocrx_word' id='word_1_29' title='bbox 841 921 1162 976; x_wconf 81' lang='lat' dir='ltr'>mobilitate</span> <span class='ocrx_word' id='word_1_30' title='bbox 1195 923 1336 994; x_wconf 91' lang='lat' dir='ltr'>geri.</span> 
     </span>
    </p>
   </div>
   <div class='ocr_carea' id='block_1_7' title="bbox 82 1005 1508 1082">
    <p class='ocr_par' dir='ltr' id='par_1_7' title="bbox 82 1005 1508 1082">
     <span class='ocr_line' id='line_1_7' title="bbox 82 1005 1508 1082; baseline 0.001 -18"><span class='ocrx_word' id='word_1_31' title='bbox 82 1005 227 1064; x_wconf 87' lang='lat' dir='ltr'>Mille</span> <span class='ocrx_word' id='word_1_32' title='bbox 255 1005 404 1078; x_wconf 85' lang='lat' dir='ltr'>gerit</span> <span class='ocrx_word' id='word_1_33' title='bbox 431 1007 623 1064; x_wconf 90' lang='lat' dir='ltr'>varias</span> <span class='ocrx_word' id='word_1_34' title='bbox 654 1008 745 1063; x_wconf 90' lang='lat' dir='ltr'>hic</span> <span class='ocrx_word' id='word_1_35' title='bbox 778 1009 834 1063; x_wconf 91' lang='lat' dir='ltr'>in</span> <span class='ocrx_word' id='word_1_36' title='bbox 871 1027 984 1065; x_wconf 90' lang='lat' dir='ltr'>uno</span> <span class='ocrx_word' id='word_1_37' title='bbox 1014 1010 1270 1080; x_wconf 84' lang='lat' dir='ltr'>tegmine</span> <span class='ocrx_word' id='word_1_38' title='bbox 1295 1010 1508 1082; x_wconf 83' lang='lat' dir='ltr'>virgas,</span> 
     </span>
    </p>
   </div>
   <div class='ocr_carea' id='block_1_8' title="bbox 145 1092 1346 1169">
    <p class='ocr_par' dir='ltr' id='par_1_8' title="bbox 145 1092 1346 1169">
     <span class='ocr_line' id='line_1_8' title="bbox 145 1092 1346 1169; baseline 0.001 -18"><span class='ocrx_word' id='word_1_39' title='bbox 145 1092 396 1151; x_wconf 83' lang='lat' dir='ltr'>Discolor</span> <span class='ocrx_word' id='word_1_40' title='bbox 423 1099 488 1150; x_wconf 87' lang='lat' dir='ltr'>ut</span> <span class='ocrx_word' id='word_1_41' title='bbox 514 1095 871 1169; x_wconf 87' lang='lat' dir='ltr'>virga,virga</span> <span class='ocrx_word' id='word_1_42' title='bbox 911 1099 988 1152; x_wconf 86' lang='lat' dir='ltr'>sit</span> <span class='ocrx_word' id='word_1_43' title='bbox 1015 1104 1078 1153; x_wconf 92' lang='lat' dir='ltr'>ut</span> <span class='ocrx_word' id='word_1_44' title='bbox 1105 1097 1346 1169; x_wconf 89' lang='lat' dir='ltr'>reliqua.</span> 
     </span>
    </p>
   </div>
   <div class='ocr_carea' id='block_1_9' title="bbox 82 1181 1466 1257">
    <p class='ocr_par' dir='ltr' id='par_1_9' title="bbox 82 1181 1466 1257">
     <span class='ocr_line' id='line_1_9' title="bbox 82 1181 1466 1257; baseline 0.003 -19"><span class='ocrx_word' id='word_1_45' title='bbox 82 1184 176 1238; x_wconf 86' lang='lat' dir='ltr'>Hic</span> <span class='ocrx_word' id='word_1_46' title='bbox 199 1181 490 1256; x_wconf 88' lang='lat' dir='ltr'>reliquum</span> <span class='ocrx_word' id='word_1_47' title='bbox 526 1199 742 1257; x_wconf 90' lang='lat' dir='ltr'>corpus</span> <span class='ocrx_word' id='word_1_48' title='bbox 775 1185 993 1241; x_wconf 81' lang='lat' dir='ltr'>albenti</span> <span class='ocrx_word' id='word_1_49' title='bbox 1019 1187 1227 1242; x_wconf 80' lang='lat' dir='ltr'>vellere</span> <span class='ocrx_word' id='word_1_50' title='bbox 1259 1191 1466 1254; x_wconf 88' lang='lat' dir='ltr'>tectus,</span> 
     </span>
    </p>
   </div>
   <div class='ocr_carea' id='block_1_10' title="bbox 144 1271 1396 1340">
    <p class='ocr_par' dir='ltr' id='par_1_10' title="bbox 144 1271 1396 1340">
     <span class='ocr_line' id='line_1_10' title="bbox 144 1271 1396 1340; baseline 0.002 -13"><span class='ocrx_word' id='word_1_51' title='bbox 144 1271 256 1328; x_wconf 86' lang='lat' dir='ltr'>Hac</span> <span class='ocrx_word' id='word_1_52' title='bbox 285 1271 454 1340; x_wconf 85' lang='lat' dir='ltr'>viret,</span> <span class='ocrx_word' id='word_1_53' title='bbox 499 1279 593 1329; x_wconf 91' lang='lat' dir='ltr'>ast</span> <span class='ocrx_word' id='word_1_54' title='bbox 625 1274 741 1330; x_wconf 89' lang='lat' dir='ltr'>alia</span> <span class='ocrx_word' id='word_1_55' title='bbox 773 1277 1029 1331; x_wconf 88' lang='lat' dir='ltr'>rubbeus</span> <span class='ocrx_word' id='word_1_56' title='bbox 1063 1281 1118 1330; x_wconf 90' lang='lat' dir='ltr'>et</span> <span class='ocrx_word' id='word_1_57' title='bbox 1150 1277 1396 1330; x_wconf 85' lang='lat' dir='ltr'>manica.</span> 
     </span>
    </p>
   </div>
   <div class='ocr_carea' id='block_1_11' title="bbox 81 1359 1555 1436">
    <p class='ocr_par' dir='ltr' id='par_1_11' title="bbox 81 1359 1555 1436">
     <span class='ocr_line' id='line_1_11' title="bbox 81 1359 1555 1436; baseline 0.003 -21"><span class='ocrx_word' id='word_1_58' title='bbox 81 1359 174 1416; x_wconf 87' lang='lat' dir='ltr'>Hic</span> <span class='ocrx_word' id='word_1_59' title='bbox 199 1377 303 1416; x_wconf 87' lang='lat' dir='ltr'>sua</span> <span class='ocrx_word' id='word_1_60' title='bbox 331 1377 435 1432; x_wconf 89' lang='lat' dir='ltr'>per</span> <span class='ocrx_word' id='word_1_61' title='bbox 450 1363 718 1434; x_wconf 85' lang='lat' dir='ltr'>geminas</span> <span class='ocrx_word' id='word_1_62' title='bbox 747 1365 885 1418; x_wconf 91' lang='lat' dir='ltr'>dum</span> <span class='ocrx_word' id='word_1_63' title='bbox 913 1365 1081 1419; x_wconf 84' lang='lat' dir='ltr'>findit</span> <span class='ocrx_word' id='word_1_64' title='bbox 1113 1366 1287 1436; x_wconf 85' lang='lat' dir='ltr'>pallia</span> <span class='ocrx_word' id='word_1_65' title='bbox 1317 1367 1555 1431; x_wconf 87' lang='lat' dir='ltr'>caudas,</span> 
     </span>
    </p>
   </div>
   <div class='ocr_carea' id='block_1_12' title="bbox 143 1447 1379 1519">
    <p class='ocr_par' dir='ltr' id='par_1_12' title="bbox 143 1447 1379 1519">
     <span class='ocr_line' id='line_1_12' title="bbox 143 1447 1379 1519; baseline 0.003 -15"><span class='ocrx_word' id='word_1_66' title='bbox 143 1447 414 1505; x_wconf 81' lang='lat' dir='ltr'>Rusticus</span> <span class='ocrx_word' id='word_1_67' title='bbox 449 1455 538 1506; x_wconf 90' lang='lat' dir='ltr'>est</span> <span class='ocrx_word' id='word_1_68' title='bbox 564 1452 676 1506; x_wconf 90' lang='lat' dir='ltr'>nisi</span> <span class='ocrx_word' id='word_1_69' title='bbox 713 1453 790 1508; x_wconf 91' lang='lat' dir='ltr'>sit</span> <span class='ocrx_word' id='word_1_70' title='bbox 823 1453 1078 1508; x_wconf 88' lang='lat' dir='ltr'>discolor</span> <span class='ocrx_word' id='word_1_71' title='bbox 1103 1454 1219 1507; x_wconf 61' lang='lat' dir='ltr'>htec</span> <span class='ocrx_word' id='word_1_72' title='bbox 1246 1453 1379 1519; x_wconf 85' lang='lat' dir='ltr'>alii;</span> 
     </span>
    </p>
   </div>
   <div class='ocr_carea' id='block_1_13' title="bbox 83 1537 1719 1612">
    <p class='ocr_par' dir='ltr' id='par_1_13' title="bbox 83 1537 1719 1612">
     <span class='ocr_line' id='line_1_13' title="bbox 83 1537 1719 1612; baseline 0.003 -20"><span class='ocrx_word' id='word_1_73' title='bbox 83 1537 182 1592; x_wconf 86' lang='lat' dir='ltr'>Sed</span> <span class='ocrx_word' id='word_1_74' title='bbox 214 1553 346 1592; x_wconf 90' lang='lat' dir='ltr'>cum</span> <span class='ocrx_word' id='word_1_75' title='bbox 382 1537 726 1610; x_wconf 84' lang='lat' dir='ltr'>multiplicis</span> <span class='ocrx_word' id='word_1_76' title='bbox 747 1558 893 1608; x_wconf 81' lang='lat' dir='ltr'>gens</span> <span class='ocrx_word' id='word_1_77' title='bbox 939 1541 1056 1596; x_wconf 73' lang='lat' dir='ltr'>haec</span> <span class='ocrx_word' id='word_1_78' title='bbox 1116 1547 1454 1612; x_wconf 81' lang='lat' dir='ltr'>tegumenta</span> <span class='ocrx_word' id='word_1_79' title='bbox 1510 1541 1719 1598; x_wconf 87' lang='lat' dir='ltr'>coloris</span> 
     </span>
    </p>
   </div>
   <div class='ocr_carea' id='block_1_14' title="bbox 145 1625 1486 1702">
    <p class='ocr_par' dir='ltr' id='par_1_14' title="bbox 145 1625 1486 1702">
     <span class='ocr_line' id='line_1_14' title="bbox 145 1625 1486 1702; baseline 0.004 -21"><span class='ocrx_word' id='word_1_80' title='bbox 145 1625 557 1699; x_wconf 85' lang='lat' dir='ltr'>Unusquisque</span> <span class='ocrx_word' id='word_1_81' title='bbox 581 1647 755 1684; x_wconf 91' lang='lat' dir='ltr'>suum</span> <span class='ocrx_word' id='word_1_82' title='bbox 775 1636 1070 1702; x_wconf 84' lang='lat' dir='ltr'>comparet</span> <span class='ocrx_word' id='word_1_83' title='bbox 1101 1633 1170 1686; x_wconf 90' lang='lat' dir='ltr'>ad</span> <span class='ocrx_word' id='word_1_84' title='bbox 1203 1633 1486 1702; x_wconf 88' lang='lat' dir='ltr'>studium,</span> 
     </span>
    </p>
   </div>
   <div class='ocr_carea' id='block_1_15' title="bbox 84 1715 1718 1793">
    <p class='ocr_par' dir='ltr' id='par_1_15' title="bbox 84 1715 1718 1793">
     <span class='ocr_line' id='line_1_15' title="bbox 84 1715 1718 1793; baseline 0.002 -21"><span class='ocrx_word' id='word_1_85' title='bbox 84 1715 230 1772; x_wconf 87' lang='lat' dir='ltr'>Hanc</span> <span class='ocrx_word' id='word_1_86' title='bbox 258 1720 454 1771; x_wconf 85' lang='lat' dir='ltr'>tamen</span> <span class='ocrx_word' id='word_1_87' title='bbox 487 1719 785 1789; x_wconf 83' lang='lat' dir='ltr'>egregium</span> <span class='ocrx_word' id='word_1_88' title='bbox 820 1720 956 1774; x_wconf 83' lang='lat' dir='ltr'>facit</span> <span class='ocrx_word' id='word_1_89' title='bbox 986 1720 1104 1774; x_wconf 67' lang='lat' dir='ltr'>haec</span> <span class='ocrx_word' id='word_1_90' title='bbox 1128 1721 1423 1792; x_wconf 89' lang='lat' dir='ltr'>provincia</span> <span class='ocrx_word' id='word_1_91' title='bbox 1460 1739 1718 1793; x_wconf 90' lang='lat' dir='ltr'>pannum</span> 
     </span>
    </p>
   </div>
   <div class='ocr_carea' id='block_1_16' title="bbox 145 1804 1528 1880">
    <p class='ocr_par' dir='ltr' id='par_1_16' title="bbox 145 1804 1528 1880">
     <span class='ocr_line' id='line_1_16' title="bbox 145 1804 1528 1880; baseline 0.004 -21"><span class='ocrx_word' id='word_1_92' title='bbox 145 1804 246 1868; x_wconf 89' lang='lat' dir='ltr'>Qui</span> <span class='ocrx_word' id='word_1_93' title='bbox 279 1804 425 1860; x_wconf 89' lang='lat' dir='ltr'>viret</span> <span class='ocrx_word' id='word_1_94' title='bbox 452 1811 555 1861; x_wconf 87' lang='lat' dir='ltr'>aut</span> <span class='ocrx_word' id='word_1_95' title='bbox 586 1806 832 1879; x_wconf 90' lang='lat' dir='ltr'>glaucus</span> <span class='ocrx_word' id='word_1_96' title='bbox 867 1815 968 1863; x_wconf 91' lang='lat' dir='ltr'>aut</span> <span class='ocrx_word' id='word_1_97' title='bbox 1027 1811 1193 1880; x_wconf 87' lang='lat' dir='ltr'>quasi</span> <span class='ocrx_word' id='word_1_98' title='bbox 1228 1813 1528 1865; x_wconf 63' lang='lat' dir='ltr'>caeruleus.</span> 
     </span>
    </p>
   </div>
   <div class='ocr_carea' id='block_1_17' title="bbox 89 1894 1592 1968">
    <p class='ocr_par' dir='ltr' id='par_1_17' title="bbox 89 1894 1592 1968">
     <span class='ocr_line' id='line_1_17' title="bbox 89 1894 1592 1968; baseline 0.003 -20"><span class='ocrx_word' id='word_1_99' title='bbox 89 1894 191 1949; x_wconf 74' lang='lat' dir='ltr'>[las</span> <span class='ocrx_word' id='word_1_100' title='bbox 219 1898 410 1950; x_wconf 82' lang='lat' dir='ltr'>vestes</span> <span class='ocrx_word' id='word_1_101' title='bbox 437 1895 692 1951; x_wconf 89' lang='lat' dir='ltr'>dominis</span> <span class='ocrx_word' id='word_1_102' title='bbox 717 1899 1053 1968; x_wconf 88' lang='lat' dir='ltr'>gestandas,</span> <span class='ocrx_word' id='word_1_103' title='bbox 1088 1899 1379 1966; x_wconf 87' lang='lat' dir='ltr'>Flandria,</span> <span class='ocrx_word' id='word_1_104' title='bbox 1406 1899 1592 1954; x_wconf 88' lang='lat' dir='ltr'>mittis</span> 
     </span>
    </p>
   </div>
   <div class='ocr_carea' id='block_1_18' title="bbox 148 1983 1438 2057">
    <p class='ocr_par' dir='ltr' id='par_1_18' title="bbox 148 1983 1438 2057">
     <span class='ocr_line' id='line_1_18' title="bbox 148 1983 1438 2057; baseline 0.002 -19"><span class='ocrx_word' id='word_1_105' title='bbox 148 1983 260 2038; x_wconf 86' lang='lat' dir='ltr'>Has</span> <span class='ocrx_word' id='word_1_106' title='bbox 291 1984 473 2039; x_wconf 87' lang='lat' dir='ltr'>ﬂocco</span> <span class='ocrx_word' id='word_1_107' title='bbox 495 1984 992 2057; x_wconf 88' lang='lat' dir='ltr'>crispans,loniter</span> <span class='ocrx_word' id='word_1_108' title='bbox 1019 1987 1124 2041; x_wconf 87' lang='lat' dir='ltr'>has</span> <span class='ocrx_word' id='word_1_109' title='bbox 1156 1987 1438 2043; x_wconf 87' lang='lat' dir='ltr'>solidans.</span> 
     </span>
    </p>
   </div>
   <div class='ocr_carea' id='block_1_19' title="bbox 86 2071 1612 2142">
    <p class='ocr_par' dir='ltr' id='par_1_19' title="bbox 86 2071 1612 2142">
     <span class='ocr_line' id='line_1_19' title="bbox 86 2071 1612 2142; baseline 0.004 -16"><span class='ocrx_word' id='word_1_110' title='bbox 86 2072 164 2127; x_wconf 90' lang='lat' dir='ltr'>Tu</span> <span class='ocrx_word' id='word_1_111' title='bbox 183 2071 377 2127; x_wconf 85' lang='lat' dir='ltr'>fucare</span> <span class='ocrx_word' id='word_1_112' title='bbox 414 2074 602 2128; x_wconf 83' lang='lat' dir='ltr'>modis</span> <span class='ocrx_word' id='word_1_113' title='bbox 635 2091 764 2130; x_wconf 88' lang='lat' dir='ltr'>mea</span> <span class='ocrx_word' id='word_1_114' title='bbox 792 2075 1023 2142; x_wconf 87' lang='lat' dir='ltr'>vellera,</span> <span class='ocrx_word' id='word_1_115' title='bbox 1055 2075 1612 2142; x_wconf 87' lang='lat' dir='ltr'>Theutone,nescis:</span> 
     </span>
    </p>
   </div>
   <div class='ocr_carea' id='block_1_20' title="bbox 145 2160 1498 2236">
    <p class='ocr_par' dir='ltr' id='par_1_20' title="bbox 145 2160 1498 2236">
     <span class='ocr_line' id='line_1_20' title="bbox 145 2160 1498 2236; baseline 0.003 -21"><span class='ocrx_word' id='word_1_116' title='bbox 145 2160 252 2216; x_wconf 90' lang='lat' dir='ltr'>Nec</span> <span class='ocrx_word' id='word_1_117' title='bbox 282 2165 480 2217; x_wconf 88' lang='lat' dir='ltr'>tamen</span> <span class='ocrx_word' id='word_1_118' title='bbox 514 2161 627 2217; x_wconf 87' lang='lat' dir='ltr'>ista</span> <span class='ocrx_word' id='word_1_119' title='bbox 662 2181 874 2219; x_wconf 90' lang='lat' dir='ltr'>manus</span> <span class='ocrx_word' id='word_1_120' title='bbox 897 2171 986 2219; x_wconf 90' lang='lat' dir='ltr'>est</span> <span class='ocrx_word' id='word_1_121' title='bbox 1015 2181 1260 2236; x_wconf 88' lang='lat' dir='ltr'>operosa</span> <span class='ocrx_word' id='word_1_122' title='bbox 1282 2166 1498 2222; x_wconf 90' lang='lat' dir='ltr'>minus.</span> 
     </span>
    </p>
   </div>
   <div class='ocr_carea' id='block_1_21' title="bbox 86 2248 1278 2324">
    <p class='ocr_par' dir='ltr' id='par_1_21' title="bbox 86 2248 1278 2324">
     <span class='ocr_line' id='line_1_21' title="bbox 86 2248 1278 2324; baseline 0.005 -22"><span class='ocrx_word' id='word_1_123' title='bbox 86 2248 246 2304; x_wconf 86' lang='lat' dir='ltr'>Docto</span> <span class='ocrx_word' id='word_1_124' title='bbox 269 2255 537 2306; x_wconf 88' lang='lat' dir='ltr'>versatas</span> <span class='ocrx_word' id='word_1_125' title='bbox 569 2256 772 2308; x_wconf 87' lang='lat' dir='ltr'>tenues</span> <span class='ocrx_word' id='word_1_126' title='bbox 798 2253 854 2306; x_wconf 92' lang='lat' dir='ltr'>in</span> <span class='ocrx_word' id='word_1_127' title='bbox 877 2253 1082 2324; x_wconf 90' lang='lat' dir='ltr'>pollice</span> <span class='ocrx_word' id='word_1_128' title='bbox 1114 2254 1278 2310; x_wconf 89' lang='lat' dir='ltr'>lanas</span> 
     </span>
    </p>
   </div>
   <div class='ocr_carea' id='block_1_22' title="bbox 149 2337 1300 2414">
    <p class='ocr_par' dir='ltr' id='par_1_22' title="bbox 149 2337 1300 2414">
     <span class='ocr_line' id='line_1_22' title="bbox 149 2337 1300 2414; baseline 0.003 -20"><span class='ocrx_word' id='word_1_129' title='bbox 149 2337 455 2395; x_wconf 88' lang='lat' dir='ltr'>Transfers</span> <span class='ocrx_word' id='word_1_130' title='bbox 488 2340 560 2394; x_wconf 87' lang='lat' dir='ltr'>ad</span> <span class='ocrx_word' id='word_1_131' title='bbox 594 2341 788 2396; x_wconf 86' lang='lat' dir='ltr'>tenuis</span> <span class='ocrx_word' id='word_1_132' title='bbox 819 2341 1058 2396; x_wconf 86' lang='lat' dir='ltr'>delicias</span> <span class='ocrx_word' id='word_1_133' title='bbox 1089 2344 1300 2414; x_wconf 87' lang='lat' dir='ltr'>cperis.</span> 
     </span>
    </p>
   </div>
   <div class='ocr_carea' id='block_1_23' title="bbox 87 2424 1614 2502">
    <p class='ocr_par' dir='ltr' id='par_1_23' title="bbox 87 2424 1614 2502">
     <span class='ocr_line' id='line_1_23' title="bbox 87 2424 1614 2502; baseline 0.004 -22"><span class='ocrx_word' id='word_1_134' title='bbox 87 2424 305 2498; x_wconf 80' lang='lat' dir='ltr'>Tinges,</span> <span class='ocrx_word' id='word_1_135' title='bbox 340 2427 566 2496; x_wconf 78' lang='lat' dir='ltr'>Rhene,</span> <span class='ocrx_word' id='word_1_136' title='bbox 599 2427 751 2484; x_wconf 88' lang='lat' dir='ltr'>leves</span> <span class='ocrx_word' id='word_1_137' title='bbox 784 2430 1027 2501; x_wconf 85' lang='lat' dir='ltr'>pulchra</span> <span class='ocrx_word' id='word_1_138' title='bbox 1060 2433 1360 2502; x_wconf 82' lang='lat' dir='ltr'>nigredine</span> <span class='ocrx_word' id='word_1_139' title='bbox 1404 2438 1614 2497; x_wconf 82' lang='lat' dir='ltr'>vestes,</span> 
     </span>
    </p>
   </div>
   <div class='ocr_carea' id='block_1_24' title="bbox 151 2515 1392 2592">
    <p class='ocr_par' dir='ltr' id='par_1_24' title="bbox 151 2515 1392 2592">
     <span class='ocr_line' id='line_1_24' title="bbox 151 2515 1392 2592; baseline 0.006 -25"><span class='ocrx_word' id='word_1_140' title='bbox 151 2515 493 2588; x_wconf 77' lang='lat' dir='ltr'>Virginibus</span> <span class='ocrx_word' id='word_1_141' title='bbox 524 2517 709 2574; x_wconf 87' lang='lat' dir='ltr'>mittis</span> <span class='ocrx_word' id='word_1_142' title='bbox 734 2519 1159 2592; x_wconf 86' lang='lat' dir='ltr'>ordinibusque</span> <span class='ocrx_word' id='word_1_143' title='bbox 1190 2521 1392 2575; x_wconf 90' lang='lat' dir='ltr'>sacris.</span> 
     </span>
    </p>
   </div>
   <div class='ocr_carea' id='block_1_25' title="bbox 92 2603 1504 2681">
    <p class='ocr_par' dir='ltr' id='par_1_25' title="bbox 92 2603 1504 2681">
     <span class='ocr_line' id='line_1_25' title="bbox 92 2603 1504 2681; baseline 0.004 -23"><span class='ocrx_word' id='word_1_144' title='bbox 92 2603 285 2660; x_wconf 86' lang='lat' dir='ltr'>Suevia</span> <span class='ocrx_word' id='word_1_145' title='bbox 314 2606 417 2661; x_wconf 86' lang='lat' dir='ltr'>dat</span> <span class='ocrx_word' id='word_1_146' title='bbox 447 2606 610 2662; x_wconf 91' lang='lat' dir='ltr'>rufos</span> <span class='ocrx_word' id='word_1_147' title='bbox 641 2625 753 2662; x_wconf 90' lang='lat' dir='ltr'>non</span> <span class='ocrx_word' id='word_1_148' title='bbox 797 2611 974 2664; x_wconf 90' lang='lat' dir='ltr'>tincto</span> <span class='ocrx_word' id='word_1_149' title='bbox 1005 2609 1214 2664; x_wconf 89' lang='lat' dir='ltr'>vellere</span> <span class='ocrx_word' id='word_1_150' title='bbox 1245 2628 1504 2681; x_wconf 86' lang='lat' dir='ltr'>pannos:</span> 
     </span>
    </p>
   </div>
   <div class='ocr_carea' id='block_1_26' title="bbox 151 2691 1362 2769">
    <p class='ocr_par' dir='ltr' id='par_1_26' title="bbox 151 2691 1362 2769">
     <span class='ocr_line' id='line_1_26' title="bbox 151 2691 1362 2769; baseline 0.004 -22"><span class='ocrx_word' id='word_1_151' title='bbox 151 2691 248 2748; x_wconf 88' lang='lat' dir='ltr'>His</span> <span class='ocrx_word' id='word_1_152' title='bbox 273 2709 482 2766; x_wconf 83' lang='lat' dir='ltr'>regum</span> <span class='ocrx_word' id='word_1_153' title='bbox 512 2694 715 2766; x_wconf 87' lang='lat' dir='ltr'>pelles,</span> <span class='ocrx_word' id='word_1_154' title='bbox 749 2697 842 2752; x_wconf 88' lang='lat' dir='ltr'>bis</span> <span class='ocrx_word' id='word_1_155' title='bbox 865 2699 1053 2768; x_wconf 89' lang='lat' dir='ltr'>operit</span> <span class='ocrx_word' id='word_1_156' title='bbox 1075 2715 1362 2769; x_wconf 83' lang='lat' dir='ltr'>proceres.</span> 
     </span>
    </p>
   </div>
   <div class='ocr_carea' id='block_1_27' title="bbox 90 2779 1378 2852">
    <p class='ocr_par' dir='ltr' id='par_1_27' title="bbox 90 2779 1378 2852">
     <span class='ocr_line' id='line_1_27' title="bbox 90 2779 1378 2852; baseline 0.004 -17"><span class='ocrx_word' id='word_1_157' title='bbox 90 2779 182 2836; x_wconf 79' lang='lat' dir='ltr'>Est.</span> <span class='ocrx_word' id='word_1_158' title='bbox 209 2780 399 2838; x_wconf 88' lang='lat' dir='ltr'>colore</span> <span class='ocrx_word' id='word_1_159' title='bbox 443 2783 596 2851; x_wconf 89' lang='lat' dir='ltr'>rufo,</span> <span class='ocrx_word' id='word_1_160' title='bbox 617 2784 786 2839; x_wconf 90' lang='lat' dir='ltr'>viridi</span> <span class='ocrx_word' id='word_1_161' title='bbox 809 2787 1106 2841; x_wconf 89' lang='lat' dir='ltr'>confectus</span> <span class='ocrx_word' id='word_1_162' title='bbox 1137 2792 1193 2842; x_wconf 89' lang='lat' dir='ltr'>et</span> <span class='ocrx_word' id='word_1_163' title='bbox 1223 2787 1378 2852; x_wconf 85' lang='lat' dir='ltr'>albo,</span> 
     </span>
    </p>
   </div>
   <div class='ocr_carea' id='block_1_28' title="bbox 155 2871 1423 2947">
    <p class='ocr_par' dir='ltr' id='par_1_28' title="bbox 155 2871 1423 2947">
     <span class='ocr_line' id='line_1_28' title="bbox 155 2871 1423 2947; baseline 0.004 -21"><span class='ocrx_word' id='word_1_164' title='bbox 155 2871 330 2936; x_wconf 84' lang='lat' dir='ltr'>Quem</span> <span class='ocrx_word' id='word_1_165' title='bbox 357 2871 573 2928; x_wconf 86' lang='lat' dir='ltr'>ﬂavum</span> <span class='ocrx_word' id='word_1_166' title='bbox 606 2873 756 2929; x_wconf 91' lang='lat' dir='ltr'>dicis</span> <span class='ocrx_word' id='word_1_167' title='bbox 783 2873 830 2929; x_wconf 89' lang='lat' dir='ltr'>si</span> <span class='ocrx_word' id='word_1_168' title='bbox 867 2878 1098 2946; x_wconf 89' lang='lat' dir='ltr'>proprie</span> <span class='ocrx_word' id='word_1_169' title='bbox 1127 2875 1423 2947; x_wconf 90' lang='lat' dir='ltr'>loqueris;</span> 
     </span>
    </p>
   </div>
   <div class='ocr_carea' id='block_1_29' title="bbox 97 2959 1544 3035">
    <p class='ocr_par' dir='ltr' id='par_1_29' title="bbox 97 2959 1544 3035">
     <span class='ocr_line' id='line_1_29' title="bbox 97 2959 1544 3035; baseline 0.006 -23"><span class='ocrx_word' id='word_1_170' title='bbox 97 2959 243 3014; x_wconf 81' lang='lat' dir='ltr'>Hanc</span> <span class='ocrx_word' id='word_1_171' title='bbox 263 2961 520 3032; x_wconf 87' lang='lat' dir='ltr'>speciem</span> <span class='ocrx_word' id='word_1_172' title='bbox 554 2963 764 3032; x_wconf 91' lang='lat' dir='ltr'>pannis</span> <span class='ocrx_word' id='word_1_173' title='bbox 795 2963 1051 3019; x_wconf 88' lang='lat' dir='ltr'>innatam</span> <span class='ocrx_word' id='word_1_174' title='bbox 1076 2970 1282 3035; x_wconf 81' lang='lat' dir='ltr'>Sponte</span> <span class='ocrx_word' id='word_1_175' title='bbox 1312 2964 1544 3030; x_wconf 90' lang='lat' dir='ltr'>coloris,</span> 
     </span>
    </p>
   </div>
   <div class='ocr_carea' id='block_1_30' title="bbox 150 3047 1500 3123">
    <p class='ocr_par' dir='ltr' id='par_1_30' title="bbox 150 3047 1500 3123">
     <span class='ocr_line' id='line_1_30' title="bbox 150 3047 1500 3123; baseline 0.006 -21"><span class='ocrx_word' id='word_1_176' title='bbox 150 3047 358 3119; x_wconf 84' lang='lat' dir='ltr'>Hister,</span> <span class='ocrx_word' id='word_1_177' title='bbox 401 3050 661 3106; x_wconf 84' lang='lat' dir='ltr'>amanda</span> <span class='ocrx_word' id='word_1_178' title='bbox 681 3068 851 3122; x_wconf 88' lang='lat' dir='ltr'>paras</span> <span class='ocrx_word' id='word_1_179' title='bbox 879 3053 1112 3123; x_wconf 77' lang='lat' dir='ltr'>regibus</span> <span class='ocrx_word' id='word_1_180' title='bbox 1145 3054 1214 3107; x_wconf 90' lang='lat' dir='ltr'>ad</span> <span class='ocrx_word' id='word_1_181' title='bbox 1249 3055 1500 3110; x_wconf 86' lang='lat' dir='ltr'>tunicas.</span> 
     </span>
    </p>
   </div>
   <div class='ocr_carea' id='block_1_31' title="bbox 89 3133 1458 3212">
    <p class='ocr_par' dir='ltr' id='par_1_31' title="bbox 89 3133 1458 3212">
     <span class='ocr_line' id='line_1_31' title="bbox 89 3133 1458 3212; baseline 0.008 -25"><span class='ocrx_word' id='word_1_182' title='bbox 89 3133 292 3192; x_wconf 84' lang='lat' dir='ltr'>Nobilis</span> <span class='ocrx_word' id='word_1_183' title='bbox 322 3136 449 3194; x_wconf 60' lang='lat' dir='ltr'>hac</span> <span class='ocrx_word' id='word_1_184' title='bbox 481 3137 628 3194; x_wconf 85' lang='lat' dir='ltr'>nulli</span> <span class='ocrx_word' id='word_1_185' title='bbox 649 3141 827 3195; x_wconf 88' lang='lat' dir='ltr'>vestis</span> <span class='ocrx_word' id='word_1_186' title='bbox 860 3141 1232 3212; x_wconf 85' lang='lat' dir='ltr'>penetrabilis</span> <span class='ocrx_word' id='word_1_187' title='bbox 1263 3143 1458 3210; x_wconf 86' lang='lat' dir='ltr'>imbri,</span> 
     </span>
    </p>
   </div>
   <div class='ocr_carea' id='block_1_32' title="bbox 149 3222 1514 3300">
    <p class='ocr_par' dir='ltr' id='par_1_32' title="bbox 149 3222 1514 3300">
     <span class='ocr_line' id='line_1_32' title="bbox 149 3222 1514 3300; baseline 0.007 -22"><span class='ocrx_word' id='word_1_188' title='bbox 149 3222 234 3280; x_wconf 88' lang='lat' dir='ltr'>Nil</span> <span class='ocrx_word' id='word_1_189' title='bbox 263 3225 442 3283; x_wconf 82' lang='lat' dir='ltr'>habet</span> <span class='ocrx_word' id='word_1_190' title='bbox 463 3227 573 3283; x_wconf 92' lang='lat' dir='ltr'>hoc</span> <span class='ocrx_word' id='word_1_191' title='bbox 605 3229 796 3300; x_wconf 87' lang='lat' dir='ltr'>majus</span> <span class='ocrx_word' id='word_1_192' title='bbox 829 3247 1070 3286; x_wconf 90' lang='lat' dir='ltr'>munere</span> <span class='ocrx_word' id='word_1_193' title='bbox 1098 3231 1514 3288; x_wconf 86' lang='lat' dir='ltr'>Theutonicus.</span> 
     </span>
    </p>
   </div>
   <div class='ocr_carea' id='block_1_33' title="bbox 87 3309 1415 3387">
    <p class='ocr_par' dir='ltr' id='par_1_33' title="bbox 87 3309 1415 3387">
     <span class='ocr_line' id='line_1_33' title="bbox 87 3309 1415 3387; baseline 0.008 -22"><span class='ocrx_word' id='word_1_194' title='bbox 87 3309 231 3374; x_wconf 84' lang='lat' dir='ltr'>Quod</span> <span class='ocrx_word' id='word_1_195' title='bbox 255 3312 441 3387; x_wconf 78' lang='lat' dir='ltr'>fulget</span> <span class='ocrx_word' id='word_1_196' title='bbox 470 3315 649 3372; x_wconf 87' lang='lat' dir='ltr'>variis</span> <span class='ocrx_word' id='word_1_197' title='bbox 669 3317 941 3373; x_wconf 91' lang='lat' dir='ltr'>distincta</span> <span class='ocrx_word' id='word_1_198' title='bbox 971 3318 1262 3374; x_wconf 89' lang='lat' dir='ltr'>coloribus</span> <span class='ocrx_word' id='word_1_199' title='bbox 1293 3321 1415 3386; x_wconf 89' lang='lat' dir='ltr'>iris,</span> 
     </span>
    </p>
   </div>
   <div class='ocr_carea' id='block_1_34' title="bbox 148 3408 1366 3487">
    <p class='ocr_par' dir='ltr' id='par_1_34' title="bbox 148 3408 1366 3487">
     <span class='ocr_line' id='line_1_34' title="bbox 148 3408 1366 3487; baseline 0.007 -22"><span class='ocrx_word' id='word_1_200' title='bbox 148 3408 251 3467; x_wconf 83' lang='lat' dir='ltr'>Tot</span> <span class='ocrx_word' id='word_1_201' title='bbox 275 3417 474 3470; x_wconf 88' lang='lat' dir='ltr'>vestes</span> <span class='ocrx_word' id='word_1_202' title='bbox 505 3413 718 3487; x_wconf 84' lang='lat' dir='ltr'>pingis,</span> <span class='ocrx_word' id='word_1_203' title='bbox 752 3432 784 3470; x_wconf 91' lang='grc' dir='ltr'><strong>ο</strong></span> <span class='ocrx_word' id='word_1_204' title='bbox 811 3432 940 3471; x_wconf 89' lang='lat' dir='ltr'>mea</span> <span class='ocrx_word' id='word_1_205' title='bbox 969 3416 1124 3484; x_wconf 90' lang='lat' dir='ltr'>lana,</span> <span class='ocrx_word' id='word_1_206' title='bbox 1158 3419 1366 3475; x_wconf 88' lang='lat' dir='ltr'>modis.</span> 
     </span>
    </p>
   </div>
   <div class='ocr_carea' id='block_1_35' title="bbox 89 3493 1288 3575">
    <p class='ocr_par' dir='ltr' id='par_1_35' title="bbox 89 3493 1288 3575">
     <span class='ocr_line' id='line_1_35' title="bbox 89 3493 1288 3575; baseline 0.011 -24"><span class='ocrx_word' id='word_1_207' title='bbox 89 3493 188 3554; x_wconf 81' lang='lat' dir='ltr'>Has</span> <span class='ocrx_word' id='word_1_208' title='bbox 215 3500 338 3557; x_wconf 90' lang='lat' dir='ltr'>ovis</span> <span class='ocrx_word' id='word_1_209' title='bbox 365 3505 426 3558; x_wconf 87' lang='lat' dir='ltr'>et</span> <span class='ocrx_word' id='word_1_210' title='bbox 454 3501 630 3574; x_wconf 89' lang='lat' dir='ltr'>plura</span> <span class='ocrx_word' id='word_1_211' title='bbox 661 3503 755 3560; x_wconf 88' lang='lat' dir='ltr'>his</span> <span class='ocrx_word' id='word_1_212' title='bbox 786 3506 954 3561; x_wconf 81' lang='lat' dir='ltr'>affert</span> <span class='ocrx_word' id='word_1_213' title='bbox 981 3507 1288 3575; x_wconf 86' lang='lat' dir='ltr'>utilitates,</span> 
     </span>
    </p>
   </div>
   <div class='ocr_carea' id='block_1_36' title="bbox 146 3586 1472 3669">
    <p class='ocr_par' dir='ltr' id='par_1_36' title="bbox 146 3586 1472 3669">
     <span class='ocr_line' id='line_1_36' title="bbox 146 3586 1472 3669; baseline 0.007 -24"><span class='ocrx_word' id='word_1_214' title='bbox 146 3586 292 3651; x_wconf 81' lang='lat' dir='ltr'>Quae</span> <span class='ocrx_word' id='word_1_215' title='bbox 318 3589 501 3648; x_wconf 86' lang='lat' dir='ltr'>homo</span> <span class='ocrx_word' id='word_1_216' title='bbox 531 3592 756 3661; x_wconf 88' lang='lat' dir='ltr'>mirari,</span> <span class='ocrx_word' id='word_1_217' title='bbox 789 3595 890 3650; x_wconf 90' lang='lat' dir='ltr'>sed</span> <span class='ocrx_word' id='word_1_218' title='bbox 923 3613 1231 3652; x_wconf 89' lang='lat' dir='ltr'>numerare</span> <span class='ocrx_word' id='word_1_219' title='bbox 1254 3598 1472 3669; x_wconf 88' lang='lat' dir='ltr'>nequit.</span> 
     </span>
    </p>
   </div>
   <div class='ocr_carea' id='block_1_37' title="bbox 782 3701 986 3740">
    <p class='ocr_par' dir='ltr' id='par_1_37' title="bbox 782 3701 986 3740">
     <span class='ocr_line' id='line_1_37' title="bbox 782 3701 986 3740; baseline 0.01 -2"><span class='ocrx_word' id='word_1_220' title='bbox 782 3701 986 3740; x_wconf 71' lang='lat' dir='ltr'>LINUM.</span> 
     </span>
    </p>
   </div>
   <div class='ocr_carea' id='block_1_38' title="bbox 87 3758 1470 3844">
    <p class='ocr_par' dir='ltr' id='par_1_38' title="bbox 87 3758 1470 3844">
     <span class='ocr_line' id='line_1_38' title="bbox 87 3758 1470 3844; baseline 0.014 -29"><span class='ocrx_word' id='word_1_221' title='bbox 87 3758 148 3817; x_wconf 88' lang='lat' dir='ltr'>Ut</span> <span class='ocrx_word' id='word_1_222' title='bbox 165 3761 438 3824; x_wconf 76' lang='lat' dir='ltr'>laudetur</span> <span class='ocrx_word' id='word_1_223' title='bbox 465 3768 612 3839; x_wconf 90' lang='lat' dir='ltr'>ovis,</span> <span class='ocrx_word' id='word_1_224' title='bbox 647 3771 873 3844; x_wconf 89' lang='lat' dir='ltr'>species</span> <span class='ocrx_word' id='word_1_225' title='bbox 908 3790 1218 3832; x_wconf 89' lang='lat' dir='ltr'>numerare</span> <span class='ocrx_word' id='word_1_226' title='bbox 1240 3776 1470 3844; x_wconf 89' lang='lat' dir='ltr'>coloris,</span> 
     </span>
    </p>
   </div>
   <div class='ocr_carea' id='block_1_39' title="bbox 147 3852 1284 3934">
    <p class='ocr_par' dir='ltr' id='par_1_39' title="bbox 147 3852 1284 3934">
     <span class='ocr_line' id='line_1_39' title="bbox 147 3852 1284 3934; baseline 0.004 -18"><span class='ocrx_word' id='word_1_227' title='bbox 147 3852 272 3916; x_wconf 74' lang='lat' dir='ltr'>Quis</span> <span class='ocrx_word' id='word_1_228' title='bbox 293 3860 506 3929; x_wconf 81' lang='lat' dir='ltr'>poscat</span> <span class='ocrx_word' id='word_1_229' title='bbox 533 3859 680 3916; x_wconf 85' lang='lat' dir='ltr'>ratio</span> <span class='ocrx_word' id='word_1_230' title='bbox 702 3877 818 3917; x_wconf 89' lang='lat' dir='ltr'>non</span> <span class='ocrx_word' id='word_1_231' title='bbox 842 3864 1072 3934; x_wconf 88' lang='lat' dir='ltr'>penitus</span> <span class='ocrx_word' id='word_1_232' title='bbox 1102 3865 1284 3920; x_wconf 86' lang='lat' dir='ltr'>video.</span> 
     </span>
    </p>
   </div>
   <div class='ocr_carea' id='block_1_40' title="bbox 81 3936 1709 4028">
    <p class='ocr_par' dir='ltr' id='par_1_40' title="bbox 81 3936 1709 4028">
     <span class='ocr_line' id='line_1_40' title="bbox 81 3936 1709 4028; baseline 0.01 -35"><span class='ocrx_word' id='word_1_233' title='bbox 81 3936 348 4012; x_wconf 76' lang='lat' dir='ltr'>Splendor</span> <span class='ocrx_word' id='word_1_234' title='bbox 365 3947 531 4004; x_wconf 87' lang='lat' dir='ltr'>enim</span> <span class='ocrx_word' id='word_1_235' title='bbox 559 3949 690 4004; x_wconf 67' lang='lat' dir='ltr'>coeli</span> <span class='ocrx_word' id='word_1_236' title='bbox 729 3967 875 4007; x_wconf 89' lang='lat' dir='ltr'>suus</span> <span class='ocrx_word' id='word_1_237' title='bbox 906 3957 1016 4018; x_wconf 89' lang='lat' dir='ltr'>est,</span> <span class='ocrx_word' id='word_1_238' title='bbox 1041 3971 1183 4008; x_wconf 92' lang='lat' dir='ltr'>suus</span> <span class='ocrx_word' id='word_1_239' title='bbox 1203 3959 1290 4010; x_wconf 88' lang='lat' dir='ltr'>est</span> <span class='ocrx_word' id='word_1_240' title='bbox 1347 3954 1504 4011; x_wconf 90' lang='lat' dir='ltr'>viror</span> <span class='ocrx_word' id='word_1_241' title='bbox 1541 3956 1664 4028; x_wconf 88' lang='lat' dir='ltr'>agri</span> <span class='ocrx_word' id='word_1_242' title='bbox 1696 3975 1709 4027; x_wconf 90' lang='lat'>;</span> 
     </span>
    </p>
   </div>
   <div class='ocr_carea' id='block_1_41' title="bbox 140 4029 1300 4113">
    <p class='ocr_par' dir='ltr' id='par_1_41' title="bbox 140 4029 1300 4113">
     <span class='ocr_line' id='line_1_41' title="bbox 140 4029 1300 4113; baseline 0.003 -19"><span class='ocrx_word' id='word_1_243' title='bbox 140 4029 294 4094; x_wconf 81' lang='lat' dir='ltr'>Quod</span> <span class='ocrx_word' id='word_1_244' title='bbox 326 4035 430 4093; x_wconf 80' lang='lat' dir='ltr'>nix</span> <span class='ocrx_word' id='word_1_245' title='bbox 462 4035 710 4096; x_wconf 81' lang='lat' dir='ltr'>albescit</span> <span class='ocrx_word' id='word_1_246' title='bbox 733 4040 788 4096; x_wconf 89' lang='lat' dir='ltr'>id</span> <span class='ocrx_word' id='word_1_247' title='bbox 811 4043 982 4097; x_wconf 89' lang='lat' dir='ltr'>decor</span> <span class='ocrx_word' id='word_1_248' title='bbox 1005 4043 1135 4113; x_wconf 83' lang='lat' dir='ltr'>ejus</span> <span class='ocrx_word' id='word_1_249' title='bbox 1163 4045 1300 4098; x_wconf 91' lang='lat' dir='ltr'>erit:</span> 
     </span>
    </p>
   </div>
   <div class='ocr_carea' id='block_1_42' title="bbox 84 4113 1506 4203">
    <p class='ocr_par' dir='ltr' id='par_1_42' title="bbox 84 4113 1506 4203">
     <span class='ocr_line' id='line_1_42' title="bbox 84 4113 1506 4203; baseline 0.013 -33"><span class='ocrx_word' id='word_1_250' title='bbox 84 4113 164 4173; x_wconf 88' lang='lat' dir='ltr'>Sic</span> <span class='ocrx_word' id='word_1_251' title='bbox 189 4119 557 4182; x_wconf 86' lang='lat' dir='ltr'>diversorum</span> <span class='ocrx_word' id='word_1_252' title='bbox 589 4143 699 4184; x_wconf 89' lang='lat' dir='ltr'>sua</span> <span class='ocrx_word' id='word_1_253' title='bbox 729 4127 856 4185; x_wconf 92' lang='lat' dir='ltr'>laus</span> <span class='ocrx_word' id='word_1_254' title='bbox 889 4136 978 4186; x_wconf 91' lang='lat' dir='ltr'>est</span> <span class='ocrx_word' id='word_1_255' title='bbox 1011 4133 1196 4188; x_wconf 79' lang='lat' dir='ltr'>forma</span> <span class='ocrx_word' id='word_1_256' title='bbox 1215 4132 1506 4203; x_wconf 89' lang='lat' dir='ltr'>colorum;</span> 
     </span>
    </p>
   </div>
   <div class='ocr_carea' id='block_1_43' title="bbox 141 4205 1582 4290">
    <p class='ocr_par' dir='ltr' id='par_1_43' title="bbox 141 4205 1582 4290">
     <span class='ocr_line' id='line_1_43' title="bbox 141 4205 1582 4290; baseline 0.01 -26"><span class='ocrx_word' id='word_1_257' title='bbox 141 4205 256 4266; x_wconf 84' lang='lat' dir='ltr'>Non</span> <span class='ocrx_word' id='word_1_258' title='bbox 286 4213 368 4269; x_wconf 84' lang='lat' dir='ltr'>sit</span> <span class='ocrx_word' id='word_1_259' title='bbox 395 4215 556 4271; x_wconf 87' lang='lat' dir='ltr'>ovis:</span> <span class='ocrx_word' id='word_1_260' title='bbox 592 4219 880 4290; x_wconf 89' lang='lat' dir='ltr'>numquid</span> <span class='ocrx_word' id='word_1_261' title='bbox 903 4238 1015 4275; x_wconf 91' lang='lat' dir='ltr'>non</span> <span class='ocrx_word' id='word_1_262' title='bbox 1051 4221 1208 4276; x_wconf 91' lang='lat' dir='ltr'>color</span> <span class='ocrx_word' id='word_1_263' title='bbox 1237 4221 1397 4278; x_wconf 89' lang='lat' dir='ltr'>ullus</span> <span class='ocrx_word' id='word_1_264' title='bbox 1425 4223 1582 4279; x_wconf 84' lang='lat' dir='ltr'>erit?</span> 
     </span>
    </p>
   </div>
   <div class='ocr_carea' id='block_1_44' title="bbox 85 4291 1418 4378">
    <p class='ocr_par' dir='ltr' id='par_1_44' title="bbox 85 4291 1418 4378">
     <span class='ocr_line' id='line_1_44' title="bbox 85 4291 1418 4378; baseline 0.014 -29"><span class='ocrx_word' id='word_1_265' title='bbox 85 4291 191 4353; x_wconf 87' lang='lat' dir='ltr'>Una</span> <span class='ocrx_word' id='word_1_266' title='bbox 217 4300 461 4372; x_wconf 87' lang='lat' dir='ltr'>quidem</span> <span class='ocrx_word' id='word_1_267' title='bbox 493 4303 621 4372; x_wconf 88' lang='lat' dir='ltr'>lini,</span> <span class='ocrx_word' id='word_1_268' title='bbox 646 4307 748 4362; x_wconf 88' lang='lat' dir='ltr'>sed</span> <span class='ocrx_word' id='word_1_269' title='bbox 779 4325 909 4378; x_wconf 59' lang='lat' dir='ltr'>quas</span> <span class='ocrx_word' id='word_1_270' title='bbox 940 4327 1054 4365; x_wconf 90' lang='lat' dir='ltr'>non</span> <span class='ocrx_word' id='word_1_271' title='bbox 1087 4311 1296 4366; x_wconf 89' lang='lat' dir='ltr'>accidit</span> <span class='ocrx_word' id='word_1_272' title='bbox 1335 4311 1418 4367; x_wconf 92' lang='lat' dir='ltr'>illi</span> 
     </span>
    </p>
   </div>
   <div class='ocr_carea' id='block_1_45' title="bbox 137 4383 1491 4472">
    <p class='ocr_par' dir='ltr' id='par_1_45' title="bbox 137 4383 1491 4472">
     <span class='ocr_line' id='line_1_45' title="bbox 137 4383 1491 4472; baseline 0.013 -32"><span class='ocrx_word' id='word_1_273' title='bbox 137 4383 415 4458; x_wconf 83' lang='lat' dir='ltr'>Exterius,</span> <span class='ocrx_word' id='word_1_274' title='bbox 449 4392 723 4466; x_wconf 82' lang='lat' dir='ltr'>simplex,</span> <span class='ocrx_word' id='word_1_275' title='bbox 745 4403 952 4468; x_wconf 86' lang='lat' dir='ltr'>sponte</span> <span class='ocrx_word' id='word_1_276' title='bbox 986 4398 1222 4470; x_wconf 87' lang='lat' dir='ltr'>placens</span> <span class='ocrx_word' id='word_1_277' title='bbox 1249 4403 1491 4472; x_wconf 88' lang='lat' dir='ltr'>species.</span> 
     </span>
    </p>
   </div>
   <div class='ocr_carea' id='block_1_46' title="bbox 82 4468 1617 4562">
    <p class='ocr_par' dir='ltr' id='par_1_46' title="bbox 82 4468 1617 4562">
     <span class='ocr_line' id='line_1_46' title="bbox 82 4468 1617 4562; baseline 0.016 -36"><span class='ocrx_word' id='word_1_278' title='bbox 82 4468 232 4562; x_wconf 79' lang='lat' dir='ltr'>Teste</span> <span class='ocrx_word' id='word_1_279' title='bbox 251 4480 496 4550; x_wconf 88' lang='lat' dir='ltr'>quidem</span> <span class='ocrx_word' id='word_1_280' title='bbox 530 4485 770 4551; x_wconf 88' lang='lat' dir='ltr'>mundo,</span> <span class='ocrx_word' id='word_1_281' title='bbox 794 4468 1015 4558; x_wconf 79' lang='lat' dir='ltr'>species</span> <span class='ocrx_word' id='word_1_282' title='bbox 1043 4489 1160 4544; x_wconf 81' lang='lat' dir='ltr'>haec</span> <span class='ocrx_word' id='word_1_283' title='bbox 1192 4468 1449 4562; x_wconf 77' lang='lat' dir='ltr'>congrua</span> <span class='ocrx_word' id='word_1_284' title='bbox 1478 4491 1617 4562; x_wconf 89' lang='lat' dir='ltr'>lino,</span> 
     </span>
    </p>
   </div>
   <div class='ocr_carea' id='block_1_47' title="bbox 135 4561 1448 4652">
    <p class='ocr_par' dir='ltr' id='par_1_47' title="bbox 135 4561 1448 4652">
     <span class='ocr_line' id='line_1_47' title="bbox 135 4561 1448 4652; baseline 0.014 -35"><span class='ocrx_word' id='word_1_285' title='bbox 135 4561 218 4652; x_wconf 85' lang='lat' dir='ltr'>Et,</span> <span class='ocrx_word' id='word_1_286' title='bbox 245 4582 365 4639; x_wconf 86' lang='lat' dir='ltr'>qua</span> <span class='ocrx_word' id='word_1_287' title='bbox 399 4574 562 4628; x_wconf 83' lang='lat' dir='ltr'>terra</span> <span class='ocrx_word' id='word_1_288' title='bbox 590 4577 769 4644; x_wconf 88' lang='lat' dir='ltr'>patet,</span> <span class='ocrx_word' id='word_1_289' title='bbox 794 4581 992 4632; x_wconf 89' lang='lat' dir='ltr'>nostra</span> <span class='ocrx_word' id='word_1_290' title='bbox 1025 4579 1211 4650; x_wconf 83' lang='lat' dir='ltr'>figura</span> <span class='ocrx_word' id='word_1_291' title='bbox 1243 4561 1448 4652; x_wconf 77' lang='lat' dir='ltr'>placet.</span> 
     </span>
    </p>
   </div>
   <div class='ocr_carea' id='block_1_48' title="bbox 79 4643 1480 4737">
    <p class='ocr_par' dir='ltr' id='par_1_48' title="bbox 79 4643 1480 4737">
     <span class='ocr_line' id='line_1_48' title="bbox 79 4643 1480 4737; baseline 0.018 -37"><span class='ocrx_word' id='word_1_292' title='bbox 79 4643 335 4726; x_wconf 87' lang='lat' dir='ltr'>Candida,</span> <span class='ocrx_word' id='word_1_293' title='bbox 359 4643 672 4718; x_wconf 80' lang='lat' dir='ltr'>sollemnis</span> <span class='ocrx_word' id='word_1_294' title='bbox 702 4643 1260 4737; x_wconf 43' lang='lat' dir='ltr'>pretiosaquevlinea.</span> <span class='ocrx_word' id='word_1_295' title='bbox 1284 4669 1480 4734; x_wconf 88' lang='lat' dir='ltr'>vestis,</span> 
     </span>
    </p>
   </div>
   <div class='ocr_carea' id='block_1_49' title="bbox 136 4738 1201 4824">
    <p class='ocr_par' dir='ltr' id='par_1_49' title="bbox 136 4738 1201 4824">
     <span class='ocr_line' id='line_1_49' title="bbox 136 4738 1201 4824; baseline 0.014 -27"><span class='ocrx_word' id='word_1_296' title='bbox 136 4738 394 4817; x_wconf 82' lang='lat' dir='ltr'>Congrna</span> <span class='ocrx_word' id='word_1_297' title='bbox 427 4747 664 4818; x_wconf 56' lang='lat' dir='ltr'>latitia,</span> <span class='ocrx_word' id='word_1_298' title='bbox 697 4754 894 4810; x_wconf 89' lang='lat' dir='ltr'>nescia</span> <span class='ocrx_word' id='word_1_299' title='bbox 923 4756 1201 4824; x_wconf 68' lang='lat' dir='ltr'>tristitiae;</span> 
     </span>
    </p>
   </div>
   <div class='ocr_carea' id='block_1_50' title="bbox 77 4821 1707 4920">
    <p class='ocr_par' dir='ltr' id='par_1_50' title="bbox 77 4821 1707 4920">
     <span class='ocr_line' id='line_1_50' title="bbox 77 4821 1707 4920; baseline 0.013 -36"><span class='ocrx_word' id='word_1_300' title='bbox 77 4821 176 4884; x_wconf 82' lang='lat' dir='ltr'>Nec</span> <span class='ocrx_word' id='word_1_301' title='bbox 202 4836 449 4893; x_wconf 84' lang='lat' dir='ltr'>mortale</span> <span class='ocrx_word' id='word_1_302' title='bbox 479 4854 668 4910; x_wconf 85' lang='lat' dir='ltr'>genus</span> <span class='ocrx_word' id='word_1_303' title='bbox 700 4841 1068 4900; x_wconf 89' lang='lat' dir='ltr'>solummodo</span> <span class='ocrx_word' id='word_1_304' title='bbox 1092 4821 1251 4902; x_wconf 84' lang='lat' dir='ltr'>veste</span> <span class='ocrx_word' id='word_1_305' title='bbox 1275 4850 1707 4920; x_wconf 86' lang='lat' dir='ltr'>muamus[bea—</span> 
     </span>
    </p>
   </div>
   <div class='ocr_carea' id='block_1_51' title="bbox 1574 4954 1704 4996">
    <p class='ocr_par' dir='ltr' id='par_1_51' title="bbox 1574 4954 1704 4996">
     <span class='ocr_line' id='line_1_51' title="bbox 1574 4954 1704 4996; baseline 0.015 -2"><span class='ocrx_word' id='word_1_306' title='bbox 1574 4954 1704 4996; x_wconf 87' lang='lat' dir='ltr'>mus</span> 
     </span>
    </p>
   </div>
   <div class='ocr_carea' id='block_1_52' title="bbox 134 4938 1566 5080">
    <p class='ocr_par' dir='ltr' id='par_1_52' title="bbox 134 4938 1566 5080">
     <span class='ocr_line' id='line_1_52' title="bbox 134 4938 1566 5080; baseline 0.015 -19"><span class='ocrx_word' id='word_1_307' title='bbox 134 5003 308 5068; x_wconf 89' lang='lat' dir='ltr'>Immo</span> <span class='ocrx_word' id='word_1_308' title='bbox 337 5014 589 5073; x_wconf 87' lang='lat' dir='ltr'>delicias</span> <span class='ocrx_word' id='word_1_309' title='bbox 619 5021 974 5078; x_wconf 88' lang='lat' dir='ltr'>conferimus</span> <span class='ocrx_word' id='word_1_310' title='bbox 994 5023 1204 5080; x_wconf 87' lang='lat' dir='ltr'>varias.</span> <span class='ocrx_word' id='word_1_311' title='bbox 1549 4938 1566 5009; x_wconf 70' lang='lat'>[</span> 
     </span>
    </p>
   </div>
   <div class='ocr_carea' id='block_1_53' title="bbox 78 5085 1294 5183">
    <p class='ocr_par' dir='ltr' id='par_1_53' title="bbox 78 5085 1294 5183">
     <span class='ocr_line' id='line_1_53' title="bbox 78 5085 1294 5183; baseline 0.016 -35"><span class='ocrx_word' id='word_1_312' title='bbox 78 5085 319 5183; x_wconf 70' lang='lat' dir='ltr'>Floribus</span> <span class='ocrx_word' id='word_1_313' title='bbox 349 5102 616 5175; x_wconf 80' lang='lat' dir='ltr'>intextis,</span> <span class='ocrx_word' id='word_1_314' title='bbox 651 5108 781 5164; x_wconf 90' lang='lat' dir='ltr'>aliis</span> <span class='ocrx_word' id='word_1_315' title='bbox 818 5111 1057 5167; x_wconf 90' lang='lat' dir='ltr'>subtilia</span> <span class='ocrx_word' id='word_1_316' title='bbox 1087 5113 1294 5183; x_wconf 89' lang='lat' dir='ltr'>signis,</span> 
     </span>
    </p>
   </div>
   <div class='ocr_carea' id='block_1_54' title="bbox 134 5181 1378 5272">
    <p class='ocr_par' dir='ltr' id='par_1_54' title="bbox 134 5181 1378 5272">
     <span class='ocr_line' id='line_1_54' title="bbox 134 5181 1378 5272; baseline 0.014 -32"><span class='ocrx_word' id='word_1_317' title='bbox 134 5181 450 5272; x_wconf 75' lang='lat' dir='ltr'>&#39;l‘ergendis</span> <span class='ocrx_word' id='word_1_318' title='bbox 484 5197 762 5254; x_wconf 89' lang='lat' dir='ltr'>manibus</span> <span class='ocrx_word' id='word_1_319' title='bbox 792 5199 974 5256; x_wconf 86' lang='lat' dir='ltr'>lintea</span> <span class='ocrx_word' id='word_1_320' title='bbox 1005 5181 1378 5272; x_wconf 77' lang='lat' dir='ltr'>porrigimus.</span> 
     </span>
    </p>
   </div>
   <div class='ocr_carea' id='block_1_55' title="bbox 76 5267 1350 5355">
    <p class='ocr_par' dir='ltr' id='par_1_55' title="bbox 76 5267 1350 5355">
     <span class='ocr_line' id='line_1_55' title="bbox 76 5267 1350 5355; baseline 0.014 -28"><span class='ocrx_word' id='word_1_321' title='bbox 76 5267 204 5330; x_wconf 73' lang='lat' dir='ltr'>Alba</span> <span class='ocrx_word' id='word_1_322' title='bbox 221 5283 620 5355; x_wconf 83' lang='lat' dir='ltr'>superpositis</span> <span class='ocrx_word' id='word_1_323' title='bbox 643 5287 847 5343; x_wconf 89' lang='lat' dir='ltr'>mundi</span> <span class='ocrx_word' id='word_1_324' title='bbox 879 5267 1350 5346; x_wconf 44' lang='lat' dir='ltr'>men-salia—donis</span> 
     </span>
    </p>
   </div>
   <div class='ocr_carea' id='block_1_56' title="bbox 132 5362 1394 5447">
    <p class='ocr_par' dir='ltr' id='par_1_56' title="bbox 132 5362 1394 5447">
     <span class='ocr_line' id='line_1_56' title="bbox 132 5362 1394 5447; baseline 0.015 -31"><span class='ocrx_word' id='word_1_325' title='bbox 132 5362 270 5422; x_wconf 82' lang='lat' dir='ltr'>Sunt</span> <span class='ocrx_word' id='word_1_326' title='bbox 296 5371 498 5442; x_wconf 88' lang='lat' dir='ltr'>epulis</span> <span class='ocrx_word' id='word_1_327' title='bbox 531 5389 732 5446; x_wconf 86' lang='lat' dir='ltr'>regum</span> <span class='ocrx_word' id='word_1_328' title='bbox 761 5375 955 5432; x_wconf 90' lang='lat' dir='ltr'>cultus</span> <span class='ocrx_word' id='word_1_329' title='bbox 985 5382 1042 5433; x_wconf 88' lang='lat' dir='ltr'>et</span> <span class='ocrx_word' id='word_1_330' title='bbox 1070 5378 1353 5434; x_wconf 84' lang='lat' dir='ltr'>auxilium</span> <span class='ocrx_word' id='word_1_331' title='bbox 1380 5397 1394 5447; x_wconf 91' lang='lat'>;</span> 
     </span>
    </p>
   </div>
   <div class='ocr_carea' id='block_1_57' title="bbox 76 5443 1480 5534">
    <p class='ocr_par' dir='ltr' id='par_1_57' title="bbox 76 5443 1480 5534">
     <span class='ocr_line' id='line_1_57' title="bbox 76 5443 1480 5534; baseline 0.01 -24"><span class='ocrx_word' id='word_1_332' title='bbox 76 5443 196 5520; x_wconf 75' lang='grc'>0110,</span> <span class='ocrx_word' id='word_1_333' title='bbox 225 5455 273 5512; x_wconf 82' lang='lat' dir='ltr'>li</span> <span class='ocrx_word' id='word_1_334' title='bbox 303 5461 445 5532; x_wconf 88' lang='lat' dir='ltr'>quis</span> <span class='ocrx_word' id='word_1_335' title='bbox 478 5443 709 5534; x_wconf 77' lang='lat' dir='ltr'>pannos</span> <span class='ocrx_word' id='word_1_336' title='bbox 735 5482 874 5522; x_wconf 88' lang='lat' dir='ltr'>casu</span> <span class='ocrx_word' id='word_1_337' title='bbox 907 5467 1244 5523; x_wconf 80' lang='lat' dir='ltr'>substernat</span> <span class='ocrx_word' id='word_1_338' title='bbox 1265 5467 1480 5524; x_wconf 88' lang='lat' dir='ltr'>ovines.</span> 
     </span>
    </p>
   </div>
   <div class='ocr_carea' id='block_1_58' title="bbox 136 5537 1094 5624">
    <p class='ocr_par' dir='ltr' id='par_1_58' title="bbox 136 5537 1094 5624">
     <span class='ocr_line' id='line_1_58' title="bbox 136 5537 1094 5624; baseline 0.017 -29"><span class='ocrx_word' id='word_1_339' title='bbox 136 5537 302 5602; x_wconf 78' lang='lat' dir='ltr'>Escae</span> <span class='ocrx_word' id='word_1_340' title='bbox 331 5550 578 5608; x_wconf 77' lang='lat' dir='ltr'>oﬂensit</span> <span class='ocrx_word' id='word_1_341' title='bbox 606 5553 866 5624; x_wconf 88' lang='lat' dir='ltr'>rejicient</span> <span class='ocrx_word' id='word_1_342' title='bbox 893 5555 1094 5611; x_wconf 90' lang='lat' dir='ltr'>animi.</span> 
     </span>
    </p>
   </div>
   <div class='ocr_carea' id='block_1_59' title="bbox 73 5629 1401 5718">
    <p class='ocr_par' dir='ltr' id='par_1_59' title="bbox 73 5629 1401 5718">
     <span class='ocr_line' id='line_1_59' title="bbox 73 5629 1401 5718; baseline 0.008 -28"><span class='ocrx_word' id='word_1_343' title='bbox 73 5629 298 5694; x_wconf 76' lang='lat' dir='ltr'>Molliter</span> <span class='ocrx_word' id='word_1_344' title='bbox 323 5637 575 5697; x_wconf 83' lang='lat' dir='ltr'>insertis</span> <span class='ocrx_word' id='word_1_345' title='bbox 605 5658 823 5700; x_wconf 88' lang='lat' dir='ltr'>ornans</span> <span class='ocrx_word' id='word_1_346' title='bbox 853 5643 1133 5700; x_wconf 89' lang='lat' dir='ltr'>subsellia</span> <span class='ocrx_word' id='word_1_347' title='bbox 1161 5644 1401 5718; x_wconf 88' lang='lat' dir='ltr'>plumis,</span> 
     </span>
    </p>
   </div>
   <div class='ocr_carea' id='block_1_60' title="bbox 129 5726 1294 5812">
    <p class='ocr_par' dir='ltr' id='par_1_60' title="bbox 129 5726 1294 5812">
     <span class='ocr_line' id='line_1_60' title="bbox 129 5726 1294 5812; baseline 0.009 -27"><span class='ocrx_word' id='word_1_348' title='bbox 129 5726 291 5788; x_wconf 79' lang='lat' dir='ltr'>Artus</span> <span class='ocrx_word' id='word_1_349' title='bbox 321 5743 478 5806; x_wconf 83' lang='lat' dir='ltr'>quos</span> <span class='ocrx_word' id='word_1_350' title='bbox 498 5731 727 5812; x_wconf 77' lang='lat' dir='ltr'>profert</span> <span class='ocrx_word' id='word_1_351' title='bbox 747 5732 905 5796; x_wconf 79' lang='lat' dir='ltr'>linea</span> <span class='ocrx_word' id='word_1_352' title='bbox 931 5733 1098 5794; x_wconf 86' lang='lat' dir='ltr'>theca</span> <span class='ocrx_word' id='word_1_353' title='bbox 1125 5734 1294 5796; x_wconf 83' lang='lat' dir='ltr'>fovet.</span> 
     </span>
    </p>
   </div>
   <div class='ocr_carea' id='block_1_61' title="bbox 701 5999 728 6018">
    <p class='ocr_par' dir='ltr' id='par_1_61' title="bbox 701 5999 728 6018">
     <span class='ocr_line' id='line_1_61' title="bbox 701 5999 728 6018; baseline 0 0"><span class='ocrx_word' id='word_1_354' title='bbox 701 5999 728 6018; x_wconf 73' lang='grc' dir='ltr'><strong><em>ο</em></strong></span> 
     </span>
    </p>
   </div>
   <div class='ocr_carea' id='block_1_62' title="bbox 1003 389 2561 497">
    <p class='ocr_par' dir='ltr' id='par_1_62' title="bbox 1003 389 2561 497">
     <span class='ocr_line' id='line_1_62' title="bbox 1003 389 2561 497; baseline 0 -1"><span class='ocrx_word' id='word_1_355' title='bbox 1003 389 1326 497; x_wconf 72' lang='lat' dir='ltr'>CAltMEN</span> <span class='ocrx_word' id='word_1_356' title='bbox 1372 433 1477 496; x_wconf 89' lang='lat' dir='ltr'><strong>DE</strong></span> <span class='ocrx_word' id='word_1_357' title='bbox 1521 433 1966 497; x_wconf 77' lang='lat' dir='ltr'>CONFLIC’I‘U</span> <span class='ocrx_word' id='word_1_358' title='bbox 2012 430 2189 496; x_wconf 80' lang='lat' dir='ltr'>OVIS</span> <span class='ocrx_word' id='word_1_359' title='bbox 2235 435 2336 496; x_wconf 88' lang='lat' dir='ltr'>ET</span> <span class='ocrx_word' id='word_1_360' title='bbox 2379 435 2561 496; x_wconf 89' lang='lat' dir='ltr'><strong>LINI.</strong></span> 
     </span>
    </p>
   </div>
   <div class='ocr_carea' id='block_1_63' title="bbox 3353 429 3470 498">
    <p class='ocr_par' dir='ltr' id='par_1_63' title="bbox 3353 429 3470 498">
     <span class='ocr_line' id='line_1_63' title="bbox 3353 429 3470 498; baseline 0.034 -4"><span class='ocrx_word' id='word_1_361' title='bbox 3353 429 3470 498; x_wconf 58' lang='lat'>450</span> 
     </span>
    </p>
   </div>
   <div class='ocr_carea' id='block_1_64' title="bbox 1744 566 3298 654">
    <p class='ocr_par' dir='ltr' id='par_1_64' title="bbox 1744 566 3298 654">
     <span class='ocr_line' id='line_1_64' title="bbox 1744 566 3298 654; baseline -0.003 -16"><span class='ocrx_word' id='word_1_362' title='bbox 1744 566 1799 630; x_wconf 77' lang='grc' dir='ltr'><strong>Α</strong></span> <span class='ocrx_word' id='word_1_363' title='bbox 1837 583 1928 638; x_wconf 81' lang='lat' dir='ltr'>Sic</span> <span class='ocrx_word' id='word_1_364' title='bbox 1963 600 2138 654; x_wconf 72' lang='lat' dir='ltr'>super</span> <span class='ocrx_word' id='word_1_365' title='bbox 2169 589 2463 638; x_wconf 78' lang='lat' dir='ltr'>extentum</span> <span class='ocrx_word' id='word_1_366' title='bbox 2491 585 2746 639; x_wconf 88' lang='lat' dir='ltr'>candens</span> <span class='ocrx_word' id='word_1_367' title='bbox 2779 583 2878 637; x_wconf 89' lang='lat' dir='ltr'>dat</span> <span class='ocrx_word' id='word_1_368' title='bbox 2905 581 3082 636; x_wconf 88' lang='lat' dir='ltr'>lintea</span> <span class='ocrx_word' id='word_1_369' title='bbox 3113 580 3298 634; x_wconf 88' lang='lat' dir='ltr'>linum</span> 
     </span>
    </p>
   </div>
   <div class='ocr_carea' id='block_1_65' title="bbox 1893 670 3050 728">
    <p class='ocr_par' dir='ltr' id='par_1_65' title="bbox 1893 670 3050 728">
     <span class='ocr_line' id='line_1_65' title="bbox 1893 670 3050 728; baseline -0.003 -2"><span class='ocrx_word' id='word_1_370' title='bbox 1893 673 2140 727; x_wconf 84' lang='lat' dir='ltr'>Molliter</span> <span class='ocrx_word' id='word_1_371' title='bbox 2159 675 2470 728; x_wconf 79' lang='lat' dir='ltr'>exstructis</span> <span class='ocrx_word' id='word_1_372' title='bbox 2502 673 2816 728; x_wconf 84' lang='lat' dir='ltr'>ambitiosa</span> <span class='ocrx_word' id='word_1_373' title='bbox 2847 670 3050 725; x_wconf 81' lang='lat' dir='ltr'>tlioris.</span> 
     </span>
    </p>
   </div>
   <div class='ocr_carea' id='block_1_66' title="bbox 1824 758 3155 833">
    <p class='ocr_par' dir='ltr' id='par_1_66' title="bbox 1824 758 3155 833">
     <span class='ocr_line' id='line_1_66' title="bbox 1824 758 3155 833; baseline -0.002 -18"><span class='ocrx_word' id='word_1_374' title='bbox 1824 761 1924 815; x_wconf 91' lang='lat' dir='ltr'>His</span> <span class='ocrx_word' id='word_1_375' title='bbox 1959 763 2285 832; x_wconf 89' lang='lat' dir='ltr'>superadde</span> <span class='ocrx_word' id='word_1_376' title='bbox 2315 765 2439 818; x_wconf 90' lang='lat' dir='ltr'>suis</span> <span class='ocrx_word' id='word_1_377' title='bbox 2471 767 2629 817; x_wconf 83' lang='lat' dir='ltr'>extra</span> <span class='ocrx_word' id='word_1_378' title='bbox 2650 761 2972 833; x_wconf 89' lang='lat' dir='ltr'>crispantia</span> <span class='ocrx_word' id='word_1_379' title='bbox 3004 758 3155 813; x_wconf 77' lang='lat' dir='ltr'>villis</span> 
     </span>
    </p>
   </div>
   <div class='ocr_carea' id='block_1_67' title="bbox 1893 850 3051 928">
    <p class='ocr_par' dir='ltr' id='par_1_67' title="bbox 1893 850 3051 928">
     <span class='ocr_line' id='line_1_67' title="bbox 1893 850 3051 928; baseline -0.002 -24"><span class='ocrx_word' id='word_1_380' title='bbox 1893 850 2264 917; x_wconf 87' lang='lat' dir='ltr'>Ornamenta,</span> <span class='ocrx_word' id='word_1_381' title='bbox 2302 852 2460 908; x_wconf 87' lang='lat' dir='ltr'>nives</span> <span class='ocrx_word' id='word_1_382' title='bbox 2491 851 2817 928; x_wconf 78' lang='lat' dir='ltr'>assimilare</span> <span class='ocrx_word' id='word_1_383' title='bbox 2866 853 3051 920; x_wconf 85' lang='lat' dir='ltr'>potes.</span> 
     </span>
    </p>
   </div>
   <div class='ocr_carea' id='block_1_68' title="bbox 1824 938 3289 1012">
    <p class='ocr_par' dir='ltr' id='par_1_68' title="bbox 1824 938 3289 1012">
     <span class='ocr_line' id='line_1_68' title="bbox 1824 938 3289 1012; baseline -0.002 -19"><span class='ocrx_word' id='word_1_384' title='bbox 1824 938 1978 993; x_wconf 90' lang='lat' dir='ltr'>Ditia</span> <span class='ocrx_word' id='word_1_385' title='bbox 2007 941 2338 1008; x_wconf 87' lang='lat' dir='ltr'>dependent</span> <span class='ocrx_word' id='word_1_386' title='bbox 2367 958 2494 1012; x_wconf 72' lang='lat' dir='ltr'>qua:</span> <span class='ocrx_word' id='word_1_387' title='bbox 2527 943 2774 995; x_wconf 88' lang='lat' dir='ltr'>stratum</span> <span class='ocrx_word' id='word_1_388' title='bbox 2803 938 2930 994; x_wconf 89' lang='lat' dir='ltr'>vela</span> <span class='ocrx_word' id='word_1_389' title='bbox 2959 940 3241 992; x_wconf 89' lang='lat' dir='ltr'>coronent</span> <span class='ocrx_word' id='word_1_390' title='bbox 3270 952 3289 990; x_wconf 89' lang='lat'><em>:</em></span> 
     </span>
    </p>
   </div>
   <div class='ocr_carea' id='block_1_69' title="bbox 1896 1027 3100 1099">
    <p class='ocr_par' dir='ltr' id='par_1_69' title="bbox 1896 1027 3100 1099">
     <span class='ocr_line' id='line_1_69' title="bbox 1896 1027 3100 1099; baseline -0.002 -18"><span class='ocrx_word' id='word_1_391' title='bbox 1896 1027 2038 1081; x_wconf 85' lang='lat' dir='ltr'>Huic</span> <span class='ocrx_word' id='word_1_392' title='bbox 2067 1027 2226 1083; x_wconf 88' lang='lat' dir='ltr'>vivas</span> <span class='ocrx_word' id='word_1_393' title='bbox 2257 1030 2478 1099; x_wconf 85' lang='lat' dir='ltr'>species</span> <span class='ocrx_word' id='word_1_394' title='bbox 2511 1029 2880 1082; x_wconf 87' lang='lat' dir='ltr'>dinumerare</span> <span class='ocrx_word' id='word_1_395' title='bbox 2913 1029 3100 1098; x_wconf 76' lang='lat' dir='ltr'>putes.</span> 
     </span>
    </p>
   </div>
   <div class='ocr_carea' id='block_1_70' title="bbox 1825 1114 3142 1186">
    <p class='ocr_par' dir='ltr' id='par_1_70' title="bbox 1825 1114 3142 1186">
     <span class='ocr_line' id='line_1_70' title="bbox 1825 1114 3142 1186; baseline -0.001 -17"><span class='ocrx_word' id='word_1_396' title='bbox 1825 1116 1922 1169; x_wconf 89' lang='lat' dir='ltr'>Cui</span> <span class='ocrx_word' id='word_1_397' title='bbox 1949 1117 2210 1186; x_wconf 89' lang='lat' dir='ltr'>speciosa</span> <span class='ocrx_word' id='word_1_398' title='bbox 2237 1118 2359 1172; x_wconf 88' lang='lat' dir='ltr'>suis</span> <span class='ocrx_word' id='word_1_399' title='bbox 2393 1117 2640 1172; x_wconf 89' lang='lat' dir='ltr'>tentoria</span> <span class='ocrx_word' id='word_1_400' title='bbox 2664 1117 2793 1170; x_wconf 79' lang='lat' dir='ltr'>nixa</span> <span class='ocrx_word' id='word_1_401' title='bbox 2826 1114 3142 1184; x_wconf 86' lang='lat' dir='ltr'>columnis,</span> 
     </span>
    </p>
   </div>
   <div class='ocr_carea' id='block_1_71' title="bbox 1901 1202 3057 1276">
    <p class='ocr_par' dir='ltr' id='par_1_71' title="bbox 1901 1202 3057 1276">
     <span class='ocr_line' id='line_1_71' title="bbox 1901 1202 3057 1276; baseline -0.001 -19"><span class='ocrx_word' id='word_1_402' title='bbox 1901 1203 2124 1274; x_wconf 81' lang='lat' dir='ltr'>Regum</span> <span class='ocrx_word' id='word_1_403' title='bbox 2157 1207 2410 1270; x_wconf 85' lang='lat' dir='ltr'>divitias,</span> <span class='ocrx_word' id='word_1_404' title='bbox 2445 1206 2800 1276; x_wconf 71' lang='lat' dir='ltr'>aequiparare</span> <span class='ocrx_word' id='word_1_405' title='bbox 2831 1202 3057 1275; x_wconf 82' lang='lat' dir='ltr'>queas?</span> 
     </span>
    </p>
   </div>
   <div class='ocr_carea' id='block_1_72' title="bbox 1828 1293 3104 1365">
    <p class='ocr_par' dir='ltr' id='par_1_72' title="bbox 1828 1293 3104 1365">
     <span class='ocr_line' id='line_1_72' title="bbox 1828 1293 3104 1365; baseline 0 -19"><span class='ocrx_word' id='word_1_406' title='bbox 1828 1293 2050 1347; x_wconf 81' lang='lat' dir='ltr'>Nomen</span> <span class='ocrx_word' id='word_1_407' title='bbox 2084 1299 2141 1348; x_wconf 90' lang='lat' dir='ltr'>et</span> <span class='ocrx_word' id='word_1_408' title='bbox 2173 1295 2394 1365; x_wconf 82' lang='lat' dir='ltr'>etﬁgies</span> <span class='ocrx_word' id='word_1_409' title='bbox 2425 1314 2457 1348; x_wconf 86' lang='lat' dir='ltr'>a</span> <span class='ocrx_word' id='word_1_410' title='bbox 2489 1293 2775 1364; x_wconf 85' lang='lat' dir='ltr'>papilione</span> <span class='ocrx_word' id='word_1_411' title='bbox 2810 1293 3104 1347; x_wconf 87' lang='lat' dir='ltr'>trahentes</span> 
     </span>
    </p>
   </div>
   <div class='ocr_carea' id='block_1_73' title="bbox 1900 1379 3268 1454">
    <p class='ocr_par' dir='ltr' id='par_1_73' title="bbox 1900 1379 3268 1454">
     <span class='ocr_line' id='line_1_73' title="bbox 1900 1379 3268 1454; baseline -0.003 -18"><span class='ocrx_word' id='word_1_412' title='bbox 1900 1381 2040 1444; x_wconf 87' lang='lat' dir='ltr'>Quis</span> <span class='ocrx_word' id='word_1_413' title='bbox 2065 1387 2281 1438; x_wconf 84' lang='lat' dir='ltr'>reseret</span> <span class='ocrx_word' id='word_1_414' title='bbox 2312 1400 2555 1454; x_wconf 85' lang='lat' dir='ltr'>pannos,</span> <span class='ocrx_word' id='word_1_415' title='bbox 2591 1383 2741 1436; x_wconf 90' lang='lat' dir='ltr'>dona</span> <span class='ocrx_word' id='word_1_416' title='bbox 2773 1381 3211 1446; x_wconf 86' lang='lat' dir='ltr'>rotunda,meos</span> <span class='ocrx_word' id='word_1_417' title='bbox 3241 1379 3268 1432; x_wconf 83' lang='lat'><strong>?</strong></span> 
     </span>
    </p>
   </div>
   <div class='ocr_carea' id='block_1_74' title="bbox 1829 1467 3368 1543">
    <p class='ocr_par' dir='ltr' id='par_1_74' title="bbox 1829 1467 3368 1543">
     <span class='ocr_line' id='line_1_74' title="bbox 1829 1467 3368 1543; baseline -0.001 -19"><span class='ocrx_word' id='word_1_418' title='bbox 1829 1469 2042 1526; x_wconf 90' lang='lat' dir='ltr'>Bellico</span> <span class='ocrx_word' id='word_1_419' title='bbox 2083 1472 2426 1543; x_wconf 63' lang='lat' dir='ltr'>composutis</span> <span class='ocrx_word' id='word_1_420' title='bbox 2460 1471 2831 1541; x_wconf 88' lang='lat' dir='ltr'>requiescunt</span> <span class='ocrx_word' id='word_1_421' title='bbox 2864 1469 3101 1538; x_wconf 83' lang='lat' dir='ltr'>agmina</span> <span class='ocrx_word' id='word_1_422' title='bbox 3131 1467 3368 1534; x_wconf 86' lang='lat' dir='ltr'>castris;</span> 
     </span>
    </p>
   </div>
   <div class='ocr_carea' id='block_1_75' title="bbox 1912 1560 3080 1630">
    <p class='ocr_par' dir='ltr' id='par_1_75' title="bbox 1912 1560 3080 1630">
     <span class='ocr_line' id='line_1_75' title="bbox 1912 1560 3080 1630; baseline -0.005 -14"><span class='ocrx_word' id='word_1_423' title='bbox 1912 1563 2082 1616; x_wconf 90' lang='lat' dir='ltr'>Liber</span> <span class='ocrx_word' id='word_1_424' title='bbox 2113 1565 2169 1614; x_wconf 89' lang='lat' dir='ltr'>et</span> <span class='ocrx_word' id='word_1_425' title='bbox 2203 1561 2334 1614; x_wconf 88' lang='lat' dir='ltr'>hinc</span> <span class='ocrx_word' id='word_1_426' title='bbox 2369 1560 3080 1630; x_wconf 77' lang='lat' dir='ltr'>illucexpaliaturequus,</span> 
     </span>
    </p>
   </div>
   <div class='ocr_carea' id='block_1_76' title="bbox 1832 1647 3109 1723">
    <p class='ocr_par' dir='ltr' id='par_1_76' title="bbox 1832 1647 3109 1723">
     <span class='ocr_line' id='line_1_76' title="bbox 1832 1647 3109 1723; baseline -0.007 -13"><span class='ocrx_word' id='word_1_427' title='bbox 1832 1656 2008 1710; x_wconf 80' lang='lat' dir='ltr'>Linea</span> <span class='ocrx_word' id='word_1_428' title='bbox 2037 1650 2355 1723; x_wconf 84' lang='lat' dir='ltr'>gramineis</span> <span class='ocrx_word' id='word_1_429' title='bbox 2381 1654 2611 1703; x_wconf 79' lang='lat' dir='ltr'>extenta</span> <span class='ocrx_word' id='word_1_430' title='bbox 2644 1647 2860 1719; x_wconf 84' lang='lat' dir='ltr'>palatia</span> <span class='ocrx_word' id='word_1_431' title='bbox 2885 1647 3109 1718; x_wconf 85' lang='lat' dir='ltr'>campis</span> 
     </span>
    </p>
   </div>
   <div class='ocr_carea' id='block_1_77' title="bbox 1903 1735 3330 1810">
    <p class='ocr_par' dir='ltr' id='par_1_77' title="bbox 1903 1735 3330 1810">
     <span class='ocr_line' id='line_1_77' title="bbox 1903 1735 3330 1810; baseline -0.006 -12"><span class='ocrx_word' id='word_1_432' title='bbox 1903 1745 1989 1798; x_wconf 90' lang='lat' dir='ltr'>Tu</span> <span class='ocrx_word' id='word_1_433' title='bbox 2013 1741 2126 1796; x_wconf 89' lang='lat' dir='ltr'>scis</span> <span class='ocrx_word' id='word_1_434' title='bbox 2160 1755 2332 1810; x_wconf 89' lang='lat' dir='ltr'>quam</span> <span class='ocrx_word' id='word_1_435' title='bbox 2359 1744 2590 1809; x_wconf 86' lang='lat' dir='ltr'>gratum</span> <span class='ocrx_word' id='word_1_436' title='bbox 2626 1737 2769 1792; x_wconf 88' lang='lat' dir='ltr'>dant</span> <span class='ocrx_word' id='word_1_437' title='bbox 2792 1735 2992 1806; x_wconf 82' lang='lat' dir='ltr'>procul</span> <span class='ocrx_word' id='word_1_438' title='bbox 3027 1735 3330 1790; x_wconf 88' lang='lat' dir='ltr'>intuitum.</span> 
     </span>
    </p>
   </div>
   <div class='ocr_carea' id='block_1_78' title="bbox 1833 1823 3341 1891">
    <p class='ocr_par' dir='ltr' id='par_1_78' title="bbox 1833 1823 3341 1891">
     <span class='ocr_line' id='line_1_78' title="bbox 1833 1823 3341 1891; baseline -0.005 -5"><span class='ocrx_word' id='word_1_439' title='bbox 1833 1831 1935 1887; x_wconf 87' lang='lat' dir='ltr'>His</span> <span class='ocrx_word' id='word_1_440' title='bbox 1964 1835 2144 1884; x_wconf 90' lang='lat' dir='ltr'>tectos</span> <span class='ocrx_word' id='word_1_441' title='bbox 2171 1827 2441 1882; x_wconf 87' lang='lat' dir='ltr'>domibus</span> <span class='ocrx_word' id='word_1_442' title='bbox 2465 1843 2576 1879; x_wconf 89' lang='lat' dir='ltr'>non</span> <span class='ocrx_word' id='word_1_443' title='bbox 2613 1824 2770 1879; x_wconf 57' lang='lat' dir='ltr'>laedit</span> <span class='ocrx_word' id='word_1_444' title='bbox 2801 1825 2970 1878; x_wconf 89' lang='lat' dir='ltr'>turbo</span> <span class='ocrx_word' id='word_1_445' title='bbox 2998 1823 3084 1878; x_wconf 87' lang='lat' dir='ltr'>vel</span> <span class='ocrx_word' id='word_1_446' title='bbox 3115 1829 3295 1879; x_wconf 73' lang='lat' dir='ltr'>:estus</span> <span class='ocrx_word' id='word_1_447' title='bbox 3329 1841 3341 1891; x_wconf 92' lang='lat'>;</span> 
     </span>
    </p>
   </div>
   <div class='ocr_carea' id='block_1_79' title="bbox 1752 1913 3144 2009">
    <p class='ocr_par' dir='ltr' id='par_1_79' title="bbox 1752 1913 3144 2009">
     <span class='ocr_line' id='line_1_79' title="bbox 1752 1913 3144 2009; baseline -0.006 -35"><span class='ocrx_word' id='word_1_448' title='bbox 1752 1945 1799 2009; x_wconf 78' lang='grc' dir='ltr'><strong>Β</strong></span> <span class='ocrx_word' id='word_1_449' title='bbox 1905 1921 2143 1974; x_wconf 72' lang='lat' dir='ltr'>Prmstat</span> <span class='ocrx_word' id='word_1_450' title='bbox 2168 1916 2524 1988; x_wconf 67' lang='lat' dir='ltr'>praesidium,</span> <span class='ocrx_word' id='word_1_451' title='bbox 2559 1915 2723 1969; x_wconf 87' lang='lat' dir='ltr'>dulce</span> <span class='ocrx_word' id='word_1_452' title='bbox 2756 1913 3144 1983; x_wconf 85' lang='lat' dir='ltr'>refrigerium.</span> 
     </span>
    </p>
   </div>
   <div class='ocr_carea' id='block_1_80' title="bbox 1830 1999 3290 2072">
    <p class='ocr_par' dir='ltr' id='par_1_80' title="bbox 1830 1999 3290 2072">
     <span class='ocr_line' id='line_1_80' title="bbox 1830 1999 3290 2072; baseline -0.007 -8"><span class='ocrx_word' id='word_1_453' title='bbox 1830 2006 2066 2064; x_wconf 88' lang='lat' dir='ltr'>Publica</span> <span class='ocrx_word' id='word_1_454' title='bbox 2089 2004 2492 2072; x_wconf 85' lang='lat' dir='ltr'>commoditas,</span> <span class='ocrx_word' id='word_1_455' title='bbox 2526 2001 2660 2057; x_wconf 83' lang='lat' dir='ltr'>belli</span> <span class='ocrx_word' id='word_1_456' title='bbox 2693 2000 2969 2072; x_wconf 84' lang='lat' dir='ltr'>pacisque</span> <span class='ocrx_word' id='word_1_457' title='bbox 3000 1999 3290 2071; x_wconf 88' lang='lat' dir='ltr'>voluptas,</span> 
     </span>
    </p>
   </div>
   <div class='ocr_carea' id='block_1_81' title="bbox 1901 2089 3025 2167">
    <p class='ocr_par' dir='ltr' id='par_1_81' title="bbox 1901 2089 3025 2167">
     <span class='ocr_line' id='line_1_81' title="bbox 1901 2089 3025 2167; baseline -0.006 -17"><span class='ocrx_word' id='word_1_458' title='bbox 1901 2097 2242 2167; x_wconf 74' lang='lat' dir='ltr'>Significant</span> <span class='ocrx_word' id='word_1_459' title='bbox 2271 2095 2460 2164; x_wconf 82' lang='lat' dir='ltr'>majus</span> <span class='ocrx_word' id='word_1_460' title='bbox 2491 2089 2795 2162; x_wconf 88' lang='lat' dir='ltr'>spirituale</span> <span class='ocrx_word' id='word_1_461' title='bbox 2825 2091 3025 2158; x_wconf 80' lang='lat' dir='ltr'>decus,</span> 
     </span>
    </p>
   </div>
   <div class='ocr_carea' id='block_1_82' title="bbox 1795 2169 3228 2256">
    <p class='ocr_par' dir='ltr' id='par_1_82' title="bbox 1795 2169 3228 2256">
     <span class='ocr_line' id='line_1_82' title="bbox 1795 2169 3228 2256; baseline -0.006 -16"><span class='ocrx_word' id='word_1_462' title='bbox 1795 2169 1893 2240; x_wconf 50' lang='lat' dir='ltr'>&#39;In</span> <span class='ocrx_word' id='word_1_463' title='bbox 1919 2184 2124 2256; x_wconf 89' lang='lat' dir='ltr'>capitis</span> <span class='ocrx_word' id='word_1_464' title='bbox 2157 2181 2377 2236; x_wconf 89' lang='lat' dir='ltr'>cultum</span> <span class='ocrx_word' id='word_1_465' title='bbox 2411 2179 2704 2236; x_wconf 90' lang='lat' dir='ltr'>consumit</span> <span class='ocrx_word' id='word_1_466' title='bbox 2730 2179 2963 2232; x_wconf 81' lang='lat' dir='ltr'>focmina</span> <span class='ocrx_word' id='word_1_467' title='bbox 3017 2177 3228 2244; x_wconf 87' lang='lat' dir='ltr'>linum,</span> 
     </span>
    </p>
   </div>
   <div class='ocr_carea' id='block_1_83' title="bbox 1905 2265 3248 2338">
    <p class='ocr_par' dir='ltr' id='par_1_83' title="bbox 1905 2265 3248 2338">
     <span class='ocr_line' id='line_1_83' title="bbox 1905 2265 3248 2338; baseline -0.006 -10"><span class='ocrx_word' id='word_1_468' title='bbox 1905 2273 1976 2328; x_wconf 78' lang='lat' dir='ltr'>Ut</span> <span class='ocrx_word' id='word_1_469' title='bbox 1997 2279 2218 2328; x_wconf 87' lang='lat' dir='ltr'>taceam</span> <span class='ocrx_word' id='word_1_470' title='bbox 2253 2268 2532 2324; x_wconf 85' lang='lat' dir='ltr'>membris</span> <span class='ocrx_word' id='word_1_471' title='bbox 2563 2267 2715 2338; x_wconf 88' lang='lat' dir='ltr'>quod</span> <span class='ocrx_word' id='word_1_472' title='bbox 2741 2266 2878 2320; x_wconf 85' lang='lat' dir='ltr'>facit</span> <span class='ocrx_word' id='word_1_473' title='bbox 2903 2267 2962 2320; x_wconf 89' lang='lat' dir='ltr'>in</span> <span class='ocrx_word' id='word_1_474' title='bbox 2987 2265 3248 2337; x_wconf 86' lang='lat' dir='ltr'>reliquis.</span> 
     </span>
    </p>
   </div>
   <div class='ocr_carea' id='block_1_84' title="bbox 1832 2353 3280 2432">
    <p class='ocr_par' dir='ltr' id='par_1_84' title="bbox 1832 2353 3280 2432">
     <span class='ocr_line' id='line_1_84' title="bbox 1832 2353 3280 2432; baseline -0.006 -16"><span class='ocrx_word' id='word_1_475' title='bbox 1832 2361 2272 2432; x_wconf 85' lang='lat' dir='ltr'>Quidjactando</span> <span class='ocrx_word' id='word_1_476' title='bbox 2306 2360 2482 2412; x_wconf 87' lang='lat' dir='ltr'>refers</span> <span class='ocrx_word' id='word_1_477' title='bbox 2516 2357 2634 2411; x_wconf 82' lang='lat' dir='ltr'>fieri</span> <span class='ocrx_word' id='word_1_478' title='bbox 2671 2363 2772 2410; x_wconf 85' lang='lat' dir='ltr'>tua</span> <span class='ocrx_word' id='word_1_479' title='bbox 2800 2353 3013 2409; x_wconf 86' lang='lat' dir='ltr'>vellera</span> <span class='ocrx_word' id='word_1_480' title='bbox 3043 2359 3233 2409; x_wconf 87' lang='lat' dir='ltr'>vestes</span> <span class='ocrx_word' id='word_1_481' title='bbox 3253 2356 3280 2408; x_wconf 82' lang='lat'>‘?</span> 
     </span>
    </p>
   </div>
   <div class='ocr_carea' id='block_1_85' title="bbox 1905 2443 3034 2520">
    <p class='ocr_par' dir='ltr' id='par_1_85' title="bbox 1905 2443 3034 2520">
     <span class='ocr_line' id='line_1_85' title="bbox 1905 2443 3034 2520; baseline -0.009 -14"><span class='ocrx_word' id='word_1_482' title='bbox 1905 2451 1959 2506; x_wconf 90' lang='lat' dir='ltr'>Si</span> <span class='ocrx_word' id='word_1_483' title='bbox 1991 2451 2194 2520; x_wconf 87' lang='lat' dir='ltr'>jubeo,</span> <span class='ocrx_word' id='word_1_484' title='bbox 2229 2449 2461 2520; x_wconf 90' lang='lat' dir='ltr'>penitus</span> <span class='ocrx_word' id='word_1_485' title='bbox 2492 2463 2604 2498; x_wconf 90' lang='lat' dir='ltr'>non</span> <span class='ocrx_word' id='word_1_486' title='bbox 2638 2443 3034 2497; x_wconf 87' lang='lat' dir='ltr'>eritnlterius.</span> 
     </span>
    </p>
   </div>
   <div class='ocr_carea' id='block_1_86' title="bbox 1833 2531 3485 2606">
    <p class='ocr_par' dir='ltr' id='par_1_86' title="bbox 1833 2531 3485 2606">
     <span class='ocr_line' id='line_1_86' title="bbox 1833 2531 3485 2606; baseline -0.003 -13"><span class='ocrx_word' id='word_1_487' title='bbox 1833 2541 1890 2594; x_wconf 90' lang='lat' dir='ltr'>Si</span> <span class='ocrx_word' id='word_1_488' title='bbox 1918 2539 2102 2593; x_wconf 70' lang='lat' dir='ltr'>viduzc</span> <span class='ocrx_word' id='word_1_489' title='bbox 2141 2539 2196 2604; x_wconf 87' lang='grc' dir='ltr'>[Ι.</span> <span class='ocrx_word' id='word_1_490' title='bbox 2219 2536 2487 2603; x_wconf 64' lang='grc' dir='ltr'>ἁίνῑίίυξρξ</span> <span class='ocrx_word' id='word_1_491' title='bbox 2515 2539 2706 2606; x_wconf 75' lang='lat' dir='ltr'>partes</span> <span class='ocrx_word' id='word_1_492' title='bbox 2731 2531 3040 2603; x_wconf 89' lang='lat' dir='ltr'>panni,per</span> <span class='ocrx_word' id='word_1_493' title='bbox 3062 2532 3485 2602; x_wconf 84' lang='lat' dir='ltr'>frustrajacen-</span> 
     </span>
    </p>
   </div>
   <div class='ocr_carea' id='block_1_87' title="bbox 3319 2625 3468 2688">
    <p class='ocr_par' dir='ltr' id='par_1_87' title="bbox 3319 2625 3468 2688">
     <span class='ocr_line' id='line_1_87' title="bbox 3319 2625 3468 2688; baseline 0 -14"><span class='ocrx_word' id='word_1_494' title='bbox 3319 2625 3424 2686; x_wconf 87' lang='lat' dir='ltr'>[tes</span> <span class='ocrx_word' id='word_1_495' title='bbox 3455 2639 3468 2688; x_wconf 93' lang='lat'>;</span> 
     </span>
    </p>
   </div>
   <div class='ocr_carea' id='block_1_88' title="bbox 1905 2709 3326 2782">
    <p class='ocr_par' dir='ltr' id='par_1_88' title="bbox 1905 2709 3326 2782">
     <span class='ocr_line' id='line_1_88' title="bbox 1905 2709 3326 2782; baseline -0.006 -10"><span class='ocrx_word' id='word_1_496' title='bbox 1905 2722 2046 2772; x_wconf 90' lang='lat' dir='ltr'>Cum</span> <span class='ocrx_word' id='word_1_497' title='bbox 2075 2721 2292 2770; x_wconf 88' lang='lat' dir='ltr'>vestem</span> <span class='ocrx_word' id='word_1_498' title='bbox 2325 2713 2568 2776; x_wconf 89' lang='lat' dir='ltr'>faciunt,</span> <span class='ocrx_word' id='word_1_499' title='bbox 2605 2709 2898 2782; x_wconf 87' lang='lat' dir='ltr'>quomodo</span> <span class='ocrx_word' id='word_1_500' title='bbox 2932 2709 3326 2764; x_wconf 79' lang='lat' dir='ltr'>conveniunt?</span> 
     </span>
    </p>
   </div>
   <div class='ocr_carea' id='block_1_89' title="bbox 1832 2796 3474 2874">
    <p class='ocr_par' dir='ltr' id='par_1_89' title="bbox 1832 2796 3474 2874">
     <span class='ocr_line' id='line_1_89' title="bbox 1832 2796 3474 2874; baseline -0.006 -11"><span class='ocrx_word' id='word_1_501' title='bbox 1832 2807 2217 2862; x_wconf 88' lang='lat' dir='ltr'>Transitacus</span> <span class='ocrx_word' id='word_1_502' title='bbox 2245 2800 2988 2874; x_wconf 86' lang='lat' dir='ltr'>pannum,modicum,mea</span> <span class='ocrx_word' id='word_1_503' title='bbox 3022 2814 3269 2854; x_wconf 88' lang='lat' dir='ltr'>munera</span> <span class='ocrx_word' id='word_1_504' title='bbox 3312 2796 3474 2853; x_wconf 80' lang='lat' dir='ltr'>filum</span> 
     </span>
    </p>
   </div>
   <div class='ocr_carea' id='block_1_90' title="bbox 1903 2886 2972 2958">
    <p class='ocr_par' dir='ltr' id='par_1_90' title="bbox 1903 2886 2972 2958">
     <span class='ocr_line' id='line_1_90' title="bbox 1903 2886 2972 2958; baseline -0.01 -8"><span class='ocrx_word' id='word_1_505' title='bbox 1903 2898 2109 2950; x_wconf 83' lang='lat' dir='ltr'>Secum</span> <span class='ocrx_word' id='word_1_506' title='bbox 2143 2893 2422 2948; x_wconf 76' lang='lat' dir='ltr'>transfixo</span> <span class='ocrx_word' id='word_1_507' title='bbox 2450 2889 2746 2958; x_wconf 85' lang='lat' dir='ltr'>trajiciens</span> <span class='ocrx_word' id='word_1_508' title='bbox 2767 2886 2933 2942; x_wconf 91' lang='lat' dir='ltr'>oculo</span> <span class='ocrx_word' id='word_1_509' title='bbox 2958 2905 2972 2954; x_wconf 89' lang='lat'>;</span> 
     </span>
    </p>
   </div>
   <div class='ocr_carea' id='block_1_91' title="bbox 1834 2974 3176 3054">
    <p class='ocr_par' dir='ltr' id='par_1_91' title="bbox 1834 2974 3176 3054">
     <span class='ocr_line' id='line_1_91' title="bbox 1834 2974 3176 3054; baseline -0.006 -17"><span class='ocrx_word' id='word_1_510' title='bbox 1834 2982 1950 3037; x_wconf 89' lang='lat' dir='ltr'>Hoc</span> <span class='ocrx_word' id='word_1_511' title='bbox 1981 2985 2146 3054; x_wconf 89' lang='lat' dir='ltr'>pacto</span> <span class='ocrx_word' id='word_1_512' title='bbox 2175 2981 2398 3034; x_wconf 90' lang='lat' dir='ltr'>vinctos</span> <span class='ocrx_word' id='word_1_513' title='bbox 2426 2975 2554 3032; x_wconf 91' lang='lat' dir='ltr'>unit</span> <span class='ocrx_word' id='word_1_514' title='bbox 2581 2993 2707 3030; x_wconf 87' lang='lat' dir='ltr'>mea</span> <span class='ocrx_word' id='word_1_515' title='bbox 2737 2974 2924 3046; x_wconf 86' lang='lat' dir='ltr'>gratia</span> <span class='ocrx_word' id='word_1_516' title='bbox 2953 2991 3176 3045; x_wconf 89' lang='lat' dir='ltr'>pannos</span> 
     </span>
    </p>
   </div>
   <div class='ocr_carea' id='block_1_92' title="bbox 1907 3063 3104 3136">
    <p class='ocr_par' dir='ltr' id='par_1_92' title="bbox 1907 3063 3104 3136">
     <span class='ocr_line' id='line_1_92' title="bbox 1907 3063 3104 3136; baseline -0.006 -11"><span class='ocrx_word' id='word_1_517' title='bbox 1907 3071 1978 3125; x_wconf 90' lang='lat' dir='ltr'>Ut</span> <span class='ocrx_word' id='word_1_518' title='bbox 1999 3075 2215 3124; x_wconf 87' lang='lat' dir='ltr'>vestem</span> <span class='ocrx_word' id='word_1_519' title='bbox 2250 3067 2463 3122; x_wconf 87' lang='lat' dir='ltr'>faciant</span> <span class='ocrx_word' id='word_1_520' title='bbox 2495 3070 2550 3120; x_wconf 91' lang='lat' dir='ltr'>et</span> <span class='ocrx_word' id='word_1_521' title='bbox 2571 3064 2822 3136; x_wconf 80' lang='lat' dir='ltr'>speciem</span> <span class='ocrx_word' id='word_1_522' title='bbox 2855 3063 3104 3134; x_wconf 88' lang='lat' dir='ltr'>capiant.</span> 
     </span>
    </p>
   </div>
   <div class='ocr_carea' id='block_1_93' title="bbox 1834 3152 3198 3231">
    <p class='ocr_par' dir='ltr' id='par_1_93' title="bbox 1834 3152 3198 3231">
     <span class='ocr_line' id='line_1_93' title="bbox 1834 3152 3198 3231; baseline -0.008 -16"><span class='ocrx_word' id='word_1_523' title='bbox 1834 3161 1909 3215; x_wconf 89' lang='lat' dir='ltr'>Te</span> <span class='ocrx_word' id='word_1_524' title='bbox 1941 3160 2214 3231; x_wconf 88' lang='lat' dir='ltr'>quotiens</span> <span class='ocrx_word' id='word_1_525' title='bbox 2244 3157 2386 3212; x_wconf 90' lang='lat' dir='ltr'>levis</span> <span class='ocrx_word' id='word_1_526' title='bbox 2416 3155 2574 3208; x_wconf 71' lang='lat' dir='ltr'>laedit</span> <span class='ocrx_word' id='word_1_527' title='bbox 2606 3153 2883 3216; x_wconf 88' lang='lat' dir='ltr'>scissura,</span> <span class='ocrx_word' id='word_1_528' title='bbox 2917 3152 3198 3208; x_wconf 82' lang='lat' dir='ltr'>recurris.</span> 
     </span>
    </p>
   </div>
   <div class='ocr_carea' id='block_1_94' title="bbox 1907 3247 3160 3320">
    <p class='ocr_par' dir='ltr' id='par_1_94' title="bbox 1907 3247 3160 3320">
     <span class='ocr_line' id='line_1_94' title="bbox 1907 3247 3160 3320; baseline -0.007 -16"><span class='ocrx_word' id='word_1_529' title='bbox 1907 3247 2260 3320; x_wconf 90' lang='lat' dir='ltr'>Suppliciter</span> <span class='ocrx_word' id='word_1_530' title='bbox 2291 3249 2490 3301; x_wconf 86' lang='lat' dir='ltr'>nostra</span> <span class='ocrx_word' id='word_1_531' title='bbox 2524 3259 2730 3297; x_wconf 87' lang='lat' dir='ltr'>rursus</span> <span class='ocrx_word' id='word_1_532' title='bbox 2760 3257 2937 3310; x_wconf 86' lang='lat' dir='ltr'>egens</span> <span class='ocrx_word' id='word_1_533' title='bbox 2968 3258 3160 3311; x_wconf 90' lang='lat' dir='ltr'>opera.</span> 
     </span>
    </p>
   </div>
   <div class='ocr_carea' id='block_1_95' title="bbox 1749 3314 3476 3404">
    <p class='ocr_par' dir='ltr' id='par_1_95' title="bbox 1749 3314 3476 3404">
     <span class='ocr_line' id='line_1_95' title="bbox 1749 3314 3476 3404; baseline -0.003 -11"><span class='ocrx_word' id='word_1_534' title='bbox 1749 3314 1791 3380; x_wconf 79' lang='lat' dir='ltr'>C</span> <span class='ocrx_word' id='word_1_535' title='bbox 1827 3314 2319 3392; x_wconf 43' lang='lat' dir='ltr'>Tunc-submissa</span> <span class='ocrx_word' id='word_1_536' title='bbox 2341 3335 2524 3404; x_wconf 85' lang='lat' dir='ltr'>jaces,</span> <span class='ocrx_word' id='word_1_537' title='bbox 2558 3335 2699 3384; x_wconf 90' lang='lat' dir='ltr'>tunc</span> <span class='ocrx_word' id='word_1_538' title='bbox 2722 3329 3089 3391; x_wconf 88' lang='lat' dir='ltr'>sobria,tunc</span> <span class='ocrx_word' id='word_1_539' title='bbox 3120 3327 3264 3383; x_wconf 89' lang='lat' dir='ltr'>nihil</span> <span class='ocrx_word' id='word_1_540' title='bbox 3291 3330 3476 3387; x_wconf 87' lang='lat' dir='ltr'>audes</span> 
     </span>
    </p>
   </div>
   <div class='ocr_carea' id='block_1_96' title="bbox 1897 3416 3194 3494">
    <p class='ocr_par' dir='ltr' id='par_1_96' title="bbox 1897 3416 3194 3494">
     <span class='ocr_line' id='line_1_96' title="bbox 1897 3416 3194 3494; baseline -0.008 -14"><span class='ocrx_word' id='word_1_541' title='bbox 1897 3425 2183 3480; x_wconf 86' lang='lat' dir='ltr'>Dilaniata</span> <span class='ocrx_word' id='word_1_542' title='bbox 2203 3423 2408 3494; x_wconf 89' lang='lat' dir='ltr'>jacens</span> <span class='ocrx_word' id='word_1_543' title='bbox 2441 3424 2757 3489; x_wconf 89' lang='lat' dir='ltr'>nostraque</span> <span class='ocrx_word' id='word_1_544' title='bbox 2786 3416 2940 3471; x_wconf 89' lang='lat' dir='ltr'>dona</span> <span class='ocrx_word' id='word_1_545' title='bbox 2971 3421 3194 3488; x_wconf 84' lang='lat' dir='ltr'>petens,</span> 
     </span>
    </p>
   </div>
   <div class='ocr_carea' id='block_1_97' title="bbox 1824 3504 3138 3582">
    <p class='ocr_par' dir='ltr' id='par_1_97' title="bbox 1824 3504 3138 3582">
     <span class='ocr_line' id='line_1_97' title="bbox 1824 3504 3138 3582; baseline -0.01 -10"><span class='ocrx_word' id='word_1_546' title='bbox 1824 3516 2078 3572; x_wconf 88' lang='lat' dir='ltr'>Ornatus</span> <span class='ocrx_word' id='word_1_547' title='bbox 2101 3509 2653 3582; x_wconf 79' lang='lat' dir='ltr'>rerum,justissima</span> <span class='ocrx_word' id='word_1_548' title='bbox 2681 3505 2887 3578; x_wconf 87' lang='lat' dir='ltr'>gloria,</span> <span class='ocrx_word' id='word_1_549' title='bbox 2921 3504 3138 3571; x_wconf 90' lang='lat' dir='ltr'>linum;</span> 
     </span>
    </p>
   </div>
   <div class='ocr_carea' id='block_1_98' title="bbox 1895 3594 3367 3670">
    <p class='ocr_par' dir='ltr' id='par_1_98' title="bbox 1895 3594 3367 3670">
     <span class='ocr_line' id='line_1_98' title="bbox 1895 3594 3367 3670; baseline -0.006 -11"><span class='ocrx_word' id='word_1_550' title='bbox 1895 3603 2036 3668; x_wconf 91' lang='lat' dir='ltr'>Quis</span> <span class='ocrx_word' id='word_1_551' title='bbox 2054 3617 2361 3658; x_wconf 89' lang='lat' dir='ltr'>numerare</span> <span class='ocrx_word' id='word_1_552' title='bbox 2394 3601 2569 3670; x_wconf 86' lang='lat' dir='ltr'>queat</span> <span class='ocrx_word' id='word_1_553' title='bbox 2591 3595 2900 3651; x_wconf 89' lang='lat' dir='ltr'>commoda</span> <span class='ocrx_word' id='word_1_554' title='bbox 2929 3598 3149 3667; x_wconf 87' lang='lat' dir='ltr'>quanta</span> <span class='ocrx_word' id='word_1_555' title='bbox 3168 3594 3367 3650; x_wconf 85' lang='lat' dir='ltr'>ferat?</span> 
     </span>
    </p>
   </div>
   <div class='ocr_carea' id='block_1_99' title="bbox 2580 3702 2725 3740">
    <p class='ocr_par' dir='ltr' id='par_1_99' title="bbox 2580 3702 2725 3740">
     <span class='ocr_line' id='line_1_99' title="bbox 2580 3702 2725 3740; baseline -0.014 0"><span class='ocrx_word' id='word_1_556' title='bbox 2580 3702 2725 3740; x_wconf 76' lang='lat' dir='ltr'>OVIS.</span> 
     </span>
    </p>
   </div>
   <div class='ocr_carea' id='block_1_100' title="bbox 1821 3771 3222 3854">
    <p class='ocr_par' dir='ltr' id='par_1_100' title="bbox 1821 3771 3222 3854">
     <span class='ocr_line' id='line_1_100' title="bbox 1821 3771 3222 3854; baseline -0.009 -15"><span class='ocrx_word' id='word_1_557' title='bbox 1821 3781 2004 3838; x_wconf 81' lang='lat' dir='ltr'>Multa</span> <span class='ocrx_word' id='word_1_558' title='bbox 2035 3785 2260 3854; x_wconf 89' lang='lat' dir='ltr'>queunt</span> <span class='ocrx_word' id='word_1_559' title='bbox 2290 3777 2404 3834; x_wconf 91' lang='lat' dir='ltr'>dici</span> <span class='ocrx_word' id='word_1_560' title='bbox 2429 3775 2678 3846; x_wconf 89' lang='lat' dir='ltr'>strepitu</span> <span class='ocrx_word' id='word_1_561' title='bbox 2710 3773 2936 3844; x_wconf 85' lang='lat' dir='ltr'>majora</span> <span class='ocrx_word' id='word_1_562' title='bbox 2969 3771 3182 3828; x_wconf 86' lang='lat' dir='ltr'>minori</span> <span class='ocrx_word' id='word_1_563' title='bbox 3208 3789 3222 3840; x_wconf 93' lang='lat'>;</span> 
     </span>
    </p>
   </div>
   <div class='ocr_carea' id='block_1_101' title="bbox 1893 3862 3043 3944">
    <p class='ocr_par' dir='ltr' id='par_1_101' title="bbox 1893 3862 3043 3944">
     <span class='ocr_line' id='line_1_101' title="bbox 1893 3862 3043 3944; baseline -0.012 -15"><span class='ocrx_word' id='word_1_564' title='bbox 1893 3871 2110 3944; x_wconf 85' lang='lat' dir='ltr'>Magni,</span> <span class='ocrx_word' id='word_1_565' title='bbox 2137 3869 2183 3925; x_wconf 92' lang='lat' dir='ltr'>si</span> <span class='ocrx_word' id='word_1_566' title='bbox 2219 3885 2442 3940; x_wconf 88' lang='lat' dir='ltr'>posses,</span> <span class='ocrx_word' id='word_1_567' title='bbox 2483 3870 2558 3932; x_wconf 90' lang='lat' dir='ltr'>te,</span> <span class='ocrx_word' id='word_1_568' title='bbox 2593 3863 2780 3926; x_wconf 88' lang='lat' dir='ltr'>video,</span> <span class='ocrx_word' id='word_1_569' title='bbox 2805 3862 3043 3916; x_wconf 86' lang='lat' dir='ltr'>faceres.</span> 
     </span>
    </p>
   </div>
   <div class='ocr_carea' id='block_1_102' title="bbox 1822 3949 3365 4024">
    <p class='ocr_par' dir='ltr' id='par_1_102' title="bbox 1822 3949 3365 4024">
     <span class='ocr_line' id='line_1_102' title="bbox 1822 3949 3365 4024; baseline -0.008 -6"><span class='ocrx_word' id='word_1_570' title='bbox 1822 3962 1948 4018; x_wconf 86' lang='lat' dir='ltr'>Non</span> <span class='ocrx_word' id='word_1_571' title='bbox 1979 3961 2082 4016; x_wconf 90' lang='lat' dir='ltr'>tibi</span> <span class='ocrx_word' id='word_1_572' title='bbox 2115 3971 2456 4015; x_wconf 90' lang='lat' dir='ltr'>communes</span> <span class='ocrx_word' id='word_1_573' title='bbox 2486 3952 2616 4020; x_wconf 93' lang='lat' dir='ltr'>soli,</span> <span class='ocrx_word' id='word_1_574' title='bbox 2653 3967 2873 4024; x_wconf 90' lang='lat' dir='ltr'>precor,</span> <span class='ocrx_word' id='word_1_575' title='bbox 2905 3966 3100 4006; x_wconf 86' lang='lat' dir='ltr'>assere</span> <span class='ocrx_word' id='word_1_576' title='bbox 3129 3949 3365 4020; x_wconf 89' lang='lat' dir='ltr'>laudes;</span> 
     </span>
    </p>
   </div>
   <div class='ocr_carea' id='block_1_103' title="bbox 1892 4039 3219 4120">
    <p class='ocr_par' dir='ltr' id='par_1_103' title="bbox 1892 4039 3219 4120">
     <span class='ocr_line' id='line_1_103' title="bbox 1892 4039 3219 4120; baseline -0.008 -15"><span class='ocrx_word' id='word_1_577' title='bbox 1892 4051 2008 4105; x_wconf 92' lang='lat' dir='ltr'>Nos</span> <span class='ocrx_word' id='word_1_578' title='bbox 2039 4064 2292 4120; x_wconf 90' lang='lat' dir='ltr'>quoque,</span> <span class='ocrx_word' id='word_1_579' title='bbox 2325 4045 2373 4101; x_wconf 90' lang='lat' dir='ltr'>si</span> <span class='ocrx_word' id='word_1_580' title='bbox 2405 4042 2620 4114; x_wconf 89' lang='lat' dir='ltr'>sapias,</span> <span class='ocrx_word' id='word_1_581' title='bbox 2663 4039 3009 4113; x_wconf 87' lang='lat' dir='ltr'>participare</span> <span class='ocrx_word' id='word_1_582' title='bbox 3037 4039 3219 4107; x_wconf 90' lang='lat' dir='ltr'>sinas,</span> 
     </span>
    </p>
   </div>
   <div class='ocr_carea' id='block_1_104' title="bbox 1821 4127 3252 4204">
    <p class='ocr_par' dir='ltr' id='par_1_104' title="bbox 1821 4127 3252 4204">
     <span class='ocr_line' id='line_1_104' title="bbox 1821 4127 3252 4204; baseline -0.008 -11"><span class='ocrx_word' id='word_1_583' title='bbox 1821 4139 1976 4194; x_wconf 87' lang='lat' dir='ltr'>Inter</span> <span class='ocrx_word' id='word_1_584' title='bbox 1995 4141 2079 4193; x_wconf 91' lang='lat' dir='ltr'>tot</span> <span class='ocrx_word' id='word_1_585' title='bbox 2115 4140 2324 4199; x_wconf 88' lang='lat' dir='ltr'>vestes,</span> <span class='ocrx_word' id='word_1_586' title='bbox 2359 4129 2744 4204; x_wconf 81' lang='lat' dir='ltr'>propiorquia</span> <span class='ocrx_word' id='word_1_587' title='bbox 2772 4129 2951 4183; x_wconf 84' lang='lat' dir='ltr'>vestis</span> <span class='ocrx_word' id='word_1_588' title='bbox 2989 4127 3252 4183; x_wconf 67' lang='lat' dir='ltr'>adhaeres</span> 
     </span>
    </p>
   </div>
   <div class='ocr_carea' id='block_1_105' title="bbox 1891 4215 3244 4295">
    <p class='ocr_par' dir='ltr' id='par_1_105' title="bbox 1891 4215 3244 4295">
     <span class='ocr_line' id='line_1_105' title="bbox 1891 4215 3244 4295; baseline -0.007 -13"><span class='ocrx_word' id='word_1_589' title='bbox 1891 4227 2037 4282; x_wconf 86' lang='lat' dir='ltr'>Hinc</span> <span class='ocrx_word' id='word_1_590' title='bbox 2057 4231 2111 4282; x_wconf 92' lang='lat' dir='ltr'>te</span> <span class='ocrx_word' id='word_1_591' title='bbox 2141 4221 2506 4295; x_wconf 82' lang='lat' dir='ltr'>magnificas,</span> <span class='ocrx_word' id='word_1_592' title='bbox 2539 4218 2789 4291; x_wconf 90' lang='lat' dir='ltr'>plusque</span> <span class='ocrx_word' id='word_1_593' title='bbox 2813 4215 3001 4272; x_wconf 88' lang='lat' dir='ltr'>valere</span> <span class='ocrx_word' id='word_1_594' title='bbox 3031 4221 3244 4288; x_wconf 89' lang='lat' dir='ltr'>putas;</span> 
     </span>
    </p>
   </div>
   <div class='ocr_carea' id='block_1_106' title="bbox 1821 4303 3192 4378">
    <p class='ocr_par' dir='ltr' id='par_1_106' title="bbox 1821 4303 3192 4378">
     <span class='ocr_line' id='line_1_106' title="bbox 1821 4303 3192 4378; baseline -0.009 -5"><span class='ocrx_word' id='word_1_595' title='bbox 1821 4317 1932 4372; x_wconf 90' lang='lat' dir='ltr'>Sed</span> <span class='ocrx_word' id='word_1_596' title='bbox 1964 4315 2132 4372; x_wconf 88' lang='lat' dir='ltr'>nobis</span> <span class='ocrx_word' id='word_1_597' title='bbox 2161 4317 2217 4370; x_wconf 91' lang='lat' dir='ltr'>et</span> <span class='ocrx_word' id='word_1_598' title='bbox 2247 4313 2305 4366; x_wconf 91' lang='lat' dir='ltr'>in</span> <span class='ocrx_word' id='word_1_599' title='bbox 2339 4311 2445 4366; x_wconf 88' lang='lat' dir='ltr'>hoc</span> <span class='ocrx_word' id='word_1_600' title='bbox 2465 4306 2748 4378; x_wconf 87' lang='lat' dir='ltr'>contingit</span> <span class='ocrx_word' id='word_1_601' title='bbox 2777 4303 2964 4378; x_wconf 87' lang='lat' dir='ltr'>gloria</span> <span class='ocrx_word' id='word_1_602' title='bbox 2985 4307 3192 4377; x_wconf 82' lang='lat' dir='ltr'>major,</span> 
     </span>
    </p>
   </div>
   <div class='ocr_carea' id='block_1_107' title="bbox 1889 4393 3086 4461">
    <p class='ocr_par' dir='ltr' id='par_1_107' title="bbox 1889 4393 3086 4461">
     <span class='ocr_line' id='line_1_107' title="bbox 1889 4393 3086 4461; baseline -0.012 1"><span class='ocrx_word' id='word_1_603' title='bbox 1889 4406 2237 4461; x_wconf 89' lang='lat' dir='ltr'>Sanctorum</span> <span class='ocrx_word' id='word_1_604' title='bbox 2263 4399 2436 4456; x_wconf 89' lang='lat' dir='ltr'>nudis</span> <span class='ocrx_word' id='word_1_605' title='bbox 2458 4397 2702 4453; x_wconf 87' lang='lat' dir='ltr'>artubus</span> <span class='ocrx_word' id='word_1_606' title='bbox 2733 4395 2913 4450; x_wconf 70' lang='lat' dir='ltr'>haeret</span> <span class='ocrx_word' id='word_1_607' title='bbox 2943 4393 3086 4450; x_wconf 89' lang='lat' dir='ltr'>ovis.</span> 
     </span>
    </p>
   </div>
   <div class='ocr_carea' id='block_1_108' title="bbox 1819 4482 3369 4561">
    <p class='ocr_par' dir='ltr' id='par_1_108' title="bbox 1819 4482 3369 4561">
     <span class='ocr_line' id='line_1_108' title="bbox 1819 4482 3369 4561; baseline -0.006 -11"><span class='ocrx_word' id='word_1_608' title='bbox 1819 4493 1926 4558; x_wconf 89' lang='lat' dir='ltr'>Qui</span> <span class='ocrx_word' id='word_1_609' title='bbox 1957 4493 2245 4549; x_wconf 90' lang='lat' dir='ltr'>mundum</span> <span class='ocrx_word' id='word_1_610' title='bbox 2270 4488 2522 4561; x_wconf 83' lang='lat' dir='ltr'>fugiunt,</span> <span class='ocrx_word' id='word_1_611' title='bbox 2545 4485 2644 4557; x_wconf 90' lang='lat' dir='ltr'>qui</span> <span class='ocrx_word' id='word_1_612' title='bbox 2677 4499 2778 4555; x_wconf 89' lang='lat' dir='ltr'>spe</span> <span class='ocrx_word' id='word_1_613' title='bbox 2813 4482 3068 4538; x_wconf 84' lang='lat' dir='ltr'>ccelestia</span> <span class='ocrx_word' id='word_1_614' title='bbox 3097 4487 3369 4556; x_wconf 82' lang='lat' dir='ltr'>tangunt,</span> 
     </span>
    </p>
   </div>
   <div class='ocr_carea' id='block_1_109' title="bbox 1888 4569 3208 4646">
    <p class='ocr_par' dir='ltr' id='par_1_109' title="bbox 1888 4569 3208 4646">
     <span class='ocr_line' id='line_1_109' title="bbox 1888 4569 3208 4646; baseline -0.012 -6"><span class='ocrx_word' id='word_1_615' title='bbox 1888 4582 2044 4646; x_wconf 89' lang='lat' dir='ltr'>Quos</span> <span class='ocrx_word' id='word_1_616' title='bbox 2069 4580 2251 4638; x_wconf 88' lang='lat' dir='ltr'>sociat</span> <span class='ocrx_word' id='word_1_617' title='bbox 2281 4593 2513 4634; x_wconf 88' lang='lat' dir='ltr'>summo</span> <span class='ocrx_word' id='word_1_618' title='bbox 2540 4573 2722 4628; x_wconf 89' lang='lat' dir='ltr'>libera</span> <span class='ocrx_word' id='word_1_619' title='bbox 2751 4588 2916 4626; x_wconf 90' lang='lat' dir='ltr'>mens</span> <span class='ocrx_word' id='word_1_620' title='bbox 2939 4569 3208 4640; x_wconf 87' lang='lat' dir='ltr'>Domino,</span> 
     </span>
    </p>
   </div>
   <div class='ocr_carea' id='block_1_110' title="bbox 1741 4659 3278 4750">
    <p class='ocr_par' dir='ltr' id='par_1_110' title="bbox 1741 4659 3278 4750">
     <span class='ocr_line' id='line_1_110' title="bbox 1741 4659 3278 4750; baseline -0.007 -22"><span class='ocrx_word' id='word_1_621' title='bbox 1741 4685 1783 4750; x_wconf 82' lang='lat' dir='ltr'><strong>D</strong></span> <span class='ocrx_word' id='word_1_622' title='bbox 1814 4672 1898 4727; x_wconf 80' lang='lat' dir='ltr'>Ad</span> <span class='ocrx_word' id='word_1_623' title='bbox 1931 4689 2046 4727; x_wconf 93' lang='lat' dir='ltr'>non</span> <span class='ocrx_word' id='word_1_624' title='bbox 2082 4669 2316 4725; x_wconf 86' lang='lat' dir='ltr'>fallaces</span> <span class='ocrx_word' id='word_1_625' title='bbox 2339 4665 2625 4738; x_wconf 87' lang='lat' dir='ltr'>quosjam</span> <span class='ocrx_word' id='word_1_626' title='bbox 2658 4659 3007 4732; x_wconf 87' lang='lat' dir='ltr'>conscripsit</span> <span class='ocrx_word' id='word_1_627' title='bbox 3026 4661 3278 4718; x_wconf 88' lang='lat' dir='ltr'>honores</span> 
     </span>
    </p>
   </div>
   <div class='ocr_carea' id='block_1_111' title="bbox 1888 4749 2970 4831">
    <p class='ocr_par' dir='ltr' id='par_1_111' title="bbox 1888 4749 2970 4831">
     <span class='ocr_line' id='line_1_111' title="bbox 1888 4749 2970 4831; baseline -0.011 -16"><span class='ocrx_word' id='word_1_628' title='bbox 1888 4760 1948 4815; x_wconf 89' lang='lat' dir='ltr'>ln</span> <span class='ocrx_word' id='word_1_629' title='bbox 1980 4775 2246 4831; x_wconf 89' lang='lat' dir='ltr'>proceres</span> <span class='ocrx_word' id='word_1_630' title='bbox 2269 4755 2394 4812; x_wconf 86' lang='lat' dir='ltr'>coeli</span> <span class='ocrx_word' id='word_1_631' title='bbox 2420 4755 2622 4809; x_wconf 80' lang='lat' dir='ltr'>dextra</span> <span class='ocrx_word' id='word_1_632' title='bbox 2651 4753 2818 4806; x_wconf 88' lang='lat' dir='ltr'>beata</span> <span class='ocrx_word' id='word_1_633' title='bbox 2847 4749 2970 4804; x_wconf 91' lang='lat' dir='ltr'>Dei.</span> 
     </span>
    </p>
   </div>
   <div class='ocr_carea' id='block_1_112' title="bbox 1814 4838 3169 4918">
    <p class='ocr_par' dir='ltr' id='par_1_112' title="bbox 1814 4838 3169 4918">
     <span class='ocr_line' id='line_1_112' title="bbox 1814 4838 3169 4918; baseline -0.007 -14"><span class='ocrx_word' id='word_1_634' title='bbox 1814 4847 2051 4904; x_wconf 87' lang='lat' dir='ltr'>Talibus</span> <span class='ocrx_word' id='word_1_635' title='bbox 2083 4863 2219 4918; x_wconf 86' lang='lat' dir='ltr'>ergo</span> <span class='ocrx_word' id='word_1_636' title='bbox 2250 4845 2390 4900; x_wconf 90' lang='lat' dir='ltr'>viris</span> <span class='ocrx_word' id='word_1_637' title='bbox 2408 4848 2497 4898; x_wconf 90' lang='lat' dir='ltr'>est</span> <span class='ocrx_word' id='word_1_638' title='bbox 2535 4841 2740 4896; x_wconf 88' lang='lat' dir='ltr'>intima</span> <span class='ocrx_word' id='word_1_639' title='bbox 2759 4839 2926 4894; x_wconf 87' lang='lat' dir='ltr'>lanea</span> <span class='ocrx_word' id='word_1_640' title='bbox 2954 4838 3169 4908; x_wconf 90' lang='lat' dir='ltr'>vestis;</span> 
     </span>
    </p>
   </div>
   <div class='ocr_carea' id='block_1_113' title="bbox 1885 4928 3126 5006">
    <p class='ocr_par' dir='ltr' id='par_1_113' title="bbox 1885 4928 3126 5006">
     <span class='ocr_line' id='line_1_113' title="bbox 1885 4928 3126 5006; baseline -0.007 -13"><span class='ocrx_word' id='word_1_641' title='bbox 1885 4937 2016 4992; x_wconf 64' lang='lat' dir='ltr'>Hec</span> <span class='ocrx_word' id='word_1_642' title='bbox 2046 4941 2134 4992; x_wconf 88' lang='lat' dir='ltr'>est</span> <span class='ocrx_word' id='word_1_643' title='bbox 2163 4935 2378 5006; x_wconf 91' lang='lat' dir='ltr'>quippe</span> <span class='ocrx_word' id='word_1_644' title='bbox 2397 4933 2490 5003; x_wconf 91' lang='lat' dir='ltr'>pio</span> <span class='ocrx_word' id='word_1_645' title='bbox 2523 4945 2780 5001; x_wconf 88' lang='lat' dir='ltr'>congrua</span> <span class='ocrx_word' id='word_1_646' title='bbox 2809 4928 3126 5000; x_wconf 89' lang='lat' dir='ltr'>proposito.</span> 
     </span>
    </p>
   </div>
   <div class='ocr_carea' id='block_1_114' title="bbox 1815 5017 3316 5095">
    <p class='ocr_par' dir='ltr' id='par_1_114' title="bbox 1815 5017 3316 5095">
     <span class='ocr_line' id='line_1_114' title="bbox 1815 5017 3316 5095; baseline -0.004 -14"><span class='ocrx_word' id='word_1_647' title='bbox 1815 5024 1916 5081; x_wconf 82' lang='lat' dir='ltr'>Hic</span> <span class='ocrx_word' id='word_1_648' title='bbox 1937 5025 2123 5080; x_wconf 89' lang='lat' dir='ltr'>linum</span> <span class='ocrx_word' id='word_1_649' title='bbox 2158 5023 2410 5095; x_wconf 88' lang='lat' dir='ltr'>fugiunt,</span> <span class='ocrx_word' id='word_1_650' title='bbox 2443 5020 2606 5074; x_wconf 87' lang='lat' dir='ltr'>lanas</span> <span class='ocrx_word' id='word_1_651' title='bbox 2627 5018 2700 5072; x_wconf 87' lang='lat' dir='ltr'>ad</span> <span class='ocrx_word' id='word_1_652' title='bbox 2731 5033 2972 5088; x_wconf 88' lang='lat' dir='ltr'>corpora</span> <span class='ocrx_word' id='word_1_653' title='bbox 2994 5017 3316 5091; x_wconf 85' lang='lat' dir='ltr'>stringunt,</span> 
     </span>
    </p>
   </div>
   <div class='ocr_carea' id='block_1_115' title="bbox 1883 5105 3198 5181">
    <p class='ocr_par' dir='ltr' id='par_1_115' title="bbox 1883 5105 3198 5181">
     <span class='ocr_line' id='line_1_115' title="bbox 1883 5105 3198 5181; baseline -0.006 -12"><span class='ocrx_word' id='word_1_654' title='bbox 1883 5115 2068 5181; x_wconf 90' lang='lat' dir='ltr'>Quod,</span> <span class='ocrx_word' id='word_1_655' title='bbox 2102 5111 2213 5168; x_wconf 91' lang='lat' dir='ltr'>sibi</span> <span class='ocrx_word' id='word_1_656' title='bbox 2243 5111 2301 5165; x_wconf 92' lang='lat' dir='ltr'>ni</span> <span class='ocrx_word' id='word_1_657' title='bbox 2337 5109 2554 5165; x_wconf 91' lang='lat' dir='ltr'>scirent</span> <span class='ocrx_word' id='word_1_658' title='bbox 2588 5105 2751 5172; x_wconf 90' lang='lat' dir='ltr'>utile,</span> <span class='ocrx_word' id='word_1_659' title='bbox 2774 5122 2890 5160; x_wconf 90' lang='lat' dir='ltr'>non</span> <span class='ocrx_word' id='word_1_660' title='bbox 2925 5105 3198 5162; x_wconf 87' lang='lat' dir='ltr'>tacerent.</span> 
     </span>
    </p>
   </div>
   <div class='ocr_carea' id='block_1_116' title="bbox 1811 5195 3101 5272">
    <p class='ocr_par' dir='ltr' id='par_1_116' title="bbox 1811 5195 3101 5272">
     <span class='ocr_line' id='line_1_116' title="bbox 1811 5195 3101 5272; baseline -0.006 -14"><span class='ocrx_word' id='word_1_661' title='bbox 1811 5207 2032 5258; x_wconf 57' lang='lat' dir='ltr'>Nostra</span> <span class='ocrx_word' id='word_1_662' title='bbox 2065 5204 2372 5272; x_wconf 87' lang='lat' dir='ltr'>corruptas</span> <span class='ocrx_word' id='word_1_663' title='bbox 2409 5195 2574 5268; x_wconf 57' lang='lat' dir='ltr'>lbellis</span> <span class='ocrx_word' id='word_1_664' title='bbox 2599 5195 2904 5250; x_wconf 73' lang='lat' dir='ltr'>fmtoribus</span> <span class='ocrx_word' id='word_1_665' title='bbox 2927 5213 3101 5250; x_wconf 88' lang='lat' dir='ltr'>auras</span> 
     </span>
    </p>
   </div>
   <div class='ocr_carea' id='block_1_117' title="bbox 1881 5283 3011 5356">
    <p class='ocr_par' dir='ltr' id='par_1_117' title="bbox 1881 5283 3011 5356">
     <span class='ocr_line' id='line_1_117' title="bbox 1881 5283 3011 5356; baseline -0.009 -9"><span class='ocrx_word' id='word_1_666' title='bbox 1881 5292 2124 5348; x_wconf 90' lang='lat' dir='ltr'>Dicebas</span> <span class='ocrx_word' id='word_1_667' title='bbox 2157 5289 2308 5356; x_wconf 66' lang='lat' dir='ltr'>laedi,</span> <span class='ocrx_word' id='word_1_668' title='bbox 2342 5287 2390 5343; x_wconf 90' lang='lat' dir='ltr'>si</span> <span class='ocrx_word' id='word_1_669' title='bbox 2423 5287 2568 5340; x_wconf 88' lang='lat' dir='ltr'>bene</span> <span class='ocrx_word' id='word_1_670' title='bbox 2599 5283 3011 5352; x_wconf 85' lang='lat' dir='ltr'>commemini;</span> 
     </span>
    </p>
   </div>
   <div class='ocr_carea' id='block_1_118' title="bbox 1810 5373 3378 5446">
    <p class='ocr_par' dir='ltr' id='par_1_118' title="bbox 1810 5373 3378 5446">
     <span class='ocr_line' id='line_1_118' title="bbox 1810 5373 3378 5446; baseline -0.006 -10"><span class='ocrx_word' id='word_1_671' title='bbox 1810 5380 1882 5436; x_wconf 90' lang='lat' dir='ltr'>Ut</span> <span class='ocrx_word' id='word_1_672' title='bbox 1909 5385 2132 5436; x_wconf 89' lang='lat' dir='ltr'>taceam</span> <span class='ocrx_word' id='word_1_673' title='bbox 2153 5383 2362 5444; x_wconf 82' lang='lat' dir='ltr'>vestes,</span> <span class='ocrx_word' id='word_1_674' title='bbox 2396 5375 2649 5446; x_wconf 89' lang='lat' dir='ltr'>reliquas</span> <span class='ocrx_word' id='word_1_675' title='bbox 2679 5389 2912 5445; x_wconf 89' lang='lat' dir='ltr'>quoque</span> <span class='ocrx_word' id='word_1_676' title='bbox 2942 5373 3378 5429; x_wconf 87' lang='lat' dir='ltr'>commoditates</span> 
     </span>
    </p>
   </div>
   <div class='ocr_carea' id='block_1_119' title="bbox 1879 5462 3152 5538">
    <p class='ocr_par' dir='ltr' id='par_1_119' title="bbox 1879 5462 3152 5538">
     <span class='ocr_line' id='line_1_119' title="bbox 1879 5462 3152 5538; baseline -0.007 -12"><span class='ocrx_word' id='word_1_677' title='bbox 1879 5471 2036 5535; x_wconf 89' lang='lat' dir='ltr'>Quas</span> <span class='ocrx_word' id='word_1_678' title='bbox 2064 5469 2240 5524; x_wconf 88' lang='lat' dir='ltr'>habet</span> <span class='ocrx_word' id='word_1_679' title='bbox 2271 5467 2392 5522; x_wconf 67' lang='lat' dir='ltr'>haec</span> <span class='ocrx_word' id='word_1_680' title='bbox 2424 5463 2595 5538; x_wconf 91' lang='lat' dir='ltr'>pellis</span> <span class='ocrx_word' id='word_1_681' title='bbox 2619 5463 2823 5518; x_wconf 91' lang='lat' dir='ltr'>usibus</span> <span class='ocrx_word' id='word_1_682' title='bbox 2857 5463 2916 5518; x_wconf 88' lang='lat' dir='ltr'>in</span> <span class='ocrx_word' id='word_1_683' title='bbox 2940 5462 3114 5518; x_wconf 83' lang='lat' dir='ltr'>variis</span> <span class='ocrx_word' id='word_1_684' title='bbox 3139 5479 3152 5530; x_wconf 89' lang='grc'><strong>;</strong></span> 
     </span>
    </p>
   </div>
   <div class='ocr_carea' id='block_1_120' title="bbox 1805 5551 3072 5630">
    <p class='ocr_par' dir='ltr' id='par_1_120' title="bbox 1805 5551 3072 5630">
     <span class='ocr_line' id='line_1_120' title="bbox 1805 5551 3072 5630; baseline -0.008 -16"><span class='ocrx_word' id='word_1_685' title='bbox 1805 5557 2056 5630; x_wconf 89' lang='lat' dir='ltr'>Deputet</span> <span class='ocrx_word' id='word_1_686' title='bbox 2085 5558 2142 5612; x_wconf 92' lang='lat' dir='ltr'>id</span> <span class='ocrx_word' id='word_1_687' title='bbox 2173 5556 2359 5630; x_wconf 89' lang='lat' dir='ltr'>pretio</span> <span class='ocrx_word' id='word_1_688' title='bbox 2399 5555 2566 5625; x_wconf 84' lang='lat' dir='ltr'>cujus</span> <span class='ocrx_word' id='word_1_689' title='bbox 2597 5551 2852 5608; x_wconf 91' lang='lat' dir='ltr'>sollertia</span> <span class='ocrx_word' id='word_1_690' title='bbox 2881 5551 3072 5622; x_wconf 90' lang='lat' dir='ltr'>digno,</span> 
     </span>
    </p>
   </div>
   <div class='ocr_carea' id='block_1_121' title="bbox 1878 5637 3088 5720">
    <p class='ocr_par' dir='ltr' id='par_1_121' title="bbox 1878 5637 3088 5720">
     <span class='ocr_line' id='line_1_121' title="bbox 1878 5637 3088 5720; baseline -0.01 -16"><span class='ocrx_word' id='word_1_691' title='bbox 1878 5647 2042 5714; x_wconf 88' lang='lat' dir='ltr'>Quod</span> <span class='ocrx_word' id='word_1_692' title='bbox 2073 5647 2291 5720; x_wconf 90' lang='lat' dir='ltr'>petitur</span> <span class='ocrx_word' id='word_1_693' title='bbox 2313 5645 2494 5702; x_wconf 87' lang='lat' dir='ltr'>sacris</span> <span class='ocrx_word' id='word_1_694' title='bbox 2543 5647 2678 5714; x_wconf 89' lang='lat' dir='ltr'>apta</span> <span class='ocrx_word' id='word_1_695' title='bbox 2707 5637 3088 5696; x_wconf 82' lang='lat' dir='ltr'>ministeriis?</span> 
     </span>
    </p>
   </div>
   <div class='ocr_carea' id='block_1_122' title="bbox 1805 5727 3211 5808">
    <p class='ocr_par' dir='ltr' id='par_1_122' title="bbox 1805 5727 3211 5808">
     <span class='ocr_line' id='line_1_122' title="bbox 1805 5727 3211 5808; baseline -0.012 -12"><span class='ocrx_word' id='word_1_696' title='bbox 1805 5735 1866 5796; x_wconf 90' lang='lat' dir='ltr'>Si</span> <span class='ocrx_word' id='word_1_697' title='bbox 1888 5753 2005 5796; x_wconf 86' lang='lat' dir='ltr'>non</span> <span class='ocrx_word' id='word_1_698' title='bbox 2037 5735 2370 5796; x_wconf 86' lang='lat' dir='ltr'>scribantur</span> <span class='ocrx_word' id='word_1_699' title='bbox 2391 5731 2556 5792; x_wconf 83' lang='lat' dir='ltr'>libris</span> <span class='ocrx_word' id='word_1_700' title='bbox 2585 5745 2714 5808; x_wconf 64' lang='lat' dir='ltr'>qua</span> <span class='ocrx_word' id='word_1_701' title='bbox 2742 5728 2916 5788; x_wconf 87' lang='lat' dir='ltr'>verba</span> <span class='ocrx_word' id='word_1_702' title='bbox 2943 5727 3211 5802; x_wconf 66' lang='lat' dir='ltr'>leguntur</span> 
     </span>
    </p>
   </div>
  </div>
