3880 6350
409 421 519 482 451

474 573 625 628 Ordo
657 589 822 628 sacer
853 579 1065 630 sancta:
1098 577 1318 647 deperit
1349 577 1630 632 Ecclesiae.

404 661 704 716 Invenient
733 662 892 734 quali
917 669 1055 718 sunt
1071 682 1273 720 omnes
1305 665 1506 719 ordine
1529 664 1705 735 jussi,

473 747 865 807 Adlavacrum
891 769 1158 821 nascens,
1210 755 1280 806 ad
1315 753 1606 808 tumulum
1641 752 1940 806 moriens?

408 836 533 892 Non
559 837 680 908 jam
717 840 927 910 praesul
959 841 1086 904 erit,
1122 859 1233 894 non
1271 843 1462 895 Romae
1497 858 1646 912 papa
1677 841 1934 906 sedebit;

473 925 738 982 Solvetur
767 929 1022 1000 synodus
1042 928 1423 999 Ecclesiazque
1455 931 1694 1001 gradus.

396 1011 682 1070 Praeterea
709 1017 995 1088 quidquid
1021 1017 1279 1072 sollertia
1308 1023 1474 1089 grata
1496 1017 1755 1088 reliquit,

473 1103 634 1167 Quod
666 1105 824 1159 dedit
877 1105 1180 1178 Egyptus,
1214 1107 1368 1177 quod
1411 1107 1577 1162 docet
1617 1105 1928 1177 Assyrius;

400 1197 614 1252 Omnes
645 1199 939 1266 postremo
965 1211 1058 1250 res
1089 1199 1286 1266 gestas
1321 1212 1354 1250 a
1379 1201 1541 1266 patre
1573 1195 1782 1264 primo,

463 1284 634 1351 Quod
671 1284 928 1339 fuitante
956 1284 1157 1349 chaos,
1198 1283 1351 1338 seria
1381 1283 1501 1338 sive
1527 1284 1732 1352 jocos;

393 1375 553 1439 Quod
586 1373 838 1429 Phcebus
869 1389 1091 1440 musas,
1116 1389 1296 1426 musas
1322 1373 1574 1426 docuere
1607 1376 1802 1442 poetas
1829 1389 1842 1435 ;

473 1467 608 1530 Quae
645 1463 789 1517 ratio
823 1460 1040 1526 stellas,
1075 1478 1270 1532 quasve
1301 1460 1464 1531 polos
1495 1465 1742 1526 moveat,

395 1557 530 1620 Quae
565 1549 877 1608 metuenda
908 1548 1102 1615 malis,
1133 1567 1260 1620 quae
1294 1553 1432 1604 sunt
1483 1549 1771 1618 speranda
1819 1547 2035 1613 beatis;

467 1641 613 1708 Quid
647 1639 722 1694 sit
752 1637 852 1710 qui
880 1637 1052 1692 rebus
1086 1637 1350 1709 praesidet
1382 1637 1504 1708 ipse
1527 1637 1715 1703 Deus;

393 1731 604 1788 Omnia
630 1728 788 1784 novit
819 1726 964 1794 ovis,
999 1743 1100 1798 per
1132 1743 1264 1782 oves
1296 1727 1414 1780 haec
1443 1725 1698 1798 prrrcipit
1731 1725 1926 1790 orbis;

463 1820 593 1892 Ipsa
618 1817 718 1872 Dei
772 1815 955 1870 Patris
977 1817 1220 1887 mystica
1255 1817 1416 1868 novit
1442 1815 1579 1869 ovis.

393 1908 576 1964 Vilior
605 1907 661 1962 in
695 1909 814 1960 toto
841 1921 998 1976 pars,
1030 1903 1269 1968 viscera,
1303 1921 1538 1974 corpore
1571 1907 1768 1958 nostro

462 1996 699 2053 Dulcem
719 1995 861 2048 dant
882 2008 1055 2048 usum
1087 1991 1312 2047 deliciis
1348 1991 1674 2047 hominum.

391 2085 652 2151 Quadam
685 2081 882 2138 divina
912 2085 1146 2136 resonat
1175 2079 1484 2135 dulcedine
1514 2081 1712 2142 corda,

460 2177 618 2246 Aptae
649 2171 840 2226 vincta
871 2169 1026 2242 lyrae,
1063 2168 1356 2240 psalterio,
1391 2169 1661 2240 cythera).

393 2261 638 2334 Expellit
669 2276 840 2316 curas
874 2275 1056 2314 sonus
1079 2258 1172 2312 hic
1203 2262 1260 2311 et
1294 2258 1522 2328 mitigat
1554 2257 1692 2320 iras,

461 2351 640 2404 Anxia
665 2349 842 2404 corda
871 2348 1040 2413 levat,
1074 2347 1245 2401 taedia
1275 2353 1481 2400 cuncta
1519 2348 1700 2416 fugat.

393 2440 491 2494 Vis
523 2439 762 2494 inimica
784 2437 951 2508 fugit,
987 2451 1376 2506 possessaque
1409 2435 1584 2488 corda
1613 2433 1910 2503 relinquit,

459 2529 603 2584 Cum
625 2527 772 2582 bene
801 2527 980 2597 docta;
1014 2540 1222 2594 mapus
1253 2523 1462 2576 excitat
1491 2523 1596 2576 hos
1621 2521 1868 2576 sonitus.

394 2617 681 2688 Orpheus,
715 2613 1172 2685 Amphion,cum
1200 2611 1386 2666 musis
1417 2611 1688 2676 thbus,
1734 2610 1931 2676 Arion,

461 2705 612 2760 Dum
636 2703 884 2758 chordas
914 2701 1152 2762 feriunt,
1189 2717 1396 2755 nomen
1417 2701 1484 2754 ad
1515 2704 1672 2754 astra
1719 2700 1929 2753 ferunt.

394 2793 517 2848 Neu
551 2791 770 2848 sanctis
803 2806 1037 2861 operam
1067 2794 1230 2860 putet
1255 2789 1403 2842 hanc
1433 2788 1705 2842 vilescere
1724 2787 2036 2858 quisquam

465 2881 574 2946 Qui
605 2880 806 2936 stravit
825 2878 1052 2934 Goliath
1085 2879 1212 2946 ejus
1245 2882 1470 2932 amator
1500 2882 1642 2931 erat.

397 2969 508 3024 Sex
551 2971 756 3038 quater
801 2983 930 3022 esse
980 2970 1196 3037 patres,
1248 2966 1515 3036 cytharas
1573 2964 1914 3036 phialasque
1956 2969 2036 3018 te-

1721 3054 1964 3123 [nentes,

463 3145 607 3199 Ante
636 3141 736 3198 Dei
758 3143 818 3214 [ι.
870 3141 1169 3211 thronnm]
1217 3142 1356 3197 dicit
1399 3142 1606 3214 pagina
1661 3159 1824 3198 sacra
1879 3141 2036 3196 thro-

1460 3231 1682 3302 [numL
1744 3230 1886 3301 (Dei)

391 3319 607 3393 Collige
629 3319 768 3392 quid
803 3319 880 3375 sit
908 3319 1032 3374 ovis
1065 3319 1234 3388 cujus
1264 3337 1396 3390 pars
1421 3320 1618 3373 infima
1641 3318 1800 3374 caelis

460 3408 810 3480 Suscipitur,
844 3413 1080 3463 sanctas
1101 3407 1431 3462 exhilarans
1464 3407 1711 3463 animas.

1119 3513 1322 3552 LINUM.

394 3585 516 3640 Non
538 3601 686 3657 opus
715 3589 802 3640 est
823 3585 1014 3640 verbis
1035 3603 1048 3652 ;
1071 3586 1264 3640 ovium
1294 3585 1583 3640 balatibus
1606 3585 1750 3657 ipsis

468 3672 646 3737 Quale
676 3671 858 3728 melos
890 3673 992 3727 fiat
1021 3673 1215 3728 nescio
1245 3690 1416 3744 quem
1445 3673 1638 3728 lateat.

391 3760 539 3816 Cum
572 3765 750 3832 pastas
782 3761 1048 3827 redeunt,
1070 3761 1317 3816 tremulo
1349 3761 1594 3817 stridore
1626 3761 1928 3833 requirunt

459 3849 612 3912 Quos
642 3848 859 3904 lactent
891 3849 1061 3904 fmtus
1097 3868 1110 3917 ;
1138 3866 1312 3921 quam
1345 3849 1533 3920 placet
1563 3850 1656 3905 ille
1687 3849 1904 3905 sonus!

389 3938 551 4004 Quod
573 3941 740 4010 parat
770 3937 1063 3994 interdum
1095 3942 1294 4011 tergus
1327 3939 1437 3994 sibi
1469 3939 1718 4010 scriptor
1773 3938 2030 4005 ovinum,

461 4025 559 4080 Est
589 4027 861 4098 equidem
895 4026 1110 4098 quaevis
1143 4027 1462 4098 gloria,sed
1497 4027 1712 4094 facilis;

387 4114 610 4170 Justior
630 4115 752 4169 haec
771 4114 990 4184 vitulis,
1023 4115 1144 4170 haec
1168 4115 1354 4188 gloria
1375 4117 1594 4186 justior
1624 4116 1804 4170 haedis
1829 4133 1841 4182 ;

463 4202 771 4258 Haedorum
794 4202 966 4274 pallis
994 4203 1184 4274 aptior
1205 4203 1297 4258 his
1329 4205 1562 4260 studiis.

391 4291 652 4364 Denique
684 4292 770 4347 fac
792 4291 987 4347 ovium
1041 4309 1343 4364 nunquam
1377 4309 1561 4364 genus
1580 4309 1705 4348 esse
1753 4299 2031 4362 creatum,

461 4379 575 4435 Hos
606 4397 750 4436 usus
772 4380 1044 4452 nunquid
1075 4381 1336 4436 mundus
1364 4383 1575 4437 habere
1607 4383 1852 4454 nequit?

392 4467 541 4524 Illud
572 4468 828 4525 ludibrio
858 4469 1102 4541 dignum
1126 4485 1254 4524 reor
1273 4487 1400 4525 esse
1431 4472 1683 4541 profecto

458 4559 620 4622 Quod
643 4559 869 4629 jactas:
901 4559 1119 4614 sanctis
1143 4559 1385 4613 artubus
1408 4559 1584 4614 haeret
1605 4561 1746 4614 ovis.

1222 423 1632 488 HERMANNI
1679 421 2114 485 CONTRACTI
2159 421 2575 482 AUGIENSIS
2623 419 2998 482 MONACHI.

3720 418 3828 478 452

2072 561 2120 626 Α
2155 575 2380 637 Quanta
2426 574 2610 626 ferant
2637 572 2780 624 sacri
2814 570 2930 624 lino
2966 569 3252 640 prmconia
3281 567 3416 622 libri

2228 663 2486 716 Forsitan
2512 661 2766 731 ignoras,
2801 664 2921 724 aut,
2955 664 3112 730 puto,
3150 656 3522 713 dissimulas.

2157 751 2216 803 In
2251 750 2463 821 Moysis
2494 749 2658 804 libris
2689 749 2944 820 (Moysen
2965 747 3171 818 recipit
3191 764 3380 803 canon
3429 745 3698 816 omnis),

2226 839 2344 893 Imo
2376 837 2564 910 legisti
2597 838 2842 910 mystica
2864 836 3048 891 multa
3088 836 3242 908 geri;

2153 927 2364 981 Multas
2397 927 2520 998 ipse
2549 927 2698 981 Deus
2732 925 2915 980 linum
2951 925 3057 979 sibi
3093 923 3282 996 poscit
3309 924 3368 978 in
3397 941 3552 980 usus
3581 942 3597 992 ;

2222 1015 2410 1070 Pauca
2431 1021 2627 1070 tamen
2660 1015 2908 1069 breviter
2937 1029 3396 1068 commemorare
3420 1013 3650 1085 placet.

2150 1105 2284 1168 Quae
2317 1106 2526 1159 domus
2553 1104 2799 1174 insignis
2827 1103 3015 1174 spatio
3049 1103 3325 1158 meritove
3356 1101 3623 1170 decoris,

2222 1193 2794 1264 Incircumscriptum
2829 1207 2958 1262 qua:
2988 1191 3141 1263 capit
3170 1189 3306 1246 aula
3336 1190 3582 1246 Deum?

2149 1282 2213 1334 Et
2245 1286 2434 1336 tamen
2461 1283 2584 1353 ipse
2619 1281 2728 1336 sibi
2762 1280 2989 1335 dictans
3021 1279 3366 1335 habitacula
3397 1279 3572 1352 poni,

2217 1369 2424 1424 Linum
2450 1371 2735 1442 praecipue
2767 1369 2973 1440 quarit
3003 1369 3059 1422 in
3093 1369 3200 1424 hoc
3231 1385 3440 1440 opere;

2145 1457 2408 1514 Cortinas
2439 1459 2617 1514 istum
2651 1459 2740 1514 bis
2773 1458 3028 1529 quinque
3061 1456 3305 1530 requirit
3327 1459 3386 1512 in
3420 1474 3608 1514 usum
3637 1476 3652 1527 ;

2219 1547 2295 1601 Ex
2326 1548 2417 1603 his
2449 1547 2664 1620 quippe
2686 1549 2898 1602 domus
2922 1546 3151 1602 fmderis
3182 1547 3456 1602 efficitur.

2145 1639 2261 1690 Has
2295 1637 2473 1708 Moysi
2507 1639 2745 1691 mandat
2775 1638 2844 1690 de
2877 1638 3051 1704 bysso
3081 1641 3273 1691 texere
3303 1639 3482 1700 torta,

2215 1725 2280 1778 Et
2312 1741 2496 1794 genus
2521 1730 2610 1780 est
2641 1725 2745 1778 lini
2781 1725 2974 1780 mollis
3005 1729 3060 1778 et
3093 1724 3331 1796 egregii.

2143 1811 2242 1867 Ille
2276 1813 2372 1867 Dei
2409 1814 2617 1885 plenus
2646 1815 2976 1869 venerando
3002 1831 3136 1868 cum
3169 1814 3316 1869 duce
3343 1816 3536 1868 curtus

2069 1930 2116 1994 Β
2217 1902 2349 1956 Tale
2381 1920 2482 1974 per
2511 1903 2831 1974 hospitium
2865 1917 3237 1974 promeruere
3263 1902 3476 1958 Deum.

2150 1989 2221 2044 Se
2245 1990 2418 2060 bysso
2451 1996 2599 2046 torta
2627 1991 2850 2046 velatur
2880 1991 3112 2046 frederis
3143 2006 3296 2055 arca,

2221 2078 2379 2133 Felix
2408 2085 2526 2134 tam
2562 2081 2710 2134 sacri
2745 2097 2888 2134 cura
2918 2079 3231 2134 ministerii
3259 2079 3270 2132 !

2150 2166 2235 2219 Ad
2269 2184 2389 2221 rem
2423 2169 2676 2223 divinam
2706 2170 2920 2223 vadens
2953 2168 3194 2224 antistes
3227 2167 3298 2222 ad
3332 2184 3529 2236 aram,

2228 2255 2640 2326 Significativis
2675 2257 2854 2328 fulget
2888 2258 2946 2310 in
2978 2257 3224 2312 exuviis.

2149 2349 2346 2402 Prima
2377 2347 2613 2418 quidem
2646 2346 2891 2400 manicis
2922 2345 3171 2400 includit
3193 2344 3439 2400 brachia
3471 2344 3709 2401 strictis

2221 2438 2366 2490 Huic
2401 2435 2629 2506 podcris
2670 2451 2918 2502 nomen;
2952 2435 3139 2488 tendit
3161 2434 3234 2488 ad
3267 2450 3456 2505 usque
3490 2433 3734 2505 pedem.

2148 2527 2248 2580 Bst
2277 2541 2507 2596 quoque
2539 2523 2864 2588 talaris,sed
2897 2523 3148 2595 dignior,
3183 2522 3368 2578 altera
3395 2523 3592 2578 vestis
3620 2540 3635 2588 ;

2225 2614 2484 2668 Illustrat
2515 2613 2748 2683 penitus
2778 2613 2928 2666 hanc
2961 2610 3118 2666 color
3147 2611 3360 2666 aerius.

2148 2705 2269 2758 Non
2305 2703 2478 2756 habet
2511 2701 2630 2755 haec
2663 2701 2924 2755 manicas
2951 2718 2962 2755 :
2989 2701 3324 2772 dependent
3350 2698 3540 2770 hujus
3573 2699 3652 2754 ad
3685 2716 3816 2756 oras

2220 2795 2362 2862 Apte
2388 2790 2693 2862 promixtis
2745 2807 2920 2844 aurea
2951 2789 3107 2844 mala
3139 2789 3312 2860 polis.

2149 2881 2412 2934 Floribus
2440 2883 2495 2934 et
2524 2879 2697 2932 variis
2720 2877 2979 2932 Abaneth
3014 2876 3329 2948 spectabile
3343 2877 3610 2949 gemmis
3641 2895 3656 2945 ;

2217 2969 2486 3038 Subligat
2515 2967 2622 3020 has
2644 2971 2798 3020 vetes
2829 2967 3057 3022 balteus
3088 2964 3186 3020 ille
3217 2969 3390 3020 teres.

2151 3057 2284 3112 Inde
2317 3061 2517 3128 tegens
2550 3054 2909 3109 bumerosad
2942 3071 3110 3109 renes
3141 3053 3407 3126 pervenit
3435 3053 3679 3126 Ephoth

2219 3145 2531 3216 Inscriptas
2553 3143 2803 3214 gemmis
2833 3144 3058 3214 fertque
3083 3143 3272 3198 tribus
3304 3143 3590 3215 geminis.

2147 3235 2328 3298 Quam
2363 3232 2554 3305 logion
2591 3233 2843 3296 Graecus,
2876 3233 3032 3286 essin
3057 3246 3292 3304 quoque
3323 3230 3468 3285 dicit
3499 3229 3815 3300 Hebraeus,

1972 3387 1980 3394 ,
2066 3295 2106 3359 C
2217 3295 2455 3387 Quinta:
2484 3321 2671 3374 minor
2693 3320 2900 3392 spatio,
2935 3319 3166 3392 dignior
3196 3295 3287 3375 est
3319 3319 3556 3376 merito.

2143 3411 2236 3466 Bis
2283 3429 2381 3466 sex
2437 3409 2745 3465 distinctas
2785 3409 2989 3464 formis
3019 3413 3076 3463 et
3095 3409 3332 3464 nomine
3355 3424 3632 3477 gemmas

2215 3501 2448 3555 Przefert
2479 3499 2598 3552 hazc
2628 3497 2806 3552 vestis
2838 3501 3066 3568 pectore
3099 3497 3394 3568 pontificis

2101 3578 2106 3583 ’
2142 3591 2401 3652 Quatuor
2450 3587 2792 3651 ordinibus;
2825 3587 3012 3641 trinas
3041 3586 3184 3641 ordo
3217 3585 3373 3658 capit
3392 3603 3554 3644 unus
3581 3609 3598 3659 ;

2211 3677 2318 3731 Tot
2349 3675 2546 3730 titulat
2576 3678 2792 3747 patres,
2825 3679 2966 3746 quot
2986 3679 3260 3730 numerat
3288 3674 3540 3747 lapides.

2142 3766 2288 3820 Hinc
2319 3769 2493 3836 caput
2536 3768 2796 3830 exornat,
2821 3764 2920 3818 sed
2953 3780 3068 3818 non
3099 3768 3299 3819 tamen
3329 3780 3528 3835 omne,
3569 3769 3816 3841 thiara;

2212 3855 2324 3909 Ceu
2351 3853 2547 3908 videas
2578 3852 2815 3924 sphaerae
2841 3851 3143 3907 dividuum
3167 3852 3394 3908 mediis.

2141 3942 2424 4015 Tegmina
2455 3958 2558 3996 nec
2589 3945 2811 3996 restant
2841 3940 3127 3996 femorum
3159 3957 3288 4012 qua:
3336 3943 3537 4016 turpia
3577 3947 3817 4016 velant,

2221 4041 2362 4090 Cum
2395 4030 2546 4086 redit
2578 4034 2714 4100 apta
2745 4029 2926 4084 sacris
2957 4027 3102 4084 hora
3131 4029 3501 4088 ministeriis.

2144 4128 2290 4182 Nam
2323 4138 2489 4179 sacra
2520 4119 2814 4192 preposito
2847 4117 2928 4172 nil
2959 4118 3182 4174 confert
3211 4117 3436 4176 lamina
3464 4127 3712 4194 nostro,

2217 4212 2564 4285 Impendens
2595 4207 2771 4262 fronti
2803 4223 3038 4263 nomem
3068 4206 3292 4263 habens
3322 4208 3584 4266 Domini.

2142 4305 2214 4358 At
2243 4301 2498 4372 reliquas
2528 4301 2736 4363 vestes,
2761 4311 2908 4366 quas
2928 4295 3043 4363 ihic
3076 4297 3546 4367 numeravimus,
3594 4317 3820 4361 omnes

2216 4392 2296 4446 De
2328 4391 2501 4461 bysso
2525 4385 2646 4440 ﬁeri
2682 4383 2942 4456 praecipit
2971 4401 3036 4439 os
3066 4384 3321 4440 Domini.

2143 4481 2225 4535 Ne
2255 4479 2330 4534 sit
2373 4477 2494 4533 ovis
2527 4475 2758 4546 penitus
2786 4477 2982 4527 tamen
3013 4488 3216 4544 expers
3276 4475 3547 4532 muneris
3601 4477 3816 4551 huius.

2216 4569 2375 4622 IIanc
2409 4566 2634 4636 Moyses
2666 4562 2836 4616 etiam
2867 4561 3074 4632 quaerit
3103 4562 3174 4616 ad
3206 4561 3359 4618 hanc
3385 4579 3663 4636 operam.

389 4647 486 4702 Est
511 4647 782 4720 equidem
811 4664 1034 4712 verum,
1068 4647 1166 4702 sed
1199 4649 1728 4720 quid,precor,esse
1758 4649 2030 4705 decorum
2062 4661 2108 4728 Ι)
2144 4658 2434 4726 Praeparat
2465 4669 2532 4707 ex
2561 4651 2754 4706 ovium
2788 4649 3080 4704 rubricato
3110 4649 3321 4706 vellere
3352 4656 3582 4710 tectum
3622 4675 3638 4725 ;

461 4737 593 4808 Ipsa
615 4735 719 4792 tibi
754 4739 992 4807 reputas
1015 4752 1260 4808 corpora
1291 4737 1337 4791 si
1371 4737 1640 4792 crucias?

391 4822 464 4878 Ut
493 4840 726 4879 carnem
751 4825 1092 4896 reprimant,
1127 4843 1358 4880 carnem
1393 4843 1494 4898 per
1547 4827 1695 4882 dura
1745 4827 2024 4898 fatigant:

461 4912 614 4966 Inter
643 4912 789 4967 dura
817 4913 959 4968 satis
981 4929 1108 4968 esse
1141 4920 1392 4970 meretur
1413 4916 1556 4972 ovis.

392 4999 644 5070 Quaeque
677 4998 926 5055 molesta
983 5001 1194 5070 ferunt,
1234 5021 1356 5074 qum
1407 5005 1526 5059 sint
1581 5005 1770 5076 magis
1821 5021 2028 5076 aspera

1591 5095 1915 5164 [qurerunt:

461 5175 549 5230 Ad
571 5176 788 5230 victum
820 5177 1061 5244 cineres,
1097 5181 1165 5235 ad
1201 5181 1702 5254 requiemlapides
1735 5199 1748 5248 ;

461 5255 758 5336 Numquid
782 5266 854 5321 ob
885 5266 991 5322 hoc
1021 5268 1234 5340 aliquis
1266 5270 1518 5341 praeferri
1541 5273 1674 5339 jure
1697 5269 1921 5338 putabit

463 5354 580 5409 Aut
609 5353 806 5410 stratis
824 5354 1069 5428 lapides,
1103 5365 1206 5411 aut
1225 5357 1405 5412 cereri
1424 5357 1645 5411 cineres
1664 5356 1692 5409 ?

389 5442 652 5500 Ecclesiae
681 5445 872 5516 tangis
908 5445 1201 5516 mysteria,
1227 5450 1412 5498 terrea
1436 5444 1674 5510 transis,

462 5531 943 5602 leestesjactas
966 5549 1098 5586 cum
1123 5533 1387 5602 patribus
1419 5533 1719 5602 cytharas:

393 5621 455 5677 In
485 5619 807 5694 laudesque
836 5627 969 5677 tuas
1001 5624 1219 5674 veteres
1240 5618 1569 5690 replicando
1600 5621 1834 5692 ﬁguras,

463 5707 689 5767 Plectra
713 5725 892 5768 manu
912 5708 1075 5766 fortis
1096 5723 1522 5768 commemoras
1543 5709 1796 5783 juvenis.

2211 4744 2270 4798 ld
2304 4743 2492 4816 placet
2515 4741 2782 4796 arcendis
2804 4739 3076 4794 sordibus
3109 4743 3165 4794 et
3184 4739 3400 4810 pluviis
3437 4760 3450 4811 ;

2140 4834 2200 4890 Id
2223 4839 2501 4904 tanquam
2540 4831 2738 4884 ﬁctum
2772 4844 2843 4882 ne
2868 4828 2947 4883 sit
2967 4827 3110 4882 mihi
3144 4827 3574 4900 suspiciosum,

2207 4923 2292 4976 Tu
2325 4920 2415 4976 dic
2447 4919 2684 4975 assidue
2713 4917 2866 4988 quod
2890 4916 3032 4988 legis
3059 4917 3119 4971 in
3149 4920 3360 4989 Moyse.

2881 5021 3028 5060 OVIS.

2138 5101 2198 5154 In
2235 5098 2402 5154 libris
2429 5097 2642 5167 Moysis
2665 5110 2865 5149 revera
2892 5092 3147 5164 plurima
3168 5093 3298 5148 novi
3322 5113 3335 5162 ;

2207 5187 2342 5242 Plus
2362 5186 2480 5240 lino
2502 5183 2664 5238 libris
2685 5181 3011 5254 invigilavit
3041 5181 3167 5236 ovis
3194 5198 3208 5236 :

2207 5275 2353 5333 Nam
2387 5279 2476 5338 tu,
2505 5271 2594 5326 vel
2627 5271 2838 5336 nescis,
2873 5268 2962 5325 vel
2983 5270 3030 5325 si
3062 5275 3118 5323 te
3149 5270 3300 5326 scire
3331 5271 3562 5342 fateris,

2203 5366 2336 5429 Quae
2367 5365 2589 5418 restant
2619 5375 2766 5414 caeca
2794 5357 3114 5429 supprimis
3143 5357 3381 5414 invidia.

2138 5454 2245 5507 l’er
2276 5453 2510 5522 Moysen
2534 5447 2683 5520 plebi
2716 5449 2864 5502 dans
2886 5447 3065 5501 ritum
3105 5447 3503 5504 sacriﬁcandi:

2209 5541 2356 5606 Quid
2383 5538 2522 5593 velit
2554 5538 2612 5591 in
2646 5537 2819 5591 rebus
2843 5535 3006 5608 eligit
3025 5536 3151 5607 ipse
3172 5536 3328 5591 Deus

2141 5629 2379 5685 Munere
2412 5625 2781 5700 purgandum
2815 5625 3108 5680 mandans
3149 5624 3210 5679 in
3240 5623 3368 5698 lege
3413 5631 3678 5699 reatum,

2211 5717 2336 5776 Non
2360 5717 2549 5775 linum
2571 5714 2804 5790 penitus
2827 5714 3035 5789 quaerit
3065 5712 3307 5771 adistud
3337 5729 3492 5789 opus
3525 5733 3540 5788 ;
