3866 6352
15 463 129 524 453

20 592 285 653 Sollemni
316 606 455 647 vero
477 591 565 648 vel
598 596 858 664 tempore
891 592 1248 664 quotidiano,

84 681 301 739 Placari
331 678 520 736 nostri
542 696 646 752 per
666 696 832 736 sacra
859 680 984 735 vult
997 681 1226 753 generis
1254 700 1265 737 :

19 775 71 830 Si
104 769 420 828 Dominum
457 767 616 841 plebi
637 769 746 837 vis,
784 769 995 841 inquit,
1020 769 1347 842 propitiari,

84 858 364 918 Mactabis
396 857 669 931 geminos
701 859 773 913 de
802 874 976 930 grege
996 857 1311 931 lanigeros.

20 950 194 1008 Unius
221 966 291 1006 ex
321 947 442 1003 illis
475 947 625 1002 mihi
655 947 895 1003 viscera-
924 948 1043 1004 lota
1097 948 1408 1014 cremabis,

84 1039 206 1095 Exit
234 1038 308 1094 ab
339 1038 453 1093 hoc
484 1036 647 1091 fumo
669 1035 862 1093 suavis
892 1037 1034 1093 odor
1053 1037 1299 1093 Domino
1323 1055 1336 1104 ;

18 1128 262 1185 Alterius
292 1143 496 1183 sacras
520 1125 688 1181 fusus
713 1142 887 1181 cruor
915 1125 1058 1181 eluit
1087 1142 1240 1191 aras,

88 1215 392 1273 Pontiﬁces
414 1215 670 1270 mundat
698 1213 1160 1286 pontiﬁcumque
1182 1214 1381 1270 stolas.

20 1303 280 1362 Prasulis
310 1303 437 1359 hac
464 1303 671 1359 eadem
703 1302 1042 1375 conspersio
1073 1306 1379 1359 consecrat
1424 1316 1627 1357 aurem
1653 1320 1666 1370 ;

85 1396 213 1467 Ipsa
236 1393 450 1466 pedem
483 1392 755 1448 dextrum
781 1396 1087 1449 consecrat
1135 1395 1313 1464 atque
1378 1407 1620 1446 manum
1652 1407 1666 1459 ;

20 1484 126 1541 Nos
154 1498 461 1540 sacramus
491 1496 623 1537 eam
655 1497 783 1553 quae
814 1485 1010 1537 sacrat
1029 1484 1235 1536 caetera
1265 1480 1547 1549 dextram,

85 1574 297 1629 Cuncta
325 1574 524 1627 sacrat
555 1569 775 1625 summi
802 1569 1004 1625 dextra
1033 1568 1347 1641 pontiﬁcis.

22 1660 472 1732 Caudajubetur
500 1658 626 1715 ovis
656 1657 781 1714 ﬁeri
812 1657 1090 1730 profectio
1123 1658 1328 1722 sacris,
1369 1662 1373 1671 '

84 1751 218 1806 Pars
245 1752 337 1805 est
368 1745 598 1803 Excelsi
630 1745 941 1801 reticulum
965 1746 1203 1818 jeeoris.

23 1839 186 1897 Nobis
208 1838 527 1895 assiduum
560 1840 775 1908 purgat
800 1852 1095 1908 synagoga
1125 1838 1374 1900 reatum,

85 1928 150 1984 Se
178 1926 481 1983 redimens
506 1922 677 1998 agnis
708 1923 970 1996 quotidie
1003 1922 1273 1995 geminis.

25 2017 157 2082 Quid
176 2032 345 2073 sacra
364 2028 827 2071 commemorem
854 2016 1041 2068 totum
1060 2012 1295 2084 vulgata
1316 2027 1420 2084 per
1441 2011 1666 2077 orbem,

85 2106 209 2171 Qua
231 2108 373 2178 quot
401 2103 587 2160 verba
629 2103 842 2169 ferunt,
878 2104 961 2157 tot
1012 2104 1380 2157 sacramenta
1410 2099 1668 2173 gerunt?

27 2195 213 2251 Pressa
240 2193 459 2249 domus
484 2191 667 2247 Jacob
695 2191 950 2264 graviter
966 2191 1076 2245 sub
1097 2190 1360 2262 principe
1385 2190 1554 2257 duro,

90 2283 254 2340 Fessa
282 2280 487 2348 malis,
521 2281 808 2353 gemitum
839 2278 1038 2351 dirigit
1067 2279 1139 2334 ad
1172 2278 1518 2345 Dominum;

32 2371 117 2428 Ille
144 2388 319 2446 super
346 2385 556 2444 regem
605 2385 713 2425 sua
758 2367 928 2440 signa
979 2383 1341 2439 manumque
1374 2370 1666 2438 potentem

90 2461 294 2530 Elevat,
326 2464 396 2517 ut
426 2460 635 2516 sancto
666 2456 819 2513 laxet
846 2456 956 2512 iter
985 2456 1219 2529 populo.

34 2550 217 2607 Nescia
245 2549 469 2606 molliri
504 2550 742 2621 praestat
764 2562 929 2602 mens
959 2546 1107 2601 dura
1136 2545 1368 2618 tyranni

91 2643 266 2714 Atque
292 2641 500 2696 decem
534 2636 737 2710 plagas
768 2635 1092 2708 promeruit
1118 2634 1364 2690 validas.

36 2730 155 2785 Toto
182 2747 297 2787 non
328 2725 532 2802 potuit
561 2725 691 2781 Nilo
721 2724 852 2780 sitis
875 2741 995 2780 una
1017 2723 1214 2790 levari,

93 2820 377 2890 Quotquot
407 2815 574 2873 enim
606 2814 837 2869 fuerant
866 2811 1113 2868 ﬂumina
1141 2810 1385 2883 sanguis
1413 2812 1596 2865 erant.

36 2908 103 2962 Ad
133 2906 328 2981 pepuli
360 2920 629 2971 mensas,
660 2902 733 2958 ad
767 2900 918 2973 regis
949 2904 1133 2957 strata
1162 2899 1250 2955 vel
1275 2915 1439 2955 escas

93 2995 259 3065 Intra,
294 2994 524 3067 ubique
556 3007 772 3058 comes,
806 3006 970 3057 rana,
1002 2988 1262 3044 secunda
1291 2987 1439 3043 lues.

37 3083 154 3140 Inde
181 3083 344 3140 culex
375 3085 543 3139 moto
576 3079 831 3136 surrexit
860 3078 919 3132 in
946 3094 1081 3133 aera
1110 3076 1277 3147 limo,

94 3172 375 3230 Morsibus
407 3167 674 3226 assiduis
704 3183 910 3223 musca
940 3164 1187 3221 molesta
1209 3164 1409 3220 nimis.

34 3262 227 3327 Quarta
254 3259 444 3334 replet
473 3256 662 3331 pestis
695 3255 1062 3329 gravioribus
1092 3254 1290 3310 omnia
1320 3252 1540 3310 muscis
1567 3270 1609 3321 ;·

93 3350 364 3407 Infestum
394 3346 648 3406 canibus
678 3344 739 3401 id
771 3344 919 3401 solet
938 3360 1066 3401 esse
1097 3359 1302 3416 genus.

36 3440 305 3496 Invidiosa
332 3439 507 3512 prius
540 3434 823 3492 armentis
855 3437 911 3489 et
940 3449 1114 3506 grege
1150 3431 1344 3500 tellus,

95 3528 257 3586 Clade
284 3528 450 3603 gravi
482 3525 627 3582 totis
657 3524 838 3580 surda
867 3521 1151 3579 remansit
1177 3521 1355 3594 agris.

37 3616 315 3675 Ulceribus
347 3615 571 3674 subitis
601 3617 844 3686 turgens
874 3611 1180 3684 {Egyptius
1209 3608 1402 3666 omnis

98 3708 245 3763 Istud
272 3708 430 3763 idem
463 3702 630 3777 passi
661 3700 867 3774 quaerit
896 3716 1066 3773 opem
1098 3698 1305 3755 medici
1332 3716 1345 3767 ;

39 3794 292 3867 Septima,
323 3796 477 3852 dura
510 3807 725 3848 manus
750 3806 762 3818 '
795 3789 1023 3845 rumbis
1055 3793 1111 3843 et
1125 3785 1407 3861 grandine
1429 3785 1665 3855 mixtus,

99 3883 437 3940 Interimens
460 3880 758 3945 homines,
791 3879 962 3934 turbo
990 3880 1160 3932 necat
1180 3876 1451 3949 pecudes.

38 3972 153 4036 Quae
180 3976 466 4047 superant
496 3972 677 4043 pasta:
707 3971 935 4041 segetes
963 3970 1021 4022 et
1050 3965 1487 4037 lignalocustaa,

97 4060 374 4118 Grandine
406 4062 691 4116 contusos
720 4055 1154 4128 depopulantur
1176 4070 1370 4127 agros,

40 4147 90 4203 In
116 4149 298 4207 triduo
329 4148 576 4223 penitus
605 4162 753 4218 quos
782 4145 897 4200 fert
925 4161 1041 4200 non
1073 4143 1282 4216 aspicit
1312 4148 1472 4198 artus

98 4240 172 4295 Ad
202 4255 471 4313 superos,
506 4235 729 4309 stygias
762 4251 973 4306 passus
1003 4232 1181 4288 homo
1213 4232 1503 4288 tenebras.

42 4324 130 4382 Per
148 4344 313 4385 sexus
344 4341 558 4384 omnes
581 4323 887 4380 hominum
922 4337 1318 4395 pecorumque
1349 4319 1573 4392 priores

99 4415 359 4490 Egyptus
392 4415 572 4489 plaga
599 4412 854 4486 perdidit
876 4411 935 4466 in
966 4410 1211 4467 decima.

38 4503 77 4556 A
102 4504 234 4562 solio
264 4506 422 4579 regis
452 4503 528 4559 ad
559 4518 695 4558 eum
724 4501 825 4574 qui
851 4499 1088 4556 clausus
1116 4499 1175 4553 in
1210 4498 1437 4554 umbris

98 4592 345 4667 Lugebat
373 4593 631 4657 vinctus,
662 4588 924 4662 pervenit
954 4588 1048 4645 hic
1077 4586 1327 4661 gladius.
1441 4653 1451 4663 .

40 4678 107 4736 Ne
133 4685 246 4739 tam
268 4680 610 4740 communis
638 4677 952 4735 involverat
982 4675 1179 4733 omnia
1205 4676 1409 4747 pestis,

100 4768 217 4842 Ipse
239 4776 390 4828 Deus
414 4770 601 4826 dictat
630 4767 795 4839 plebs
827 4784 937 4822 sua
965 4766 1106 4838 quid
1134 4765 1327 4820 faciat.

41 4855 255 4930 Pignus,
286 4860 549 4925 Hebraea,
581 4856 690 4913 tibi
721 4854 1097 4912 memorabile
1129 4852 1473 4927 posteritati,

98 4947 170 5003 Ne
198 4966 421 5022 pereas,
455 4946 670 5019 inquit,
705 4944 1006 5001 masculus
1037 4960 1223 5016 agnus
1253 4941 1382 4998 erit.

43 5031 143 5090 Hoc
163 5037 302 5094 mihi
328 5038 587 5093 libatum
619 5038 946 5090 reverenter
974 5037 1031 5088 et
1062 5032 1299 5104 ignibus
1330 5045 1551 5098 assum,

103 5123 207 5181 Hoc
236 5126 389 5183 celer
419 5125 484 5180 in
520 5123 667 5179 facto
698 5123 869 5179 dente
890 5121 1066 5194 pedes
1090 5119 1277 5175 avido.

44 5209 140 5267 Nec
166 5215 492 5271 discinctus
524 5212 638 5268 eris
668 5228 799 5268 mea
828 5227 962 5267 eum
1011 5210 1381 5266 sacramenta
1420 5203 1667 5270 vorabis,

99 5301 202 5359 Nec
230 5305 374 5378 pede
402 5302 652 5367 nudato,
685 5317 789 5357 nec
818 5299 932 5355 nisi
961 5315 1097 5354 cum
1127 5296 1357 5353 baculo.

47 5385 219 5446 Restat
245 5392 319 5448 ab
350 5392 449 5447 his
512 5389 725 5445 sacris?
752 5405 824 5444 ne
872 5404 1008 5460 pars
1058 5385 1145 5442 vel
1178 5401 1353 5458 parva
1401 5381 1666 5448 cavebis;

104 5477 155 5534 Si
183 5484 401 5549 tamen,
435 5480 551 5535 hoc
582 5476 784 5548 aliqua
802 5476 1064 5549 contigit,
1097 5475 1231 5547 igne
1262 5488 1478 5539 crema,

46 5563 141 5623 Nec
167 5570 330 5641 quasi
361 5583 767 5634 communem,
798 5570 1015 5621 temere
1038 5565 1257 5634 jactate
1287 5577 1552 5617 cruorem
1581 5577 1594 5625 ;

103 5654 326 5715 Constat
356 5660 418 5714 in
447 5658 562 5712 hoc
594 5654 829 5727 penitus
857 5653 1143 5728 sanguine
1174 5655 1364 5707 vestra
1397 5650 1577 5706 salus.

43 5739 142 5800 Hac
172 5762 405 5821 sparsos
436 5741 606 5802 sanie
638 5745 833 5815 postes
863 5758 928 5800 ac
957 5742 1135 5799 limen
1163 5743 1499 5813 utrumque,

949 460 1269 522 CARMEN
1321 460 1417 523 DE
1461 462 1901 525 CONFLICTU
1946 464 2125 525 OVIS
2169 465 2268 525 ET
2318 465 2494 526 LINI.

3308 464 3425 525 454

1691 596 1746 660 Α
1855 599 2070 650 Caztera
2100 612 2225 667 qua:
2260 597 2424 650 feriet
2453 597 2690 650 dextera
2720 593 3024 667 prmteriot.

1781 693 1949 747 Festa
1977 686 2101 742 dies
2131 684 2299 740 illum
2333 685 2560 756 quoties
2592 684 2735 740 redit
2764 700 2964 738 annua
2995 683 3231 749 festum,

1852 777 1999 833 Huic
2025 776 2231 830 referet
2261 773 2475 846 populo
2508 774 2721 827 ﬁndere
2754 777 3052 843 perpetuo.

1781 869 1840 925 Si
1873 869 2101 923 sacrata
2121 863 2226 935 pias
2259 867 2529 934 penetras
2553 862 2829 933 mysteria
2862 877 3071 927 causae,

1849 957 1974 1011 Non
1998 954 2124 1009 sine
2155 955 2507 1019 compuncto
2539 950 2790 1021 percipis
2817 949 2936 1003 haec
2969 948 3187 1004 animo.

1780 1043 1979 1099 Exsilii
2014 1042 2167 1106 ﬁnis,
2202 1043 2407 1111 optatae
2439 1056 2617 1093 causa
2648 1038 2880 1110 quietis,

1848 1136 2054 1203 Agnus
2086 1129 2385 1201 promissa:
2418 1127 2632 1199 pignus
2661 1131 2786 1181 erat
2815 1125 3035 1197 patriae.

1778 1219 1939 1282 Quod
1973 1233 2133 1272 mare
2164 1215 2405 1282 salveto,
2441 1214 2677 1286 populo,
2709 1214 3008 1269 Pharaone
3040 1217 3264 1281 necato,

1850 1306 2128 1377 Obsequii
2159 1304 2463 1376 geminum
2488 1303 2758 1374 praestitit
2788 1302 3044 1358 ofﬁcium
3072 1321 3094 1367 ;

1778 1396 2058 1470 Quodque
2092 1394 2183 1449 die
2206 1395 2442 1459 nubem,
2472 1391 2686 1446 meruit
2716 1393 2867 1462 quod
2900 1391 3172 1446 noctibus
3235 1390 3430 1463 ignem

1848 1486 1916 1540 Et
1953 1500 2167 1556 panem
2201 1480 2325 1537 coeli
2355 1480 2828 1552 colloquiumque
2859 1479 2997 1547 Dei;

1776 1575 1977 1646 Agnus
2009 1588 2189 1628 causa
2221 1569 2330 1625 fuit
2355 1588 2367 1637 ;
2394 1570 2462 1624 de
2496 1586 2611 1640 quo
2643 1586 2774 1623 eum
2805 1568 3057 1639 denique
3088 1566 3238 1623 desit

1854 1662 2098 1716 Auditor
2128 1660 2364 1732 dignus,
2398 1656 2570 1730 plura
2602 1657 2761 1729 loqui
2789 1657 3070 1729 fugimus.

1780 1751 1928 1817 Quid
1961 1750 2036 1805 sit
2054 1748 2175 1804 ovis
2200 1752 2476 1818 reputans
2507 1750 2562 1801 et
2579 1763 2742 1800 ovem
2763 1749 3092 1801 reverenter
3113 1745 3429 1810 honorans,

1850 1839 2053 1896 Judice
2086 1855 2198 1917 me,
2232 1835 2479 1892 stultum
2512 1835 2733 1906 corrige
2766 1833 3153 1905 propositum.

2496 1939 2698 1978 LINUM.

1776 2018 1842 2073 In
1873 2033 2051 2072 causa
2086 2013 2262 2086 recipi
2295 2030 2396 2085 pro
2417 2012 2616 2082 judice
2648 2028 2761 2066 non
2795 2009 2941 2065 solet
2972 2009 3178 2074 hostis,

1846 2108 1959 2162 Nec
1992 2105 2065 2160 lis
2092 2105 2204 2159 ista
2228 2108 2329 2158 tuo
2362 2104 2590 2157 constat
2622 2100 2677 2153 in
2712 2099 2974 2154 arbitrio.

1775 2196 1950 2251 Justa
1978 2193 2213 2266 quidem
2245 2189 2421 2246 veteri
2452 2206 2565 2244 non
2598 2190 2759 2244 deest
2791 2186 3110 2242 reverentia
3140 2184 3277 2257 legi,

1846 2284 1961 2338 Nec
1992 2282 2175 2354 pietas
2206 2280 2322 2335 illis
2343 2284 2466 2334 erat
2492 2278 2548 2332 in
2582 2276 2831 2349 eloquiis
2862 2294 2874 2344 ;

1776 2372 1889 2428 Sed
1923 2376 2115 2426 tamen
2152 2370 2362 2425 umbra
2412 2368 2551 2422 fuit:
2606 2371 2811 2438 praeter
2860 2363 3106 2418 moralia
3147 2361 3433 2434 quidquid

1854 2459 2149 2531 Lexjubet
2181 2456 2280 2512 illa
2310 2461 2474 2512 vetus
2505 2472 2633 2510 esse
2666 2456 2818 2509 scias
2841 2452 3022 2508 aliud.

1779 2549 2020 2622 chales
2053 2547 2293 2603 umbras
2324 2545 2758 2600 contemnimus
2790 2547 2963 2613 atque
2995 2542 3233 2614 ﬁguras,

1848 2639 1933 2693 Ad
1968 2636 2160 2693 lucem
2191 2639 2404 2691 saneta:
2433 2633 2719 2689 vertimur
2739 2630 3030 2686 Ecclesia.

1781 2728 1862 2784 De
1890 2726 2060 2781 nobis
2089 2726 2217 2796 ejus
2245 2722 2578 2780 communis
2601 2721 2830 2791 judicet
2863 2736 3025 2782 usus,

1852 2827 2033 2890 Quem
2059 2823 2191 2878 ﬁdei
2223 2820 2475 2877 celebres
2500 2820 2801 2875 instituere
2832 2817 3031 2871 duces.

1780 2914 1943 2978 Quod
1974 2913 2161 2968 linum
2195 2928 2393 2966 sacras
2423 2908 2749 2965 circumdat
2777 2906 3038 2961 vestibus
3069 2921 3222 2970 aras,

1854 3003 1969 3060 Nec
1996 3000 2368 3073 magnifacio,
2402 3015 2507 3054 nec
2539 2996 2686 3053 nihil
2721 3012 2848 3051 esse
2876 3000 3035 3067 puto.

1782 3090 2046 3163 Denique
2078 3089 2310 3163 purgati
2341 3104 2477 3161 pars
2501 3085 2902 3157 abjectissima
2930 3083 3056 3151 lini,

1856 3182 1944 3235 Ad
1978 3180 2106 3235 loca
2135 3196 2301 3234 sacra
2334 3177 2444 3250 piis
2476 3177 2725 3233 excubat
2755 3174 2985 3230 ofﬁciis.

1784 3269 2021 3325 Partitis
2050 3268 2294 3335 vicibus,
2327 3267 2483 3338 quod
2516 3265 2601 3321 sol
2631 3263 2993 3336 splendendo
3026 3261 3258 3325 diebus,

1702 3334 1745 3401 C
1856 3359 1917 3414 Id
1952 3357 2178 3430 peragit
2208 3334 2396 3411 unus
2422 3334 2693 3409 noctibus
2725 3352 3001 3407 ofﬁcium.

1781 3450 1896 3503 Iste
1925 3463 2102 3501 manu
2136 3444 2305 3501 factis
2337 3442 2616 3516 splendor
2641 3441 2789 3496 dans
2819 3438 3049 3494 lumina
3080 3435 3351 3509 templis;

1847 3537 1931 3591 Tu
1964 3534 2115 3590 nosti
2138 3532 2349 3588 melius
2382 3531 2522 3602 quid
2556 3533 2719 3602 gerat
2747 3528 3016 3583 interius.

1777 3626 1923 3682 Cum
1957 3640 2124 3681 sacra
2154 3622 2415 3677 facturus
2447 3636 2614 3675 sacra
2646 3617 2829 3674 sumit
2873 3616 3135 3689 tegmina
3183 3611 3418 3687 praesul,

1847 3715 1987 3779 Quis
2019 3713 2182 3768 locus
2213 3714 2302 3765 est
2324 3708 2475 3765 lanis
2505 3710 2635 3781 ejus
2665 3708 2726 3761 in
2756 3705 3023 3763 exuviis?

1775 3804 1978 3860 Vestes
2009 3806 2282 3875 praetereo
2314 3815 2461 3869 quas
2492 3798 2758 3853 nominat
2788 3812 2933 3850 usus
2965 3794 3037 3850 ab
3069 3792 3200 3848 albo

1847 3894 1917 3948 Et
1948 3909 2072 3964 quae
2095 3893 2353 3946 sacratos
2386 3888 2494 3942 rito
2517 3890 2721 3957 tegunt
2750 3884 3068 3947 humeros;

1776 3984 1917 4054 Ejus
1949 3985 2197 4051 utraque
2225 3995 2401 4033 manu
2436 3972 2740 4031 sollemnis
2770 3977 3032 4043 tempore
3063 3967 3258 4024 cultus

1848 4068 1929 4123 De
1959 4066 2079 4122 lino
2108 4065 2279 4120 factis
2309 4063 2525 4119 albicat
2555 4060 2798 4116 exuviis.

1778 4157 1953 4213 Sacro
1986 4156 2097 4211 fert
2126 4154 2302 4210 etiam
2336 4150 2616 4223 crispanti
2645 4147 2854 4203 vertice
2882 4146 3115 4200 mitram

1849 4246 1930 4301 Ne
1959 4244 2079 4300 lino
2108 4242 2198 4306 vel
2228 4243 2288 4297 in
2320 4242 2428 4299 hac
2459 4243 2621 4313 parte
2653 4237 2744 4292 sui
2775 4239 2989 4300 careat,

1778 4335 1858 4391 De
1888 4334 2007 4390 lino
2037 4334 2273 4399 factam,
2308 4348 2537 4386 mersus
2565 4326 2939 4399 baptismate,
2972 4322 3211 4378 mitram

1852 4424 2068 4496 Pignus
2098 4422 2273 4477 homo
2303 4420 2433 4474 vitae
2465 4417 2711 4488 suscipit
2742 4416 2799 4469 in
2831 4413 3052 4484 capite;

1777 4511 2022 4583 Supplet
2069 4508 2429 4581 baptismum
2481 4509 2884 4578 praeceptaque
2928 4515 3175 4555 munera
3211 4497 3425 4564 linum,

1852 4599 2278 4669 lntroitumque
2309 4613 2533 4652 sacram
2565 4594 2764 4665 pandit
2789 4593 2847 4647 in
2866 4588 3206 4645 Ecclesiam.

1700 4706 1745 4769 Ι)
1779 4689 1961 4745 Omen
1989 4688 2097 4743 erit
2128 4687 2281 4753 felix,
2316 4685 2544 4756 quoties
2579 4683 2637 4737 in
2668 4682 2930 4737 vestibus
2957 4677 3108 4733 albis

1851 4775 2091 4833 Somnia
2119 4773 2363 4829 dilectas
2395 4770 2735 4826 obtulerunt
2765 4770 3015 4825 animas.

1778 4867 1926 4933 Quid
1957 4865 2069 4920 nisi
2102 4880 2398 4925 mmrores,
2427 4878 2620 4925 curas,
2653 4858 2951 4930 aliquosve
2976 4855 3229 4919 labores,

1851 4955 2013 5020 Quod
2045 4953 2189 5008 mihi
2222 4950 2514 5023 signiﬁcet
2539 4948 2708 5003 lanea
2738 4946 2915 5001 vestis
2945 4944 3140 5000 habet.

1780 5043 2058 5101 leicola:
2089 5041 2260 5097 torris
2294 5056 2493 5111 parere
2524 5038 2800 5109 leguntur
2829 5035 2886 5089 in
2920 5032 3091 5101 albis,

1851 5133 1908 5187 Si
1937 5132 2163 5204 quoties
2191 5129 2431 5183 veniunt
2462 5125 2670 5181 nuntia
2700 5123 2829 5178 laeta
2861 5123 3074 5177 ferunt.

1781 5221 1931 5276 Disit
1961 5222 2017 5276 in
2050 5220 2158 5275 hoc
2188 5219 2363 5273 etiam
2399 5224 2497 5270 tua
2525 5232 2595 5269 ne
2625 5213 2731 5268 tibi
2755 5211 2958 5283 gloria,
2992 5209 3235 5281 quidam

1854 5309 2114 5384 Angelus
2143 5313 2232 5363 est
2262 5305 2445 5377 nigris
2479 5319 2710 5374 semper
2741 5301 2800 5355 in
2832 5298 3074 5354 exuviis.

1782 5383 2063 5465 Plurima,
2098 5394 2360 5467 continui
2397 5391 2677 5449 revolutis
2708 5388 3013 5445 mensibus
3044 5383 3202 5449 anni,

1851 5490 1897 5543 A
1928 5486 2161 5543 Christo
2195 5484 2408 5548 dictus,
2444 5482 2591 5535 festa
2620 5478 2758 5534 colit
2787 5474 3073 5548 populus;

1778 5578 1889 5631 Sed
1922 5580 2059 5630 tunc
2094 5573 2385 5646 prmcipua
2419 5570 2596 5623 fervet
2629 5566 2851 5621 devotio
2884 5577 3022 5617 cura

1780 5664 1926 5719 Cum
1961 5663 2038 5718 sit
2070 5663 2370 5734 praecipua:
2404 5656 2618 5711 mentio
2651 5653 2898 5717 laetitia);

1781 5751 1951 5810 Tunc
1982 5732 2253 5825 penitus,
2272 5745 2506 5821 penitus
2532 5747 2746 5799 aeterna
2775 5738 2900 5810 lege
2929 5732 3176 5798 cavetur,
