3880 6388
385 431 506 495 455
789 425 1204 487 HERMANNI
1251 425 1688 487 CONTRACTI
1739 424 1918 486 AUG.
1969 423 2154 483 MON.
2201 421 2520 482 CARMEN
2567 422 2668 483 DE
2712 420 3166 492 CONFLICTU,
3212 415 3384 481 ETC.
3702 413 3820 474 456

463 563 543 617 Ne
587 563 830 614 temeret
881 575 1076 613 sacros
1108 559 1280 612 vestis
1311 558 1478 611 ovina
1507 558 1731 618 choros,

387 656 548 706 Tunc
579 665 836 720 quoque,
869 647 1062 702 divino
1095 647 1375 701 candente
1417 662 1516 716 per
1543 645 1738 700 omnia
1771 644 1909 706 lino,

465 738 720 810 Longius
747 754 782 792 a
811 737 1028 790 sanctis
1053 734 1220 806 pulsa
1255 733 1466 788 recedit
1487 734 1612 787 ovis

389 827 549 883 Tunc
575 826 770 891 etiam,
804 825 875 879 de
905 828 1042 895 quot
1065 823 1142 878 ibi
1177 823 1433 894 plaudis,
1458 821 1698 892 laniger,
1726 821 1886 888 ordo,

464 915 710 986 Laniger
731 913 870 968 ordo
904 917 1042 967 tuus
1071 911 1163 966 cui
1197 911 1385 982 placet
1417 911 1510 965 hic
1541 910 1796 964 habitus.

391 1005 652 1075 Desuper
681 1002 884 1056 induto
916 1000 1062 1056 solet
1094 1000 1248 1054 hunc
1281 997 1636 1054 abscondere
1661 997 1816 1066 lino;

462 1093 662 1146 Vestes
691 1090 978 1144 infaustas
1009 1087 1437 1142 dissimulando
1471 1092 1660 1158 negat.

390 1180 640 1246 Quilibet
675 1181 944 1233 incautus
976 1178 1163 1233 sancti
1198 1177 1490 1232 consortia
1523 1182 1704 1231 coetus

461 1270 517 1325 Si
551 1266 849 1342 praesumit
877 1267 997 1321 ovis
1030 1265 1304 1321 horridus
1327 1265 1571 1331 exuviis,

391 1357 664 1414 Protinus
693 1356 852 1411 hunc
900 1355 1094 1408 animo
1135 1353 1295 1408 velut
1343 1353 1536 1407 omine
1587 1351 1786 1407 saucia
1828 1356 2032 1407 moesto

463 1445 674 1502 Concio
707 1461 874 1499 sacra
910 1444 1068 1514 fugat
1099 1459 1132 1496 a
1158 1441 1404 1497 statione
1428 1459 1552 1496 sua.

394 1533 701 1605 Angelicas
726 1537 914 1587 vestes
948 1531 1092 1586 festo
1111 1531 1358 1585 candore
1393 1531 1642 1584 nitentes

467 1625 638 1676 Veste
668 1620 960 1692 profanari
994 1637 1106 1674 non
1140 1619 1441 1690 patiuntur
1471 1619 1612 1684 ovis,

395 1711 520 1765 Non
545 1709 716 1780 jocus
747 1709 866 1763 haec
894 1707 1128 1780 aliquis,
1165 1725 1276 1763 non
1309 1707 1396 1762 lex
1420 1707 1584 1777 jubet
1616 1707 1727 1762 ista
1748 1705 2027 1774 forensis;

466 1797 576 1852 Sed
607 1797 756 1852 ritus
786 1801 986 1851 sancta
1011 1795 1204 1850 sanxit
1236 1795 1293 1850 in
1326 1794 1582 1850 Ecclesia

395 1889 528 1952 Quae
559 1885 838 1957 quidnam
875 1885 1020 1939 facto
1054 1889 1286 1939 moneat
1315 1883 1400 1939 vel
1434 1883 1647 1940 clamet
1695 1885 1752 1938 in
1791 1885 1922 1954 isto,

465 1979 583 2029 Hac
613 1974 784 2029 etiam
819 1973 994 2028 medii
1017 1989 1180 2028 mens
1199 1973 1350 2045 capit
1367 1973 1606 2046 ingenii.

394 2063 476 2118 Ad
512 2064 661 2118 bona
688 2061 849 2117 nulla
881 2061 1052 2118 malis
1083 2061 1246 2118 locus
1276 2067 1384 2127 est,
1417 2062 1488 2117 ad
1517 2068 1720 2117 sancta
1750 2061 2032 2134 profanis,

467 2151 756 2206 Tristibus
792 2156 849 2206 et
869 2151 1016 2206 lanis
1047 2167 1137 2206 res
1169 2150 1345 2206 simul
1378 2167 1506 2206 esse
1530 2151 1747 2222 nequit.

397 2242 529 2296 Jam
561 2239 672 2295 nisi
705 2257 808 2313 pro
840 2240 1006 2295 venia
1037 2238 1151 2295 noli
1188 2239 1330 2295 mihi
1358 2240 1598 2295 fundere
1629 2239 1820 2306 verba,

469 2329 540 2384 Ut
570 2329 813 2402 supplex
845 2329 999 2400 parci
1032 2345 1396 2400 promereare
1437 2329 1572 2396 tibi;

402 2419 481 2473 Ne
513 2419 684 2472 modo
713 2422 766 2472 te
795 2417 944 2472 vinci
979 2418 1195 2489 pudeat
1223 2418 1332 2472 sub
1354 2417 1548 2488 judice
1582 2416 1704 2482 tali,

469 2507 697 2561 Judicio
720 2511 932 2560 sanctae
965 2506 1254 2560 vincimus
1285 2505 1572 2561 Ecclesiae.
1596 2538 1661 2544 -—

399 2595 502 2651 Hic
529 2595 673 2657 ovis.
706 2595 1021 2666 opprobrio
1054 2593 1181 2648 lardi
1217 2599 1446 2658 testata,
1480 2594 1702 2648 silendo

470 2683 734 2750 Erubuit,
766 2684 1001 2738 tandem
1034 2683 1294 2738 subdidit
1327 2683 1434 2737 ista
1461 2689 1674 2737 tamen.

1153 2789 1294 2826 OVIS.

402 2862 516 2918 Nec
548 2879 651 2918 nos
684 2861 1028 2934 diffugimus
1061 2861 1168 2915 hoc
1189 2861 1273 2914 uti
1298 2861 1515 2931 judice,
1549 2862 1719 2932 cujus

478 2953 579 3004 Est
601 2966 787 3020 agnus
820 2967 1071 3021 sponsus
1102 2954 1158 3004 et
1190 2954 1351 3020 pater
1379 2954 1434 3003 et
1463 2949 1758 3004 dominus.

405 3035 550 3090 Cum
582 3053 747 3092 sacra
777 3037 1032 3091 facturus
1066 3053 1232 3091 sacra
1280 3036 1462 3091 sumit
1509 3037 1768 3109 tegmina
1810 3037 2043 3110 praesul,

477 3123 716 3196 Dignior
745 3129 930 3179 exstat
961 3123 1082 3180 ovis
1113 3125 1240 3194 ejus
1273 3125 1332 3179 in
1363 3125 1602 3180 exuviis.

407 3211 692 3268 Ecclesiae
725 3218 958 3268 sanctas
991 3230 1138 3284 quas
1168 3217 1382 3268 matres
1414 3215 1676 3270 nominat
1702 3233 1843 3271 usus

477 3301 575 3356 Vel
602 3301 728 3356 vitae
753 3303 977 3368 merito,
1014 3301 1096 3357 vel
1135 3303 1264 3358 ﬁdei
1290 3303 1472 3368 senio,

407 3389 642 3444 Munere
673 3390 915 3460 majoris
945 3389 1074 3445 illas
1107 3389 1325 3444 extollit
1357 3391 1594 3448 honoris

474 3477 652 3534 Pallia
684 3479 867 3534 Roma
886 3496 1063 3534 suum
1097 3479 1242 3534 dans
1275 3497 1376 3550 per
1405 3482 1826 3552 apostolicum;

399 3565 642 3622 Plenum
676 3567 920 3623 sacratis
951 3571 1110 3640 patet
1141 3567 1248 3622 hoc
1281 3568 1507 3640 insigne
1537 3571 1761 3626 decoris

469 3659 660 3726 Atque
690 3671 865 3726 super
892 3655 1146 3726 reliquas
1177 3656 1395 3711 eminet
1417 3659 1649 3713 exuvias
1675 3677 1688 3725 ;

399 3741 661 3814 Simplex
692 3760 726 3798 a
751 3743 971 3810 dextra,
1005 3743 1214 3814 duplex
1245 3762 1279 3798 a
1309 3751 1472 3815 parte
1503 3746 1760 3814 sinistra,

474 3831 737 3888 Pendens
768 3847 836 3886 ex
865 3831 1148 3901 humeris,
1183 3834 1428 3904 mystica
1456 3835 1608 3892 dona
1637 3838 1802 3906 gerit.

397 3920 675 3988 Plurima,
708 3921 969 3976 continui
996 3921 1273 3978 revolutis
1302 3924 1604 3980 mensibus
1637 3926 1794 3994 anni,

468 4015 513 4063 A
543 4011 774 4066 Christo
797 4011 990 4068 dictus
1024 4012 1172 4067 festa
1202 4013 1340 4068 colit
1375 4014 1664 4086 populus;

399 4098 510 4154 Sed
539 4103 678 4154 tunc
709 4100 1012 4172 praecipua
1043 4101 1222 4156 fervet
1251 4103 1476 4160 devotio
1507 4121 1647 4160 cura

480 4187 624 4242 Cum
657 4189 732 4244 sit
754 4189 1054 4261 praecipuae
1088 4190 1551 4248 mentiolzetitize.

403 4275 658 4332 Sedulus
688 4277 894 4332 ofﬁciis
925 4279 1142 4334 devotae
1177 4280 1392 4350 gaudia
1422 4281 1636 4338 mentis
1709 4291 1716 4299 '

475 4368 634 4421 Tunc
667 4366 849 4438 aperit
882 4363 1183 4438 proprium
1216 4369 1466 4441 quisque
1511 4388 1613 4442 per
1659 4373 2044 4446 obsequium:

403 4452 494 4508 Nil
529 4455 671 4509 adeo
701 4455 851 4510 sacri
883 4460 1132 4510 testatur
1159 4457 1373 4528 gaudia
1398 4459 1527 4513 festi

473 4543 656 4608 Quam
689 4560 854 4600 sacra
885 4545 1108 4600 festivis
1143 4545 1300 4601 clara
1329 4547 1538 4604 domus
1571 4549 1793 4606 titulis:

404 4632 566 4686 Tunc
600 4632 856 4704 pretiosa
888 4632 1012 4688 suis
1046 4639 1316 4706 surgunt,
1351 4635 1536 4692 aulam
1567 4639 1767 4710 ﬁguris

475 4722 554 4776 Ac
582 4721 640 4776 in
675 4738 736 4775 se
767 4721 950 4792 raptis
981 4739 1081 4777 ora
1111 4727 1310 4778 tenent
1334 4725 1548 4780 animis
1581 4744 1593 4793 ;

409 4809 572 4863 Tunc
598 4826 843 4880 operosa
876 4811 1000 4866 suis
1025 4811 1280 4882 Hispana
1300 4814 1514 4884 tapetia
1545 4815 1699 4872 villis

486 4896 631 4952 Hinc
652 4899 883 4963 rubeas,
915 4898 1125 4954 virides
1155 4901 1289 4956 inde
1311 4901 1502 4957 ferunt
1528 4905 1786 4976 Spf'CleS;

413 4987 572 5038 Tunc
602 4986 772 5042 statio
805 4986 974 5054 sacri,
1009 4991 1148 5042 tunc
1182 4990 1308 5062 ipsa
1328 4992 1532 5047 sedilia
1558 4993 1694 5049 cleri

485 5071 827 5128 Demulcent
857 5075 1054 5130 oculos
1087 5094 1324 5134 munere
1349 5086 1494 5136 tecta
1527 5100 1690 5151 meo;

414 5161 495 5216 Ex
525 5160 646 5216 solo
667 5162 874 5218 doctus
906 5165 1088 5220 nostri
1119 5169 1424 5240 splendore
1459 5178 1696 5242 paratus

487 5248 772 5322 Percipiet
801 5251 1080 5310 celebrem
1116 5257 1360 5328 quilibet
1389 5275 1516 5313 esse
1547 5259 1724 5314 diem.

416 5337 689 5394 Ecclesiis
720 5347 936 5412 septem
971 5349 1156 5399 totum
1187 5344 1482 5416 vulganda
1507 5362 1608 5415 per
1634 5348 1831 5404 orbem

489 5428 707 5484 Scribit
736 5429 982 5487 dilectus
1014 5433 1278 5506 mystica,
1303 5432 1549 5497 Christe,
1578 5436 1734 5489 tuus.

418 5520 550 5572 Haec
582 5517 776 5572 divina
801 5518 912 5590 piis
942 5521 1176 5575 oracula
1206 5520 1375 5591 plena
1405 5519 1608 5592 ﬁguris

493 5606 618 5670 Qua
641 5605 812 5662 debet
839 5622 978 5662 cura
1007 5608 1256 5680 suscipit
1287 5607 1543 5664 Ecclesia
1566 5627 1578 5676 ;

422 5691 537 5754 Sed
568 5691 714 5752 nihil
744 5697 830 5753 est
858 5694 1014 5768 quod
1045 5696 1128 5755 sic
1158 5696 1342 5776 pietas
1375 5697 1746 5774 amplectitur
1773 5700 1909 5760 illuc

2060 558 2106 620 Α
2213 558 2391 618 Quam
2419 555 2619 608 laudes
2649 555 2779 626 agni
2815 571 2940 626 qua:
2963 553 3334 609 celebrantur
3365 549 3470 604 ibi.

2142 643 2319 704 Quem
2351 643 2464 696 vidi
2499 644 2751 714 positum
2789 643 3062 714 mysteria
3095 641 3346 696 maxime
3386 637 3622 693 librum

2217 731 2539 803 implebant
2570 731 2752 798 intus,
2786 731 2996 802 inquit,
3019 735 3074 785 et
3103 731 3392 793 exterius;

2142 821 2320 875 Nem)
2355 826 2549 875 tamen
2573 819 2753 875 clausi
2787 819 3088 891 signacula
3117 819 3340 875 solvere
3369 815 3510 873 libri

2213 913 2278 962 Et
2307 925 2432 980 qua:
2463 909 2638 963 verba
2672 909 2814 963 ferat
2845 925 2956 980 pan
2970 909 3106 962 dere
3133 907 3352 978 dignus
3383 909 3534 962 erat.

2141 997 2366 1052 Notitize
2397 999 2599 1052 mundi
2635 998 2910 1066 mysteria
2943 1001 3102 1051 tanta
3131 995 3334 1068 negari

2212 1088 2351 1140 Cum
2386 1087 2581 1142 ﬁerem
2609 1104 2620 1140 :
2656 1085 2806 1154 Noli,
2835 1102 2942 1140 vox
2973 1085 3052 1141 ait
3084 1103 3201 1140 una
3233 1084 3376 1139 mihi
3405 1101 3419 1150 ;

2143 1175 2384 1229 Munera
2413 1193 2538 1246 quae
2572 1174 2760 1229 meriti
2794 1180 2966 1246 negat
2997 1173 3354 1244 imperfectio
3389 1170 3560 1230 carni

2213 1263 2310 1318 Ille
2341 1264 2536 1318 subire
2570 1267 2759 1334 potest
2787 1263 2880 1318 cui
2913 1263 3084 1317 dolus
3115 1262 3310 1318 omnis
3341 1261 3536 1317 abest.

2141 1351 2283 1406 Hinc
2317 1351 2471 1406 velut
2493 1351 2666 1406 occisi
2699 1351 2919 1422 species
2949 1350 3221 1422 apparuit
3251 1350 3388 1424 agni

2210 1440 2552 1496 Luminibus
2582 1445 2823 1512 septem,
2857 1441 3134 1494 cornibus
3156 1444 3214 1494 et
3233 1438 3483 1496 totidem
3512 1455 3527 1506 ;

2139 1532 2209 1583 At
2242 1529 2483 1598 pulcher
2503 1545 2766 1592 numero,
2807 1528 3028 1583 meritis
3061 1526 3505 1600 pulcherrimus
3529 1525 3689 1582 ordo

2211 1617 2443 1671 Patrum
2476 1617 2678 1689 viginti
2713 1622 2989 1689 quattuor
3020 1621 3175 1672 astat
3202 1616 3251 1672 ei
3279 1635 3294 1684 ;

2137 1707 2301 1762 Hunc
2319 1723 2550 1779 quoque
2567 1723 2691 1778 qua:
2711 1704 3296 1762 celebrantanimalia
3309 1707 3606 1778 quattuor
3619 1707 3819 1761 astant

2207 1795 2526 1850 Sedulitate
2569 1795 2814 1866 pia,vir,
2848 1793 2958 1861 leo,
2993 1795 3120 1862 bos,
3153 1793 3372 1866 aquila.

2137 1885 2418 1948 Onaerenti
2451 1883 2667 1938 librum
2697 1884 2840 1938 coelo
2871 1888 3154 1956 terraeque
3181 1888 3469 1957 negatum

2214 1973 2472 2028 Porrexit
2505 1974 2700 2045 magni
2729 1973 2931 2030 dextra
2957 1973 3214 2029 sedentis
3245 1973 3320 2030 ei.

2145 2063 2367 2116 Aﬁ‘ectu
2401 2061 2596 2129 tacito,
2628 2060 2721 2132 pia
2752 2061 2967 2132 gaudia
2996 2078 3235 2118 munere
3264 2065 3432 2119 tanto

2217 2149 2314 2205 Ille
2333 2151 2430 2205 Dei
2466 2149 2716 2221 populus
2749 2167 2862 2206 non
2895 2154 3052 2206 tenet
3082 2149 3350 2207 ulterius.

2143 2241 2398 2310 Corpora
2429 2243 2840 2310 prosternunt;
2872 2240 2930 2294 in
2963 2238 3168 2296 laudes
3199 2257 3302 2296 ora
3333 2239 3689 2308 resolvunt;

2219 2329 2263 2381 lt
2286 2345 2464 2381 sonus
2495 2345 2528 2381 a
2554 2327 2806 2399 cytharis
2839 2344 2902 2382 ac
2936 2327 3076 2383 odor
3106 2327 3383 2400 aphialis.

2147 2419 2263 2480 Est,
2293 2415 2475 2480 aiunt,
2500 2433 2687 2487 agnus
2707 2415 2811 2470 hoc
2845 2416 3004 2488 lungi
3040 2433 3282 2473 munere
3312 2417 3585 2490 dignus;

2219 2505 2331 2558 Nos
2365 2505 2661 2559 moriendo
2697 2504 2786 2557 Dei
2823 2505 3072 2559 reddidit
3103 2523 3292 2578 agnus
3317 2506 3393 2561 ei.

2146 2597 2189 2648 Ο
2221 2610 2348 2647 vere
2385 2611 2659 2664 magnum
2697 2593 2820 2658 tibi,
2855 2597 2984 2646 trux
3014 2593 3125 2661 leo,
3149 2600 3317 2666 rapta
3343 2611 3448 2668 per
3474 2610 3706 2666 agnum

2218 2681 2403 2745 Natio,
2438 2681 2658 2752 lingua,
2693 2682 2902 2747 tribus,
2938 2699 3042 2737 nec
3075 2699 3240 2738 sacer
3267 2688 3360 2738 est
3391 2682 3679 2757 populus.

2149 2771 2400 2825 Vocibus
2431 2775 2487 2825 et
2517 2771 2708 2842 dignis
2735 2765 2987 2826 istorum.
3015 2777 3299 2828 consonat
3327 2772 3528 2828 omnis

2227 2860 2386 2914 lllius
2418 2859 2652 2914 excelsa:
2683 2860 2845 2914 curia
2875 2860 3096 2915 militiae
3125 2879 3137 2928 ;

2151 2949 2257 3012 Qui
2293 2947 2435 3003 nulli
2470 2966 2709 3004 numero
2741 2947 2990 3004 cmlestis
3023 2949 3285 3020 subjacet
3315 2950 3484 3018 ordo,

2228 3038 2449 3092 Laudes
2473 3043 2664 3093 mente
2696 3038 2818 3110 pari
2850 3039 3126 3104 concinit,
3154 3041 3336 3111 Agne,
3369 3037 3502 3095 tibi.

2152 3126 2335 3182 Voces
2368 3126 2758 3198 multiplicant
2787 3127 3000 3198 quibus
3049 3127 3202 3183 atria
3245 3145 3489 3186 summa
3517 3125 3816 3184 resultant

2234 3219 2302 3280 Et
2333 3218 2496 3273 labor
2522 3216 2613 3270 hic
2648 3215 2777 3271 felix
2807 3216 2981 3272 taadia
3013 3215 3174 3272 nulla
3203 3215 3379 3288 capit.

2071 3289 2112 3355 (ἶ
2153 3311 2368 3374 Gloria,
2405 3306 2700 3375 majestas,
2736 3305 2922 3359 honor
2952 3309 3010 3360 et
3041 3305 3240 3362 divina
3265 3309 3532 3377 potestas

2223 3399 2514 3454 Debentur
2543 3393 2786 3458 meritis,
2817 3395 2976 3464 Agne
3006 3399 3326 3466 perempte,
3360 3394 3504 3452 tuis.

2152 3495 2332 3559 Agne,
2359 3485 2459 3541 tibi
2493 3483 2684 3548 tellus,
2723 3482 2822 3538 tibi
2858 3483 3094 3538 subdita
3124 3482 3303 3539 servit
3330 3483 3634 3555 abyssus;

2224 3579 2310 3632 Tu
2343 3575 2516 3645 regis,
2552 3575 2731 3643 Agne,
2767 3570 2930 3643 polos
2960 3571 3324 3644 inferiusque
3352 3572 3534 3628 chaos
3561 3590 3576 3642 ;

2152 3671 2333 3738 Agne,
2365 3663 2447 3718 tui
2471 3661 2626 3733 juris
2659 3661 2778 3715 haec
2805 3660 2922 3715 sint
2947 3665 3006 3716 et
3025 3661 3314 3734 quidquid
3339 3661 3398 3716 in
3431 3659 3554 3716 illis
3581 3679 3596 3729 ;

2225 3754 2390 3810 Talia
2419 3751 2680 3824 gratuitae
2713 3749 2950 3821 praemia
2976 3750 3182 3806 mortis
3205 3750 3374 3806 habe.

2153 3843 2368 3915 Collige
2401 3841 2539 3914 quid
2563 3837 2765 3911 paucis
2794 3839 2938 3894 ferat
2967 3838 3082 3895 huc
3115 3839 3410 3896 sententia
3437 3839 3642 3894 verbis

2225 3933 2294 3986 Et
2323 3929 2408 3985 vel
2441 3946 2619 3993 nunc,
2653 3945 2802 3999 agno
2825 3928 3047 3998 judice,
3080 3929 3220 3984 cede
3244 3927 3398 4001 polo.

2155 4022 2210 4077 Si
2247 4023 2470 4092 partem
2505 4034 2698 4072 rerum
2733 4033 3008 4072 numeras
3041 4018 3100 4072 in
3132 4023 3340 4073 caetera
3368 4016 3588 4087 linum,

2225 4112 2386 4180 Agno
2411 4107 2543 4178 jure
2575 4105 2794 4172 subest,
2825 4105 2924 4178 qui
2957 4105 3093 4161 facit
3123 4121 3295 4161 omne
3325 4107 3485 4178 quod
3518 4112 3636 4164 est.

2152 4197 2451 4268 Ambigua:
2485 4193 2642 4250 vocis
2675 4212 2745 4250 ne
2776 4194 2908 4266 plus
2939 4211 3132 4250 errore
3163 4188 3442 4262 traharis,

2231 4285 2328 4340 llic
2358 4301 2542 4356 agnus
2575 4283 2728 4338 Deus
2759 4287 2878 4350 est;
2912 4282 3020 4340 hoc
3049 4287 3206 4339 tenet
3235 4282 3396 4340 alma
3428 4284 3601 4340 ﬁdes.

2155 4375 2213 4430 Si
2249 4373 2414 4444 cupis
2446 4373 2516 4434 ad
2548 4371 2797 4442 veniam,
2831 4373 2935 4427 tibi
2958 4372 3076 4427 dux
3097 4389 3192 4429 ero
3219 4394 3234 4442 -,
3257 4376 3323 4426 tu
3346 4373 3526 4429 modo
3548 4371 3819 4447 linguam

2227 4460 2659 4534 Magniloquam
2695 4478 2835 4516 sano
2867 4462 3089 4534 corrige
3119 4462 3386 4520 consilio.

2157 4551 2409 4606 Possunt
2438 4554 2647 4604 cuncta
2677 4549 2780 4603 tibi
2809 4549 3091 4622 suffragia
3119 4557 3322 4608 nostra
3339 4550 3562 4606 mereri
3588 4569 3604 4619 ;

2085 4657 2130 4721 D
2234 4641 2395 4709 Saepe
2416 4637 2599 4692 Deum
2626 4637 2856 4693 miseris
2887 4639 3218 4696 conciliavit
3248 4639 3393 4696 ovis.
3429 4670 3502 4678 —

2164 4729 2266 4783 Hic
2299 4726 2526 4798 stupuit
2558 4725 2814 4798 primum
2839 4727 3146 4800 tenuitque
3178 4727 3414 4785 silentia
3443 4725 3644 4784 linum
3675 4745 3690 4796 ;

2237 4815 2373 4870 Inde
2401 4813 2704 4870 recollecto
2729 4815 2997 4871 subdidit
3025 4815 3147 4874 haec
3179 4817 3400 4874 animo.

2873 4922 3076 4962 LINUM.

2157 5007 2324 5057 Certa
2354 5003 2497 5058 ﬁdes
2529 5002 2694 5057 nobis
2725 5004 3099 5060 commendat
3115 5005 3273 5061 dicta
3299 5004 3623 5072 Johannis,

2231 5092 2348 5146 Prae
2382 5091 2621 5162 reliquis
2651 5109 2782 5147 caro
2813 5093 3012 5148 debita
3043 5093 3332 5166 discipulo
3358 5113 3370 5162 ;

2161 5181 2384 5252 Desipit
2408 5181 2502 5235 ille
2532 5185 2722 5235 tamen
2757 5199 2942 5253 neque
2969 5183 3155 5254 tangit
3175 5189 3369 5239 mente
3395 5185 3541 5244 Joh:
3559 5205 3719 5257 nem,

2233 5270 2454 5323 Fcrtum
2488 5270 2532 5324 si
2559 5270 2692 5340 quis
2723 5269 2846 5324 ovis
2872 5271 3056 5326 credit
3085 5271 3278 5328 inesse
3312 5273 3490 5344 polis.

2163 5358 2498 5413 Ridiculum
2530 5375 2657 5413 vere
2689 5358 2737 5413 si
2769 5360 2956 5414 sancti
2987 5361 3164 5416 verba
3193 5362 3496 5434 prophetae

2237 5445 2472 5518 Ingenio
2505 5447 2566 5517 [ι.
2600 5451 2657 5501 et
2689 5447 2706 5517 )
2740 5447 2924 5503 teneri
2959 5449 3129 5504 corde
3157 5448 3318 5521 capis
3341 5453 3537 5523 pueri.

2164 5533 2418 5590 Alitibus
2451 5535 2719 5606 nunquid
2753 5536 3062 5609 pecorique
3089 5537 3346 5610 ferisque
3378 5541 3612 5612 paravit

2238 5622 2437 5696 Regna
2467 5640 2721 5697 superna
2748 5626 2902 5682 Deus
2933 5631 3406 5702 perpetuumque
3437 5631 3622 5689 decus
3655 5631 3687 5690 ?

2171 5711 2328 5770 Inter
2355 5712 2612 5772 viventes
2642 5713 2750 5773 soli
2779 5713 3002 5774 ratione
3031 5715 3318 5792 vigentes,
