3880 6364
114 388 225 451 457
582 388 647 447 S.
695 386 846 449 LEO
889 386 966 447 IX
1008 387 1236 449 PAPA.
1271 417 1348 432 —
1377 386 1705 447 PROLEG.
1736 420 1814 433 —
1843 387 2032 450 VITA
2076 388 2140 447 S.
2188 387 2494 448 LEONIS.
2524 418 2603 431 —
2631 386 3018 453 MONITUM.
3374 388 3497 456 458

179 520 291 576 Has
323 517 489 574 sedes
515 518 754 585 adeunt,
785 518 935 574 hanc
967 519 1227 590 requiem
1259 519 1513 591 capiunt.
1772 522 1828 586 Α
1928 518 2153 575 Electos
2184 536 2387 575 omnes
2418 518 2625 575 liberat
2651 520 2764 576 ista
2793 521 2958 578 fides.

116 612 294 667 Renes
324 622 353 663 e
384 605 527 662 coelo
557 606 856 663 summisit
884 607 1027 662 visio
1060 608 1245 675 Petro,
1858 607 1955 663 Ille
1986 608 2163 664 semel
2196 608 2362 664 fusus
2386 609 2708 665 redimendi
2731 610 2975 683 sanguis
3004 612 3077 669 ad
3108 627 3255 669 usus

179 701 325 754 Inter
354 694 643 751 cmlicolas
673 696 779 751 has
812 695 937 751 ideo
964 697 1240 767 reputas?
1925 698 2209 752 Funditur
2240 698 2297 752 in
2332 702 2536 754 sancta
2566 700 2780 771 saepius
2804 699 3075 757 Ecclesia.

112 790 203 844 Est
222 783 441 857 aliquid
470 802 639 856 porro
672 801 774 840 cur
805 802 866 840 se
897 784 1241 841 similaverit
1269 802 1441 857 agno,
1854 786 2037 852 Quod,
2070 786 2215 841 duce
2246 787 2511 857 perﬁdia,
2544 791 2684 843 tunc
2716 788 2875 844 natio
2907 788 3042 845 fecit
3069 788 3298 862 iniqua,

175 876 285 932 Nec
314 878 509 930 tamen
537 874 661 945 ipse
691 874 827 929 tulit
856 874 1070 931 vellera
1100 875 1285 929 factus
1317 873 1459 929 ovis.
1922 873 2029 927 Per
2060 873 2290 945 pietatis
2322 891 2469 947 opus
2504 876 2740 933 transiit
2765 877 2832 932 in
2864 878 3101 935 melius.

110 961 556 1037 Signiﬁcativam
587 962 841 1034 speciem
871 962 1087 1018 vidisse
1118 962 1461 1034 prophetam
1852 961 2063 1016 Dividit
2094 962 2201 1017 iste
2232 962 2382 1018 calix
2413 963 2572 1019 illius
2597 964 2750 1020 dona
2779 963 3044 1037 liquoris.

171 1052 276 1109 Jus
309 1054 452 1121 erat,
486 1051 543 1105 id
576 1052 781 1123 typicis
813 1052 1081 1107 convenit
1110 1051 1378 1122 eloquiis.
1924 1052 2044 1116 Quo
2076 1052 2311 1122 profusa
2340 1052 2451 1107 fuit
2477 1051 2678 1109 lancea
2709 1070 2833 1127 quae
2864 1055 3136 1129 pupugit.

106 1142 159 1196 Si
190 1139 433 1196 debetur
461 1139 549 1195 ovi
583 1157 685 1211 pro
719 1157 959 1197 munere
990 1140 1175 1212 gloria
1206 1140 1329 1207 tali,
1854 1140 1976 1204 Qua
2005 1140 2217 1210 pietate
2253 1142 2428 1195 Deum
2462 1141 2666 1197 celavit
2696 1159 2933 1215 corpore
2962 1147 3176 1213 totum,

170 1230 237 1286 Et
263 1232 503 1301 propter
532 1246 743 1284 nomen
766 1229 977 1285 vermis
1008 1229 1247 1285 habebit
1276 1230 1459 1294 idem;
1923 1231 2042 1282 Hac
2070 1228 2212 1300 tegit
2242 1228 2518 1285 humanis
2546 1230 2669 1285 hinc
2699 1248 2864 1287 sacra
2891 1249 3049 1288 nunc
3079 1230 3286 1289 oculis.

104 1321 243 1375 Tum
275 1334 508 1391 quoque
537 1319 844 1390 serpentis,
877 1325 1005 1374 tum
1036 1320 1270 1374 nomine
1302 1336 1451 1390 saepe
1482 1317 1665 1373 leonis
1854 1316 2195 1371 Exhorreret
2223 1317 2397 1373 homo
2429 1335 2632 1375 carnes
2663 1336 2794 1375 cum
2825 1320 3112 1393 sanguine
3141 1300 3321 1378 crudo

171 1405 584 1479 Signiﬁcamus
614 1423 769 1474 eum,
790 1407 891 1463 sed
924 1412 1118 1463 tamen
1151 1412 1239 1462 est
1270 1411 1563 1462 neutrum.
1928 1407 1993 1460 Et
2024 1406 2486 1477 consanguineos
2518 1406 2696 1463 nollet
2723 1408 2868 1464 inire
2897 1409 3059 1464 cibos

105 1496 206 1552 Sed
236 1494 331 1567 pia
359 1494 555 1552 divino
585 1512 699 1550 non
730 1496 894 1551 deest
921 1496 1243 1551 reverentia
1272 1495 1420 1564 lino;
1855 1494 2032 1548 Crede
2064 1497 2260 1549 tamen
2293 1495 2548 1565 penitus,
2580 1495 2763 1552 versis
2793 1495 2863 1551 ab
2893 1496 3117 1570 origine
3144 1495 3343 1565 rebus,

169 1587 350 1651 Quam
385 1601 480 1640 res
503 1601 636 1641 vera
667 1584 823 1652 facit,
858 1602 971 1641 non
1002 1589 1165 1640 vetus
1199 1586 1409 1641 umbra
1439 1584 1608 1657 parit.
1928 1584 2064 1639 Esse
2096 1588 2395 1640 creaturas
2426 1584 2547 1639 haec
2578 1583 2868 1641 elementa
2890 1602 3101 1654 novas;

102 1679 273 1741 Hane,
301 1672 420 1729 nisi
451 1672 606 1745 quad
639 1678 904 1729 nostrum
937 1674 1213 1746 mysteria
1241 1677 1403 1729 tanta
1433 1673 1679 1728 relatum
1855 1673 1922 1727 Ni
1954 1673 2100 1727 foret
2129 1673 2238 1728 hoc
2269 1672 2450 1739 aliud,
2488 1690 2864 1746 nequaquam
2894 1678 3156 1732 sumeret
3184 1671 3330 1730 illud

166 1763 640 1830 Transcendunt,
671 1763 918 1818 breviter
943 1779 1400 1819 commemorare
1430 1762 1634 1835 placet.
1924 1761 2025 1816 Vel
2060 1760 2251 1817 malus
2282 1762 2352 1817 ad
2388 1778 2642 1833 poenam,
2665 1762 2753 1817 vel
2784 1762 2978 1820 bonus
3007 1763 3080 1819 ad
3110 1760 3364 1820 veniam.

103 1854 317 1908 Interea
349 1850 512 1907 cordi
545 1855 608 1907 tu
641 1867 909 1923 suggere,
942 1851 1168 1907 Christe
1197 1851 1283 1907 vel
1317 1853 1401 1907 ori
1779 1889 1823 1952 Β
1856 1850 1979 1904 Non
2011 1850 2237 1906 animas
2267 1848 2466 1917 aleret,
2500 1851 2551 1906 si
2581 1849 2753 1922 panis
2782 1850 3045 1923 corporis
3073 1854 3251 1919 esset,

167 1939 250 1996 Illi
283 1939 388 2013 qui
425 1940 635 2012 sapiat,
669 1939 806 1995 huic
839 1957 1070 2012 quoque
1097 1941 1237 2011 quid
1266 1941 1493 1995 referat.
1780 1939 1823 1952 “’
1925 1939 2038 1994 Nec
2071 1939 2225 1993 mala
2255 1944 2604 2010 compuncto
2636 1943 2885 2011 tergeret
2913 1955 2983 1995 ex
3012 1939 3230 1997 animo.

98 2030 240 2085 Vera
264 2028 383 2085 Deo
420 2028 573 2085 Patri
605 2028 759 2084 Deus
784 2028 1008 2096 hostia;
1046 2027 1226 2083 Filius
1259 2028 1343 2083 illi
1854 2026 1977 2081 Non
2009 2027 2160 2084 vires
2190 2026 2413 2083 homini
2444 2027 2639 2096 ferret,
2671 2044 2786 2083 non
2816 2026 3047 2084 tolleret
3074 2026 3252 2096 hosti,

162 2117 384 2174 Arbore
417 2116 695 2183 restituit,
728 2116 932 2173 arbore
964 2118 1117 2187 quod
1150 2117 1337 2189 periit.
1922 2116 2051 2170 Non
2084 2130 2317 2171 carnem
2348 2116 2560 2171 mentis
2592 2115 2869 2171 subderet
2890 2114 3176 2188 imperiis.

100 2212 237 2263 Ante
266 2208 605 2263 Creatorem
632 2210 865 2278 gratum
891 2206 1099 2261 direxit
1120 2207 1358 2261 odorem
1856 2204 1898 2259 Ο
1931 2221 2107 2276 quam
2138 2210 2273 2259 sunt
2303 2204 2437 2271 tuti,
2469 2220 2647 2275 quam
2678 2202 2869 2259 carnis
2898 2203 3027 2276 lege
3056 2203 3253 2271 soluti,

166 2296 388 2353 Fumus
421 2312 596 2368 quem
631 2294 764 2351 talis
793 2295 1003 2350 vicima
1033 2299 1240 2367 sponte
1268 2295 1442 2349 dedit.
1928 2294 2113 2357 Quam
2143 2293 2253 2347 sibi
2283 2292 2623 2359 dissimiles,
2655 2292 2749 2348 his
2778 2290 2967 2364 epulis
2997 2290 3296 2359 homines;

106 2386 303 2442 Hostia
331 2384 606 2442 Christus
638 2389 779 2453 erat,
811 2383 1077 2439 Christus
1108 2389 1298 2438 tamen
1348 2384 1473 2455 ipse
1506 2382 1744 2450 litabat;
1855 2382 2029 2437 Ebria
2058 2381 2233 2436 corda
2261 2380 2355 2452 pio
2384 2381 2534 2453 rapit
2563 2380 2635 2435 ad
2668 2380 2925 2437 caelestia
2951 2383 3106 2451 voto,

161 2480 207 2529 Α
237 2474 493 2531 Domino
523 2474 764 2541 factum,
798 2474 973 2527 corda
1003 2478 1241 2544 stupent
1273 2473 1601 2528 hominum.
1927 2471 1987 2526 Si
2019 2470 2192 2525 fuerit
2222 2474 2517 2542 sumptus,
2550 2472 2615 2524 ut
2643 2469 2829 2540 decet,
2862 2468 2971 2524 iste
3000 2468 3186 2525 cibus.

98 2564 192 2620 Hie
224 2562 410 2621 semel
444 2562 675 2618 oblatus
706 2560 875 2618 solvit
906 2578 1285 2633 quoscunque
1316 2565 1530 2628 reatus,
1855 2560 2002 2625 Quid
2031 2558 2264 2615 miraris
2295 2557 2507 2615 homo?
2538 2562 2696 2614 Deus
2725 2561 2813 2613 est
2840 2557 2900 2614 in
2932 2571 3172 2630 corpore
3194 2572 3364 2627 vero;

160 2652 357 2710 Traxit
385 2652 567 2709 homo
598 2650 829 2725 proprio
862 2667 963 2707 seu
996 2650 1225 2722 generis
1253 2651 1409 2706 vitio.
1928 2649 2089 2703 Unde
2120 2648 2284 2719 prius
2318 2646 2571 2713 redimit,
2604 2646 2741 2703 inde
2772 2647 2945 2703 modo
2976 2645 3184 2703 reﬁcit.

98 2746 323 2798 Hostem
358 2736 659 2807 delusum,
693 2757 851 2796 mors
882 2739 1001 2794 hazc
1033 2738 1264 2794 eludere
1296 2739 1557 2794 nondum
1854 2737 1956 2792 His
1989 2742 2183 2792 tamen
2209 2735 2269 2791 in
2300 2734 2488 2790 verbis
2520 2735 2673 2791 ridet
2704 2733 2993 2807 sapientia
3023 2734 3218 2791 carnis

162 2830 407 2895 Desinit,
444 2828 656 2885 ablatis
688 2828 947 2900 quotidie
978 2826 1201 2899 spoliis.
1924 2828 1993 2881 Et
2022 2825 2217 2880 divina
2246 2823 2369 2881 suis
2400 2824 2650 2879 subdere
2679 2822 2803 2879 vult
2832 2822 3049 2893 regulis
3072 2822 3213 2896 (sic).

103 2918 195 2974 Illa
224 2918 365 2975 facit
394 2918 587 2974 virtus
623 2917 795 2973 modo
826 2933 977 2988 saepe
1008 2932 1308 2986 resurgere
1338 2932 1563 2970 rursus.
1856 2914 2067 2969 Dicunt
2101 2932 2113 2968 :
2148 2914 2282 2977 Quae
2314 2911 2480 2978 ratio,
2513 2911 2644 2983 quis
2674 2912 2735 2967 in
2764 2910 2857 2967 his
2889 2909 3268 2984 deprenditur
3312 2908 3502 2968 ordo?

161 3007 450 3066 Mortibus
483 3008 785 3079 absorptat
817 3004 1142 3061 innumeris
1173 3005 1421 3060 animas.
1926 3004 2035 3058 Ore
2066 3002 2273 3058 nolunt
2302 3000 2586 3072 (volunt?)
2614 2999 2702 3055 illi
2728 2999 2997 3057 claudere
3018 3001 3159 3072 jura
3186 2999 3288 3056 Dei

101 3101 215 3154 Haec
244 3097 419 3171 quasi
456 3095 801 3169 praeteritas,
827 3096 951 3166 jam
982 3094 1146 3149 tersit
1175 3093 1361 3164 gratia
1383 3092 1586 3164 culpas
1856 3094 1924 3148 Et
1954 3094 2118 3160 dum,
2143 3108 2317 3163 quem
2347 3094 2649 3162 nequeunt
2668 3093 2924 3147 montem
2944 3089 3507 3159 transcendere,tan-

162 3188 221 3242 In
253 3187 527 3243 nondum
562 3185 714 3243 natis
746 3183 1012 3240 Ecclesiae
1046 3181 1297 3255 populis.
1796 3253 1807 3255 _
3207 3180 3382 3252 [gunt
3412 3191 3428 3211 °

103 3277 244 3341 Quos
274 3275 515 3350 primus
546 3274 941 3345 habuit,quos
972 3253 1206 3328 tandem
1240 3272 1497 3327 mundus
1515 3270 1752 3327 habebit
1782 3253 1823 3319 δ
1934 3312 1946 3325 .
2028 3313 2039 3325 .
2122 3312 2134 3325 .
2218 3310 2231 3323 .
2314 3312 2326 3324 .
2404 3268 2635 3339 (Caetera
2664 3267 2901 3340 desunt.)

106 3392 2213 3421 _

2220 3386 3497 3432 π

1478 3529 1641 3577 ANNO
1683 3528 1898 3575 DOHINI
1940 3527 2113 3575 MLIV.

639 3688 1843 3893 SANCTUS
2000 3688 2141 3886 L

1440 3688 1843 3891 7US
2000 3683 2520 3887 [ΕΟ
2682 3676 2972 3884 IX

1384 3986 1671 4049 PONTIF
1677 3985 1782 4048 EX
1827 3982 2233 4047 ROMANUS.

1178 4237 2447 4461 ΡΒΟΙιξῑ-ς-ρ-ΜΕΝΑ.

501 4558 1396 4692 SANCTI
1529 4555 2420 4686 LEONIS
2542 4538 3121 4682 VITA

1156 4775 1570 4871 Auctore
1656 4773 2072 4870 Wiberto
2140 4772 2501 4897 aequali

796 4974 986 5047 (Apud
1018 4971 1261 5040 Mabill.,
1290 4973 1422 5028 Acta
1452 4970 1548 5027 SS.
1579 4970 1695 5027 0rd.
1730 4970 1786 5027 S.
1819 4969 2039 5038 Bened.,
2069 4972 2207 5023 Sese.
2239 4966 2332 5034 VI,
2364 4969 2527 5038 parte
2558 4982 2622 5034 ιι,
2654 4981 2712 5037 p.
2746 4963 2860 5035 49.)

988 5120 2028 5219 OBSERVATIONES
2098 5115 2660 5213 PBIEVIIE.

179 5413 453 5475 LPmter
467 5414 746 5481 auctores
763 5410 863 5484 qui
879 5426 1250 5468 summorum
1264 5407 1605 5482 pontiﬁcum
1618 5413 1788 5481 gesta
1818 5411 1865 5476 D
1895 5408 1968 5476 1e,
2000 5411 2313 5479 antequam
2353 5404 2424 5459 ad
2461 5402 2661 5458 sedem
2702 5398 3084 5473 apostolicam
3114 5392 3533 5484 proveheretur

124 5476 960 5575 scripseruntuno'nnulli-beati
994 5500 1197 5555 Leonis
1220 5476 1291 5554 Ii
1316 5497 1509 5552 Vitam
1532 5476 1778 5553 seorsim
1892 5476 2461 5570 gesserat,Romanis
2477 5490 2835 5562 relinquens,
2851 5492 2916 5544 ut
2943 5487 3194 5558 ipsemet
3215 5476 3543 5575 inAprologo

128 5573 361 5649 edidere.
394 5591 735 5657 Wibertus,
770 5591 899 5661 ejus
931 5590 987 5643 in
1020 5588 1359 5660 episcopatu
1398 5584 1655 5641 Tullensi
1687 5602 1780 5641 ar-
1894 5586 2249 5658 loquitur,ea
2274 5582 2503 5656 posteris
2532 5581 2897 5636 transmittere
2925 5589 3048 5648 qua
3079 5588 3243 5661 papa
3264 5573 3546 5661 Romani}:

129 5651 731 5753 chidiaconus,primo
752 5651 936 5737 unum
958 5651 1177 5736 librum
1194 5651 1376 5733 edidit
1391 5674 1461 5732 de
1480 5673 1552 5732 iis
1565 5689 1692 5748 qua:
1714 5673 1783 5732 il-
1894 5651 2333 5746 egissetNerum
2365 5673 2565 5744 postea
2593 5670 2816 5726 mutata
2844 5659 3151 5728 sententia,
3185 5659 3399 5716 librum
3451 5651 3543 5711 al-

447 5808 725 5874 Putet.

3138 5785 3218 5850 15
