3880 6346
126 342 233 405 461

999 337 1325 401 PROLEG.
1364 368 1439 382 —
1465 336 1648 396 Vl'l‘A
1700 337 1763 395 S.
1812 333 2118 394 LEONIS.
2152 362 2226 373 —
2258 329 2648 392 MONITUM.

3393 328 3517 393 462

126 492 225 550 per
249 475 549 548 gradiens,
580 473 928 546 apostolicos
958 473 1133 528 etiam
1166 472 1320 526 viros
1369 471 1429 524 in
1466 468 1766 523 miraculis
1794 470 1840 534 Α
1878 467 1991 521 bus
2022 464 2268 535 aliisque
2288 463 2528 533 majoris
2559 463 2834 517 momenti
2853 462 3095 532 negotiis
3124 462 3393 533 gerendis
3409 464 3513 518 ad-

127 569 210 622 est
231 563 513 619 imitatus.
542 562 623 618 De
652 580 768 634 quo
798 561 1035 633 quidem
1071 561 1235 630 plura
1267 559 1471 613 audire
1507 574 1594 611 me
1628 573 1762 611 con-

124 654 271 728 tigit,
294 674 322 703 ››
355 657 466 709 etc.
502 652 603 708 His
634 651 835 725 paucis
867 649 1058 706 verbis
1092 649 1283 702 Victor
1310 646 1558 702 absolvit
1603 661 1763 699 sum-

125 760 277 800 mam
298 740 475 813 elogii
509 739 662 796 beati
698 738 1029 809 Leonis,qui
1056 736 1325 792 similiter
1345 738 1509 790 totam
1534 733 1771 788 Galliam

126 832 469 888 illuminasse
497 828 713 883 dicitur
742 828 801 882 in
829 830 1175 881 testamento
1200 823 1448 880 Odalrici
1475 822 1768 895 praepositi

123 918 387 979 Ecclesia:
430 917 755 984 Remensis,
803 916 902 971 ubi
944 918 1104 970 tanta
1150 931 1282 969 cum
1332 911 1675 983 eloquentia:
1715 911 1768 965 vi

122 1013 324 1066 contra
354 1024 561 1081 pravos
591 1006 1119 1062 ecclesiasticarum
1173 1020 1364 1057 mores
1409 1002 1467 1056 in
1525 999 1767 1056 concilio

122 1097 391 1156 Remensi
422 1095 772 1152 disseruisse
805 1099 1183 1163 memoratur,
1216 1096 1280 1146 ut
1309 1091 1476 1146 multi
1496 1091 1624 1160 ejus
1644 1106 1767 1145 ver-

118 1189 209 1245 bis
239 1185 528 1260 perterriti
581 1184 883 1248 beneficia,
935 1184 1110 1237 etiam
1164 1199 1289 1252 qum
1312 1179 1571 1251 legitime
1620 1179 1766 1233 obti-

121 1280 390 1344 nuerunt,
424 1274 719 1331 dimittere
752 1272 1150 1344 cogitaverint.
1206 1271 1284 1324 Ex
1334 1270 1425 1323 his
1476 1286 1536 1323 se
1589 1268 1769 1323 fuisse

119 1366 339 1423 fatetur
394 1363 721 1430 Oldaricus,
775 1362 873 1434 qui
934 1361 1121 1415 eidem
1168 1358 1410 1414 concilio
1470 1358 1765 1412 intererat.

119 1455 309 1512 Testis
337 1457 427 1509 est
445 1453 557 1509 Leo
579 1452 943 1507 Marsicanus
962 1449 1111 1505 libro
1135 1467 1171 1503 ιι
1201 1447 1466 1503 Chronici
1490 1447 1764 1502 Casinen-

117 1546 201 1601 sis
230 1560 360 1615 cap.
386 1542 476 1612 88,
512 1542 784 1597 eumdem
826 1540 1062 1594 beatum
1115 1538 1466 1610 pontificem,
1508 1534 1766 1607 quandiu

116 1634 314 1689 Romae
347 1634 610 1687 moratus
628 1643 736 1695 est,
755 1628 993 1684 solitum
1010 1626 1188 1683 fuisse
1209 1626 1395 1681 tribus
1414 1625 1622 1679 diebus
1666 1640 1768 1696 per

114 1720 573 1785 hebdomadam,
606 1734 637 1774 e
668 1716 1040 1773 Lateranensi
1066 1714 1309 1771 ecclesia
1334 1732 1518 1785 usque
1544 1714 1613 1768 ad
1638 1730 1766 1768 san-

115 1815 279 1867 ctum
304 1807 792 1879 Petrum,privato
818 1806 1018 1861 habitu
1046 1822 1108 1859 ac
1133 1804 1306 1859 nudis
1329 1804 1597 1875 pedibus,
1630 1820 1761 1857 cum
1800 1843 1843 1906 Β

112 1901 349 1957 duobus
367 1898 671 1954 auttribus
690 1892 1445 1965 clericis,noctu,psallendo
1458 1898 1511 1947 et
1526 1893 1764 1960 orando,

109 2002 379 2061 pergere.
412 1986 726 2042 Historiam
751 1982 1215 2039 sanctimonialis
1247 1983 1578 2052 cujusdam,
1614 1982 1767 2036 beati

112 2077 329 2134 Leonis
359 2075 707 2147 amitze,qua3
734 2075 900 2144 signo
933 2071 1433 2127 crucisdiabolum
1451 2070 1764 2140 fugaverat,

108 2167 291 2224 refert
321 2166 531 2221 Petrus
555 2163 819 2219 Damiani
858 2162 913 2216 in
947 2159 1229 2233 opusculo
1263 2161 1350 2226 47,
1382 2174 1508 2230 cap.
1542 2159 1575 2211 3
1618 2162 1674 2213 et
1712 2158 1765 2222 4,

108 2271 292 2327 quam
323 2271 400 2310 ex
427 2269 520 2309 ore
567 2253 710 2308 beati
727 2254 921 2307 Leonis
950 2252 1015 2306 I.\'
1039 2265 1199 2321 ριιρξε
1230 2248 1299 2303 ab
1330 2247 1644 2303 Adhelaide
1664 2264 1765 2303 au-

107 2348 287 2418 gusta
317 2343 589 2400 auditam
623 2341 800 2397 fuisse
832 2344 1097 2395 testatur.
1131 2339 1240 2393 Sed
1273 2337 1460 2393 de‘his
1492 2338 1654 2391 satis.

174 2434 228 2489 4.
265 2432 565 2489 Dubitant
595 2428 859 2486 nonnulli
891 2446 963 2483 an
998 2444 1253 2497 unquam
1280 2427 1482 2480 beatus
1500 2426 1606 2478 Leo
1634 2441 1765 2495 pro-

101 2521 437 2578 fessionem
470 2519 855 2576 monasticam
889 2516 1185 2571 emiserit:
1222 2518 1372 2569 certe
1397 2514 1551 2567 hunc
1575 2512 1764 2566 ordini

100 2614 311 2667 nostro
333 2609 644 2666 ascribunt
661 2612 868 2679 prmter
884 2604 1285 2660 Benediclinos
1307 2603 1618 2674 scriptores
1644 2602 1763 2673 ple—

98 2701 269 2772 rique
290 2698 481 2754 etiam
495 2697 670 2752 exteri
700 2696 792 2762 ;iit
819 2696 1011 2766 ipsum
1033 2694 1247 2747 diserte
1270 2690 1760 2747 aftirmatTrithe-

99 2790 258 2845 mius
294 2788 359 2843 in
397 2786 684 2843 Chronico
710 2782 1110 2854 Hirsaugiensi
1143 2783 1211 2835 ad
1250 2798 1469 2835 annum
1502 2780 1761 2847 lU’iRmbi

96 2877 182 2934 sic
216 2876 412 2933 habet
436 2894 449 2931 :
472 2898 499 2923 ‹‹
525 2876 716 2929 Brune
732 2873 1041 2944 episcopus
1066 2870 1429 2925 Tullensis...
1459 2874 1581 2923 erat
1609 2868 1761 2923 illius

93 2965 337 3022 comitis
371 2965 449 3021 de
482 2963 767 3036 Elingem,
800 2966 858 3016 et
888 2959 1208 3015 monachus
1241 2958 1461 3013 ordinis
1494 2956 1697 3012 nostri.
1731 2980 1757 3007 ››

91 3054 482 3112 Bollandiani
516 3058 736 3121 tamen,
767 3050 863 3122 qui
898 3067 958 3105 se
990 3054 1187 3120 optare
1205 3049 1372 3101 aiunt
1406 3048 1459 3101 in
1493 3048 1761 3102 observa-

88 3144 247 3200 tione
282 3141 512 3217 przevia
542 3146 609 3196 ut
641 3144 840 3195 tantus
862 3138 1118 3209 pontifex
1150 3136 1302 3192 inter
1333 3136 1554 3192 ordinis
1588 3138 1758 3191 Bene-

88 3233 296 3289 dictini
330 3231 620 3288 alumnos
653 3226 939 3284 recenseri
975 3226 1180 3298 possit,
1208 3230 1410 3297 postea
1434 3225 1492 3279 in
1524 3226 1673 3280 notis
1692 3226 1762 3280 ad
1795 3210 1837 3277 C

88 3324 330 3394 caput5
363 3320 515 3375 Vita:
549 3336 651 3390 per
680 3318 1012 3373 Wihertum
1048 3316 1293 3387 scripta;
1346 3316 1548 3369 dicunt
1587 3315 1764 3369 videri

90 3409 202 3465 sibi
236 3427 311 3466 ex
348 3405 608 3465 Wiberti
641 3405 830 3461 verbis
865 3402 1058 3475 colligi
1102 3402 1267 3458 facile
1314 3420 1485 3474 posse
1518 3404 1765 3459 Leonem

96 3496 523 3556 Benedictinis
563 3512 935 3567 nequaquam
950 3511 1076 3549 esse
1096 3492 1667 3559 ascribendum,cum
1683 3493 1767 3547 sic

90 3588 430 3661 loquatur;
459 3608 489 3636 ‹‹
541 3585 716 3640 Porro
747 3583 1051 3655 sequentia
1081 3581 1284 3636 lecturi
1334 3582 1601 3637 desinent
1632 3598 1765 3653 pro-

92 3676 243 3734 fecto
278 3674 506 3734 mirari
539 3673 696 3729 hunc
729 3672 924 3745 potius
956 3688 1057 3742 per
1086 3676 1351 3727 sanctum
1393 3671 1767 3726 Benedictum

91 3783 271 3839 quam
306 3782 431 3840 per
465 3763 650 3820 alium
682 3761 1004 3833 quemlibet
1027 3761 1666 3831 sanctorum,sospitate
1688 3776 1772 3815 re-

90 3856 422 3924 stitutum,
459 3853 565 3909 ubi
590 3852 852 3907 volvente
902 3850 1191 3905 sermonis
1242 3854 1369 3904 rota
1416 3850 1771 3921 perpendere

87 3948 387 4017 poterunt
419 3959 500 3999 ex
530 3940 733 4014 paucis
754 3943 974 4011 quanto
1004 3937 1124 3993 zelo
1151 3936 1226 4009 pii
1251 3939 1467 3992 amoris
1488 3954 1625 4009 erga
1645 3953 1771 3993 mo-

88 4034 443 4091 nachorum
480 4028 915 4086 institutionem
951 4032 1008 4082 et
1037 4027 1452 4082 correctionem
1495 4026 1773 4098 ﬂagrave-

88 4123 180 4179 rit.
218 4146 250 4174 ››
286 4123 538 4179 Verum
571 4118 692 4174 haec
717 4118 897 4174 verba
925 4116 1078 4173 beati
1110 4115 1215 4171 viri
1265 4116 1601 4171 monasticae
1642 4133 1773 4188 pro-

88 4213 340 4269 fessioni
357 4228 495 4269 non
512 4209 917 4273 adversantur,
943 4224 1068 4278 qua:
1092 4204 1309 4277 optime
1327 4221 1460 4261 cum
1476 4205 1571 4261 illo
1592 4205 1777 4261 sancti

87 4301 406 4373 pontiﬁcis
427 4300 497 4356 in
526 4314 650 4354 rem
673 4296 1059 4352 monasticam
1085 4295 1280 4350 studio
1307 4293 1777 4351 coaluerit.Certe

86 4396 455 4448 nostrorum
494 4403 690 4443 causa
723 4385 917 4441 favent
946 4383 1222 4456 pleraque
1254 4383 1442 4439 sancti
1487 4383 1780 4456 pontificis

85 4485 273 4552 gesta.
309 4476 575 4537 Etenim
604 4474 698 4531 vix
726 4478 887 4530 extra
914 4477 1112 4528 nostra
1142 4472 1493 4529 monasteria
1522 4473 1581 4529 in
1613 4474 1780 4531 itine-

88 4570 441 4643 ribusque
481 4581 633 4622 sane
663 4564 736 4621 ah
768 4581 834 4619 co
866 4563 1200 4652 frequenter
1231 4562 1384 4617 facta
1416 4563 1782 4632 fuerunt,ho-
1813 4588 1859 4652 D

86 4658 453 4732 spitabatur
484 4674 502 4726 ;
542 4659 752 4710 etcum
774 4652 830 4708 in
851 4651 1221 4707 monasteriis
1237 4652 1782 4724 versabatur,potis-

83 4748 315 4806 simum
349 4748 422 4803 in
457 4742 804 4819 praecipuis,
824 4739 1079 4813 capitulo
1111 4740 1386 4796 intererat
1407 4744 1463 4796 et
1493 4742 1793 4801 refectorio

94 4853 231 4895 cum
266 4835 538 4896 caeteris
572 4830 996 4888 monachis.Sic
1029 4829 1224 4885 Remis
1256 4836 1487 4901 peracta
1540 4833 1796 4889 basilica:

88 4921 648 4984 archimonasterii
681 4919 1006 4991 Remigiani
1058 4918 1441 4987 dedicatione,
1494 4937 1560 4975 ac
1606 4922 1795 4980 soluto

90 5016 380 5085 εοηοίιίο,
416 5016 491 5070 in
524 5011 837 5083 capitulum
869 5011 1189 5077 venilaique
1214 5025 1246 5062 a
1274 5010 1548 5078 fratribus
1570 5015 1794 5068 societa-

91 5116 196 5162 tem
222 5109 409 5180 μοιίὴ
454 5107 515 5160 ct
550 5103 785 5172 accepti.
810 5101 866 5154 In
892 5103 1083 5153 monte
1108 5097 1314 5153 Casino
1346 5116 1477 5153 cum
1502 5100 1625 5156 dies
1648 5107 1802 5158 esset

88 5195 339 5252 Sabbati
350 5190 692 5261 ,mandato
708 5190 953 5243 fratrum
966 5188 1034 5242 ad
1047 5186 1391 5257 fuit,pcdcsq
1405 5204 1471 5242 ue
1486 5188 1558 5243 du
1569 5192 1726 5244 udcci
1737 5209 1793 5246 m

92 5286 425 5343 monachis
458 5278 645 5346 lavit,
669 5278 937 5350 aquibus
965 5276 1223 5331 vicissim
1255 5279 1313 5329 et
1344 5276 1469 5347 ipse
1501 5276 1657 5333 lotus
1684 5286 1793 5336 est:

88 5379 296 5445 postea
324 5374 397 5428 in
421 5365 832 5427 refectorium
849 5381 1080 5437 quoque
1093 5364 1401 5435 ingressus
1418 5382 1796 5425 communem

84 5479 217 5521 cum
251 5462 407 5520 aliis
452 5456 857 5516 refectionem
890 5452 1134 5524 accepit,
1168 5458 1233 5508 ut
1262 5457 1463 5509 narrat
1490 5454 1598 5510 Leo
1619 5455 1797 5512 Chro-

95 5552 209 5608 nici
238 5543 638 5610 Casinensis
668 5543 1122 5614 lihron,cap.8:‘i.
1142 5539 1359 5597 Omitto
1377 5544 1599 5599 ordinis
1615 5546 1799 5601 nostri

100 5642 480 5711 monachos,
523 5648 689 5711 quos
713 5651 743 5691 e
766 5630 1136 5690 monasteriis
1158 5630 1398 5688 eductos
1419 5630 1477 5690 in
1495 5630 1801 5707 legationi-

1879 553 2186 621 hibuit,vel
2205 569 2352 624 quos
2373 554 2441 606 ad
2456 550 2814 623 episcopales
2837 551 3003 605 sedes
3023 550 3238 618 evexit;
3260 551 3513 623 denique

1880 660 2013 699 cum
2043 648 2195 698 esset
2226 641 2398 696 morti
2432 640 2753 713 proximus,
2783 637 3122 694 Richerium
3143 638 3519 696 Casinensem

1882 735 2153 788 abbatem
2182 731 2576 796 accersivit,ut
2606 730 2847 785 Romam
2875 728 3170 783 redeundo
3190 744 3324 784 eum
3344 728 3520 785 habe-

1878 828 1965 877 ret
2003 822 2226 877 itineris
2258 821 2503 875 socium.
2556 820 2666 873 Sed
2712 818 2850 889 quid
2886 818 3013 888 ejus
3063 817 3147 872 rei
3177 821 3523 889 argumenta

1878 911 2113 965 aliunde
2144 909 2487 980 qucerimus,
2520 924 2653 962 cum
2680 894 2802 979 ipse
2822 907 3030 962 beatus
3060 905 3320 978 pontifex
3347 905 3522 962 morti

1880 1000 2182 1072 proximus
2215 1016 2273 1053 se
2307 992 2658 1052 monachum
2693 995 2873 1051 fuisse
2921 995 3159 1052 disertis
3188 994 3382 1052 verbis
3436 994 3524 1050 di-

1878 1089 2069 1145 xerit?
2101 1088 2333 1154 Cellam,
2368 1087 2582 1158 inquit,
2605 1103 2769 1157 quam
2796 1085 3094 1141 monachus
3126 1086 3356 1154 incolui,
3387 1088 3521 1143 eto..

1880 1180 2035 1250 apud
2056 1194 2410 1249 anonymum
2438 1176 2494 1230 in
2517 1175 2793 1231 relatione
2808 1176 2935 1245 ejus
2960 1175 3372 1247 mortis,quam
3390 1178 3527 1248 post

1882 1267 2213 1337 cjusVitam
2233 1264 3043 1331 exhibebimus,num.4.Hinc
3058 1265 3274 1320 mirum
3292 1281 3409 1321 non
3432 1268 3525 1322 est

1883 1356 1932 1411 si
1965 1356 2209 1427 injurias
2242 1354 2544 1410 monachis
2575 1354 2858 1425 irrogatas
2890 1354 3000 1409 sibi
3022 1354 3132 1426 ipsi
3162 1355 3343 1411 factas
3363 1353 3520 1412 dice-

1882 1451 1983 1512 ret,
2023 1451 2083 1499 ut
2114 1444 2237 1515 ipse
2271 1444 2349 1499 ait
2381 1444 2437 1499 in
2471 1442 2716 1515 epistola
2731 1444 2802 1498 ad
2825 1444 3187 1516 Stephanum
3213 1445 3521 1501 dominum

1878 1534 2310 1600 Castalii-Novi,
2346 1550 2521 1605 quam
2555 1549 2687 1588 cum
2722 1532 2914 1588 adhuc
2955 1538 3110 1589 esset
3156 1531 3524 1590 Tullensium

1876 1625 2187 1696 episcOpus
2222 1623 2478 1693 scripsit.
2513 1623 2771 1677 Hahetur
2801 1622 2956 1693 apud
2989 1622 3306 1678 Perardum
3335 1622 3397 1679 in
3416 1621 3527 1680 col-

1878 1714 2120 1767 lectione
2133 1712 2401 1767 chartaru
2415 1729 2469 1765 m
2486 1711 3028 1785 Burgundicarum;
3060 1716 3118 1766 at
3134 1712 3191 1766 in
3209 1711 3527 1786 chartapro

1874 1803 2020 1859 c:lla
2052 1801 2853 1870 Bertiniacm-curtisibidem,
2879 1802 2961 1857 sic
2988 1801 3285 1874 loquitur:
3320 1826 3350 1855 «
3382 1804 3528 1861 Cum

1878 1893 2135 1963 primum
2163 1891 2359 1946 divina
2389 1889 2706 1946 clementia
2731 1907 2823 1946 me
2856 1891 2927 1945 ad
2949 1892 3327 1963 pontificatus
3348 1893 3529 1951 hono-

1879 1999 1997 2036 rem
2022 1981 2301 2052 provexit,
2319 1998 2449 2035 mox
2477 1979 2747 2035 anhelare
2769 1980 2913 2052 coepi
2932 1981 3004 2035 ad
3034 1974 3522 2039 restaurationem

1878 2088 2015 2125 mea:
2043 2070 2335 2136 Ecclesiae,
2380 2086 2445 2123 ac
2471 2069 2777 2124 monastici
2809 2069 3031 2125 ordinis
3049 2069 3523 2143 religionem,aut

1880 2159 1975 2214 ubi
2002 2164 2144 2225 erat,
2177 2162 2577 2229 augmentare,
2609 2162 2711 2213 aut
2740 2158 2839 2213 ubi
2872 2159 3141 2231 perierat,
3187 2176 3291 2231 pro
3345 2175 3519 2233 posse

1877 2265 2005 2303 meo
2036 2265 2440 2319 recuperare.»

1945 2339 1997 2391 5.
2031 2336 2157 2391 Jam
2188 2354 2319 2392 vero
2356 2336 2401 2391 si
2436 2337 2503 2391 de
2553 2336 2855 2392 beneficiis
2906 2337 3123 2408 quibus
3168 2338 3524 2395 monasteria

1878 2430 2077 2479 nostra
2108 2426 2313 2480 beatus
2346 2425 2603 2496 pontifex
2632 2424 2977 2491 cumulavit,
3007 2425 3169 2497 loqui
3202 2425 3402 2495 libeat,
3430 2427 3524 2483 in-

1878 2532 2121 2569 numera
2135 2516 2555 2585 propemodum
2581 2515 2838 2570 fuerunt.
2859 2514 3162 2570 Casinensi
3178 2516 3375 2572 abbati
3388 2532 3524 2573 san-

1876 2604 2186 2666 daliurum,
2222 2604 2543 2659 dalniatica:
2559 2609 2615 2659 et
2635 2603 3103 2661 chirothecarum
3118 2622 3291 2662 usum
3304 2605 3526 2678 permi-

1876 2692 2397 2759 sit;monasterium
2417 2694 2788 2747 Saxonanum
2807 2693 2962 2748 intra
2978 2693 3300 2749 Romanam
3316 2694 3521 2750 urbem

1874 2782 2096 2836 eisdem
2129 2780 2544 2837 Casinensibus
2576 2782 3057 2854 subjecit,eisque
3104 2783 3521 2840 Terracinense

1876 2869 2293 2925 monasterium
2344 2871 2711 2926 confirmavit
2776 2888 2841 2926 ac
2895 2888 3098 2927 navem
3148 2871 3209 2927 in
3258 2872 3518 2929 Romano

1874 2966 2040 3029 portu
2077 2958 2317 3013 liberam
2340 2960 2628 3015 concessit
2658 2964 2831 3031 atque
2862 2960 2976 3015 alia
3009 2960 3197 3016 multa
3218 2961 3276 3015 in
3315 2977 3519 3017 eorum

1873 3049 2118 3118 gratiam
2155 3049 2442 3120 praestitit,
2474 3066 2599 3120 quae
2634 3050 2790 3121 apud
2824 3050 3078 3104 Leonem
3127 3050 3520 3107 Marsicanum

1872 3137 2018 3192 libro
2052 3138 2305 3192 secundo
2337 3138 3047 3194 refcruntur.Sublaccnse
3073 3140 3520 3213 monasterium,

1879 3228 1949 3281 ab
1984 3227 2245 3281 invasere
2279 3228 2392 3281 fere
2419 3228 2804 3297 destructum,
2837 3228 2896 3283 in
2929 3228 3245 3299 pristinum
3301 3233 3519 3286 statum

1879 3316 2149 3372 restituit.
2174 3316 2233 3370 In
2249 3315 2830 3386 GaliiaCorbeicnsis,
2856 3317 3181 3390 Remigiani
3214 3318 3518 3375 Remensis

1875 3404 2293 3470 Cluniacensis,
2335 3405 2521 3459 sancti
2581 3404 2804 3459 Arnulfi
2867 3406 3160 3473 Metensis,
3209 3407 3365 3463 Casa:
3412 3407 3517 3464 Dei

1875 3496 2246 3570 aliorumque
2279 3495 2724 3549 monasteriorm
2756 3494 3167 3566 praerogativae
3196 3497 3509 3554 conﬁrma-

1876 3586 1957 3641 vit
1987 3590 2044 3641 et
2073 3600 2273 3639 eorum
2306 3584 2703 3654 possessiones
2724 3583 2992 3639 asseruit.
3022 3584 3375 3644 Monasteria
3390 3604 3509 3645 sua

1877 3676 2212 3735 dioeceseos,
2246 3673 2521 3727 advocato
2550 3673 2718 3728 beato
2764 3672 3060 3729 Willelmo
3110 3675 3322 3733 abbate
3373 3681 3514 3735 tunc

1879 3761 2189 3827 celebri,ad
2209 3761 2418 3831 regulae
2436 3761 2825 3817 Benedictinaa
2839 3762 3062 3835 praxim
3075 3770 3411 3822 accuratam
3422 3783 3520 3824 re-

1879 3850 2121 3907 vocavit.
2137 3850 2409 3905 Nullaest
2431 3851 2610 3906 ferme
2630 3851 2688 3906 in
2708 3853 2845 3906 orbe
2871 3852 3200 3909 Christiano
3222 3856 3523 3926 provincia

1882 3942 1941 3996 in
1976 3957 2092 4012 qua
2123 3938 2427 3995 ecclesiam
2460 3939 2719 4012 aliquam
2752 3940 2972 3997 ordinis
2994 3942 3179 3998 nostri
3209 3960 3324 3999 non
3354 3944 3524 4001 dedi-‘

1884 4029 2097 4085 caverit
2128 4033 2184 4083 et
2214 4028 2528 4100 privilegiis
2562 4029 2859 4085 munierit.
2880 4029 2942 4084 In
2967 4030 3371 4104 Hirsaugiensi
3395 4049 3523 4090 mo-

1885 4118 2160 4189 nasterio,
2206 4118 2359 4189 quod
2404 4119 2475 4172 ab
2506 4118 2676 4173 annis
2725 4119 3114 4191 quadraginta
3142 4126 3202 4176 et
3245 4125 3370 4179 octo
3420 4123 3518 4179 de-

1885 4212 2175 4263 structum
2204 4206 2409 4273 fuerat,
2442 4207 2552 4262 sub
2593 4207 2983 4263 anathematis
3027 4209 3253 4280 judicio
3312 4228 3524 4269 mona-

1886 4297 2029 4351 chos
2044 4295 2267 4351 restitui
2283 4296 2609 4367 imperavit,
2631 4301 2695 4351 ut
2708 4297 2899 4353 fusius
2918 4300 3153 4370 exponit
3166 4300 3526 4359 Trithemius

1888 4386 1945 4440 in
1980 4384 2244 4456 ejusdem
2276 4384 2385 4439 loci
2433 4384 2737 4440 Chronico.
2784 4386 2866 4442 De
2921 4388 3124 4444 eadem
3182 4405 3245 4445 re
3301 4390 3537 4462 scripsit

1892 4474 2374 4546 chronographus
2407 4474 2947 4547 Magdeburgensis,
2990 4494 3163 4549 quem
3191 4494 3371 4550 penes
3428 4494 3537 4536 nos

1892 4564 2321 4629 ms.habemus,
2356 4563 2426 4617 ad
2459 4581 2678 4618 annum
2711 4565 2870 4635 40158,
2893 4566 2991 4620 ubi
3024 4565 3222 4636 etiam,
3247 4568 3401 4624 inter
3423 4566 3541 4625 alia

1894 4652 2100 4708 Leonis
2130 4655 2605 4723 gesta,mcmorat
2634 4652 3012 4710 elevationem
3035 4672 3066 4710 e
3088 4655 3317 4713 tumulo
3338 4673 3543 4730 corpo-

1905 4742 1989 4797 ris
2020 4747 2231 4798 sanctae
2267 4741 2572 4797 Richardis
2603 4742 2987 4815 imperatricis
3011 4745 3070 4800 in
3090 4746 3350 4803 ccenohio
3369 4746 3546 4820 virgi-

1906 4849 2046 4886 num
2082 4832 2236 4903 apud
2262 4831 2591 4887 Andelaum
2615 4832 2673 4886 in
2693 4832 3095 4905 Alsatia,quod
3118 4835 3248 4908 ipsa
3270 4835 3545 4895 fundave—
3636 4848 3645 4855 '

1908 4926 2016 4976 rat.
2052 4921 2206 4975 Idem
2240 4920 2497 4991 pontifex
2527 4922 2861 4977 Eduardum
2893 4939 3085 4996 regem
3135 4924 3462 4998 Anglorum
3515 4942 3551 4982 a

1907 5014 2035 5063 voto
2070 5009 2311 5063 Romam
2345 5010 2575 5080 petendi
2600 5010 2873 5080 absolvit,
2896 5013 3067 5069 modo
3092 5016 3549 5089 pecunias,quas

1910 5097 2196 5152 initinere
2226 5096 2613 5168 expendisset,
2648 5100 2935 5156 conferret
2994 5103 3065 5157 ad
3125 5105 3549 5161 monasterium

1902 5187 2157 5257 aliquod,
2180 5188 2267 5241 vel
2291 5188 2357 5241 dc
2383 5203 2526 5241 novo
2553 5189 3045 5258 excitandum,vel
3072 5194 3545 5251 restaurandum.

1906 5276 2070 5332 Illius
2096 5292 2163 5330 ea
2194 5276 2263 5330 de
2294 5289 2354 5329 re
2386 5274 2634 5347 epistola
2681 5283 2870 5334 exstat
2925 5282 3079 5352 apud
3129 5282 3547 5354 Spelmannum

1908 5370 2067 5420 temo
2102 5367 2121 5419 Ι
2152 5363 2538 5421 Conciliorum
2571 5366 2811 5439 Anglia},
2845 5370 3065 5442 etapud
3085 5371 3547 5427 Labbeumtomo

1912 5454 1983 5512 IX
2008 5453 2399 5510 Conciliorum
2431 5456 2813 5525 generalium.

1984 5545 2039 5598 6.
2072 5541 2229 5598 Nihil
2260 5560 2393 5598 vero
2424 5543 2641 5599 mirum
2669 5552 2757 5601 est
2784 5546 2834 5602 si
2866 5551 3022 5601 tanta
3050 5545 3222 5600 fuerit
3236 5544 3387 5600 beati
3404 5564 3549 5618 pon-

1910 5632 2090 5693 tiﬁcis
2121 5631 2181 5690 in
2207 5631 2471 5691 ordinem
2489 5637 2751 5693 nostrum
2773 5633 3100 5714 propensio,
3117 5649 3244 5690 cum
3259 5648 3387 5689 eam
3405 5635 3546 5707 jure
