3880 6372
332 429 450 494 463

1701 430 1766 489 S.
1813 429 1961 490 LEO
2002 427 2084 489 IX
2131 427 2359 490 PAPA.

3631 419 3760 484 464

335 562 506 637 quasi
533 560 900 619 hazreditario
931 578 963 616 a
994 561 1330 634 parentibus
1389 562 1512 616 suis
1571 561 1873 633 acceperit.
1927 561 1966 615 Ii
1999 563 2052 628 Α
2083 563 2240 617 Idem
2273 561 2646 628 auetor,libro
2679 579 2754 628 1v,
2788 577 2914 634 cap.
2947 561 3264 633 2l,omisso
3295 557 3580 616 Lutrensi
3619 573 3760 614 mo-

335 654 494 710 enim
525 669 641 708 non
691 652 882 708 solum
935 668 1062 720 sua,
1123 651 1222 706 sed
1277 655 1332 706 et
1383 651 1541 722 ipsos
1599 652 1710 706 sub
1766 651 1969 706 habitu

339 742 663 800 monastico
691 740 1024 798 serviendos
1055 741 1167 796 Deo
1199 756 1622 796 consecravere.
1653 745 1973 811 Utrumque

337 831 572 890 disertis
597 831 786 888 verbis
805 830 979 885 habet
999 829 1448 900 Wibertus,cap.
1477 827 1662 895 l,licet
1679 830 1894 900 quibus
1913 828 1970 882 id

337 922 400 979 in
429 920 574 978 locis
605 920 821 976 factum
852 919 1027 974 fuerit
1057 935 1170 972 non
1201 917 1646 989 expresserit.At
1673 917 1734 972 in
1785 917 1971 972 Alter-

342 1010 510 1068 ﬁensi
535 1008 814 1075 emnobio,
848 1007 1002 1080 quod
1020 1024 1056 1062 a
1085 1006 1234 1062 beati
1253 1007 1462 1062 Leonis
1485 1007 1824 1077 parentibus
1838 1023 1972 1061 con-

344 1101 533 1156 ditum
579 1098 758 1154 fuisse
795 1097 950 1152 idem
1005 1099 1207 1154 auctor
1235 1096 1510 1161 affirmat,
1557 1094 1766 1150 visitur
1813 1099 1976 1150 vetus

343 1187 662 1246 oratorium
703 1188 870 1243 beato
901 1185 1174 1257 Gregorio
1223 1201 1480 1253 sacrum,
1539 1185 1596 1238 in
1647 1201 1761 1254 quo
1801 1184 1977 1238 iidem

343 1282 610 1352 parentes
637 1275 794 1332 beati
823 1274 1135 1346 pontificis,
1192 1273 1304 1328 loci
1352 1273 1569 1328 scilicet
1617 1273 1974 1340 fundatores,

345 1366 560 1440 sepulti
589 1368 1030 1432 memorantur;
1063 1363 1122 1418 in
1181 1363 1514 1434 Nccrologio
1570 1367 1765 1418 autem
1824 1364 1978 1433 quod

343 1457 564 1512 ibidem
591 1454 845 1510 vidimus
874 1453 994 1508 haec
1023 1451 1312 1506 habentur
1363 1452 1456 1506 die
1511 1453 1544 1504 4
1589 1451 1977 1522 Septembris:

347 1567 376 1596 ι‹
399 1545 504 1601 0b.
536 1541 946 1600 Heberhardus
966 1541 1286 1610 comes,qui
1320 1540 1634 1610 requiescit
1657 1541 1714 1594 in
1747 1557 1977 1596 summo

348 1634 564 1702 choro;
595 1632 760 1698 item,
789 1631 1028 1686 domina
1056 1629 1266 1685 Bertha
1299 1629 1598 1684 comitissa
1628 1630 1756 1698 ejus
1817 1647 1978 1696 uxor,

349 1721 510 1788 item,
544 1719 706 1791 Hugo
738 1734 932 1774 comes
961 1721 1019 1774 et
1049 1717 1366 1773 monachus
1399 1717 1574 1786 hujus
1605 1717 1737 1785 loci,
1761 1718 1858 1789 qui
1893 1735 1982 1774 re-

351 1809 783 1884 quiescitante
840 1807 1021 1864 altare
1071 1806 1254 1863 sancti
1315 1806 1574 1878 Gregorii
1606 1807 1674 1861 in-
1722 1805 1980 1877 capella;

349 1899 509 1966 item,
535 1897 700 1970 Hugo
740 1912 933 1952 comes
959 1895 1136 1950 frater
1167 1895 1424 1967 praedicti
1451 1894 1730 1966 Hugonis,
1765 1895 1864 1966 qui
1895 1911 1984 1952 re-

349 1985 598 2060 quiescit
625 1985 686 2040 in
715 1984 825 2041 hoc
855 1985 1230 2040 monasterio.
1266 1984 1332 2038 lli
1365 1985 1600 2039 fuerunt
1647 1985 1984 2041 fundatores

349 2063 758 2134 monasterii.»
787 2075 1015 2130 Habent
1041 2074 1306 2144 ejusdem
1327 2072 1434 2127 loci
1467 2072 1738 2128 monachi
1763 2073 1983 2128 bullam

349 2166 520 2236 cujus
548 2163 952 2236 apographum
989 2161 1264 2228 vidimus,
1323 2178 1440 2234 qua
1470 2162 1674 2216 beatus
1731 2163 1986 2233 pontifex

352 2253 551 2308 omnia
579 2253 732 2307 bona
763 2269 796 2305 a
827 2251 952 2306 suis
985 2251 1329 2322 parentibus
1387 2250 1576 2304 eidem
1635 2252 1985 2307 monasterio

353 2341 564 2398 collata
593 2341 901 2398 conﬁrmat
929 2356 998 2394 ea
1027 2338 1152 2410 lege
1183 2345 1246 2394 ut
1278 2339 1388 2394 sub
1413 2339 1616 2410 regula
1673 2341 1824 2395 beati
1883 2342 1984 2396 Be-

355 2430 570 2486 nedicti
599 2431 1011 2501 perseveraret.
1045 2429 1121 2484 De
1167 2427 1401 2482 Helvide
1459 2445 1588 2482 vero
1620 2430 1746 2498 ejus
1805 2434 1987 2484 matre

355 2518 560 2576 scribit
585 2518 839 2574 Joannes
866 2516 936 2572 de
965 2517 1156 2587 Bayon
1189 2516 1246 2568 in
1295 2515 1548 2571 Ilistoria
1596 2517 1988 2573 Medianeusis

357 2606 698 2664 monasterii
727 2607 902 2677 quod,
935 2621 1068 2660 cum
1104 2605 1318 2660 bellum
1354 2605 1505 2660 inter
1532 2606 1844 2661 Henricum
1867 2609 1987 2662 Cae-

353 2711 547 2754 sarem
575 2700 632 2754 et
661 2695 1082 2752 Theodericum
1114 2694 1430 2750 Metensem
1462 2695 1800 2766 episcopum
1827 2713 1988 2751 exar-

355 2785 677 2854 sisset,illa,
708 2784 956 2840 firmatis
989 2784 1196 2840 castris
1227 2800 1352 2855 quae
1385 2785 1454 2840 ad
1479 2801 1604 2839 eam
1625 2785 1992 2856 pertinebant

350 2875 658 2934 secesserit
699 2875 758 2928 in
799 2873 1222 2929 monasterium
1273 2873 1666 2944 Medianense,
1723 2875 1818 2929 ubi
1877 2874 1990 2945 piis

353 2963 632 3036 operibus
661 2978 896 3028 vacans,
927 2978 1166 3032 corpora
1197 2969 1530 3018 sanctorum
1589 2963 1788 3018 Lazari
1841 2962 1992 3034 regis

355 3058 414 3110 et
443 3053 565 3108 Azm
591 3051 720 3122 ejus
753 3050 905 3117 ﬁliis,
937 3067 1064 3122 quae
1104 3055 1238 3106 ante
1289 3069 1472 3106 annos
1545 3052 1885 3124 monaginta
1937 3055 1994 3106 et

359 3141 622 3214 quinque
639 3139 700 3196 in
730 3137 983 3195 maceria
1010 3137 1261 3194 basilicae
1295 3139 1480 3194 sancti
1512 3141 1666 3194 Petri
1721 3140 1784 3195 ob
1843 3146 1991 3195 Pan-

357 3231 613 3287 nonicam
648 3235 856 3300 gentem
888 3227 1093 3284 Gallias
1125 3229 1436 3299 pulsantem
1485 3229 1825 3284 abscondita
1872 3229 1992 3285 fue-

2083 651 2357 718 nasterio,
2373 651 2482 706 tria
2495 651 2607 706 alia
2621 669 2654 706 a
2679 649 2830 706 beati
2855 651 3062 706 Leonis
3085 666 3246 723 papae
3265 653 3432 722 patre
3447 648 3762 704 aediﬁcata

2084 747 2141 796 et
2171 741 2367 796 dotata
2393 741 2574 796 fuisse
2605 740 2826 795 scribit.
2859 741 2929 796 Et
2959 740 3201 812 quidem
3261 741 3553 796 Lutrense
3617 755 3760 794 mo-

2085 829 2404 885 nasterium
2437 833 2570 884 ante
2602 845 2786 884 annos
2819 829 2935 884 fere
2977 829 3442 902 quadringentos
3473 845 3512 883 a
3571 829 3760 884 beato

2081 917 2308 972 Dcicolo
2325 921 2726 973 constructum
2747 917 2955 985 fuerat,
2965 917 3176 974 saeculo
3193 917 3448 990 septimo
3471 918 3756 975 ineunte.

2084 1011 2158 1060 At
2189 1005 2340 1060 beati
2372 1006 2664 1077 pontiﬁcis
2695 1011 2964 1078 parentes
2986 1011 3042 1062 et
3065 1007 3196 1076 ejus
3225 1007 3338 1074 avi,
3373 1013 3442 1063 ut
3469 1007 3762 1079 loquitur

2085 1094 2409 1160 Wibertus,
2445 1095 2516 1149 ad
2555 1095 2748 1166 ipsum
2781 1097 3233 1152 restaurandum
3265 1095 3542 1152 nonnihil
3607 1111 3760 1152 con-

2087 1184 2234 1238 ferre
2261 1187 2593 1254 potuerunt,
2626 1183 2852 1238 decimo
2883 1183 3102 1239 soeculo
3133 1183 3388 1249 labente,
3423 1201 3544 1257 quo
3595 1189 3760 1242 tem-

2089 1289 2244 1342 pore,
2279 1275 2342 1326 ut
2373 1272 2546 1326 refert
2575 1277 2778 1327 auctor
2809 1272 3246 1344 Vitaa,ejusdem
3279 1273 3470 1330 sancti
3493 1273 3756 1343 Deicoli,

2091 1362 2366 1415 Lutrense
2379 1361 2768 1432 coenobium,q
2781 1361 2890 1416 uod
2909 1361 3278 1418 devastatum
3295 1363 3760 1430 fuerat,restau-

2089 1455 2284 1504 ratum
2332 1453 2420 1504 est
2449 1450 2520 1503 ab
2576 1449 2816 1520 Hugone
2867 1451 3096 1518 comite,
3159 1458 3362 1522 postea
3423 1453 3758 1520 monacho,

2091 1543 2148 1593 et
2178 1539 2305 1608 ejus
2334 1537 2489 1592 ﬁliis.
2525 1537 2599 1591 Ea
2627 1537 2698 1592 de
2724 1554 2784 1593 re
2833 1537 3062 1593 Ottonis
3123 1537 3321 1610 Magni
3378 1545 3758 1612 praeceptum

2091 1633 2277 1681 exstat
2313 1627 2369 1680 in
2429 1627 2678 1680 favorem
2704 1625 3058 1694 Baldramni,
3121 1627 3224 1698 qui
3279 1627 3502 1684 ibidem
3565 1631 3762 1686 abbas

2093 1717 2393 1770 institutus
2419 1715 2542 1770 fuit.
2565 1715 2844 1770 Subsistit
2864 1715 3150 1786 hodieque
3171 1717 3608 1774 monasterium
3639 1721 3762 1775 Lu-

2097 1811 2311 1874 trense,
2345 1803 2517 1876 vulgo
2551 1809 2692 1860 Lare
2717 1805 2966 1876 dictum,
2998 1804 3058 1860 in
3117 1805 3354 1862 dimcesi
3405 1807 3756 1878 Bisuntina,

2095 1895 2248 1965 quod
2275 1893 2508 1948 unicum
2528 1909 2661 1948 cum
2687 1893 3054 1950 Murhacensi
3085 1895 3446 1952 monasterio
3469 1897 3758 1956 abbatem

2095 1983 2290 2048 habet,
2319 1983 2401 2037 ita
2441 1987 2630 2036 tamen
2665 1987 2729 2036 ut
2759 1981 2852 2036 ille
2881 1983 3063 2038 abbas
3093 1982 3152 2037 in
3197 1984 3458 2041 comitiis
3509 1986 3760 2060 imperii

2093 2072 2248 2126 inter
2278 2071 2572 2142 principes
2604 2071 2834 2126 duobus
2865 2071 3162 2145 suffragiis
3185 2073 3466 2144 gaudeat;
3485 2076 3591 2130 sed
3611 2093 3758 2148 pace

2097 2159 2249 2213 inter
2281 2159 2592 2230 imperium
2621 2164 2676 2213 et
2705 2157 2954 2214 Galliam
3005 2177 3158 2216 anno
3193 2159 3330 2217 1697
3372 2165 3634 2230 sancite,
3689 2182 3759 2222 ea

2281 2207 2592 2230 ----,.---_---
2624 2207 2675 2213 --
2712 2207 2954 2214 ,πη-.-
3005 2207 3155 2216 _....-
3193 2207 3316 2217 η-.
3372 2207 3610 2222 -..ην-υ..
3689 2207 3756 2222 ν..

2097 2249 2293 2304 omnia
2323 2265 2448 2319 quae
2480 2249 2624 2303 citra
2657 2249 2923 2303 Rhenum
2957 2249 3069 2304 sita
3099 2255 3237 2306 sunt
3276 2252 3350 2306 ad
3383 2207 3756 2332 Frandrum

2097 2337 2406 2409 imperium
2441 2337 2726 2408 pertinere
2757 2337 2989 2403 debent,
3018 2355 3084 2393 ac
3113 2339 3200 2394 sic
3231 2347 3558 2414 utrumque
3607 2343 3756 2400 illud

2099 2429 2520 2482 monasterium
2554 2426 2723 2481 hodie
2753 2427 2862 2482 sub
2894 2426 3113 2482 Gallica
3161 2428 3388 2485 ditione
3419 2431 3610 2488 situm
3643 2437 3754 2490 est.

2099 2515 2270 2571 Hissa
2315 2516 2490 2570 etiam
2525 2533 2678 2570 nunc
2711 2516 2970 2587 priscum
3003 2533 3216 2573 nomen
3277 2518 3515 2588 retinet,
3577 2522 3755 2595 vulgo

2099 2608 2275 2664 Hasse.
2309 2622 2424 2659 una
2450 2603 2679 2659 circiter
2707 2604 2872 2660 leuca
2902 2605 3128 2661 distans
3181 2623 3214 2662 a
3243 2607 3552 2682 Sarburgo
3599 2611 3756 2679 (Sar-

2101 2693 2314 2762 bourg),
2349 2693 2740 2765 Lotharingizn
2766 2693 2978 2766 oppido
2999 2695 3070 2750 ad
3089 2695 3317 2752 radices
3341 2697 3566 2772 Vosagi
3593 2717 3758 2758 mon-

2099 2785 2195 2839 tis.
2231 2784 2330 2837 llic
2367 2783 2524 2836 locus
2555 2783 2612 2836 in
2647 2782 2988 2854 prioratum,
3015 2784 3100 2839 uti
3131 2789 3362 2856 vocant,
3413 2786 3754 2862 simplicem

2101 2873 2370 2927 redactus
2427 2871 2670 2925 abbatis:
2721 2869 3020 2926 Altzesilvsa
3080 2875 3462 2947 (Hauleseille)
3527 2879 3754 2938 ordinis

2101 2961 2500 3016 Cisterciensis
2533 2961 2732 3015 unitus
2789 2965 2896 3016 est.
2950 2961 3279 3018 Altorfense
3335 2965 3568 3038 (Altorf)
3629 2985 3756 3026 mo-

2103 3049 2446 3116 nasterium,
2478 3049 2630 3119 quod
2661 3049 2853 3104 b‘ancti
2884 3049 3104 3121 Cyriaci
3133 3051 3394 3124 appellat
3421 3054 3756 3128 Wibertus,

2103 3139 2390 3210 hodieque
2437 3137 2710 3192 subsistit
2765 3138 2952 3192 ordini
2997 3139 3376 3198 Benedictino
3419 3144 3756 3220 addictum,

2104 3227 2261 3284 haud
2297 3225 2494 3298 procul
2527 3243 2560 3282 a
2590 3226 3176 3283 MolshemioAlsatizn
3203 3231 3346 3287 urbe
3367 3233 3760 3306 nonignobili

357 3323 512 3387 rant,
543 3318 777 3376 detexit.
805 3317 978 3374 Plura
1005 3317 1159 3372 idem
1190 3321 1389 3373 auctor
1441 3317 1616 3373 habet
1664 3318 1734 3373 de
1791 3323 1990 3373 sancto
2023 3301 2065 3369 C
2104 3316 2307 3372 situm.
2341 3317 2417 3370 De
2449 3332 2514 3371 eo
2545 3315 2854 3370 Bucelinus
2885 3315 2945 3369 in
2993 3316 3308 3374 Germania
3361 3301 3564 3378 sacra:
3623 3323 3764 3381 Wo-

359 3409 568 3479 Leone,
599 3424 726 3479 quae
758 3407 883 3464 suis
905 3407 1046 3462 locis
1069 3423 1170 3478 pro
1184 3407 1616 3478 opportunitate
1637 3423 1990 3463 commemo-

357 3498 638 3554 rabimus.
669 3496 809 3568 Ejus
839 3513 972 3553 vero
1015 3496 1316 3567 scriptoris
1376 3497 1667 3561 notitiam,
1728 3512 1990 3552 reveren-

353 3587 602 3644 dissimo
631 3586 785 3642 Patri
813 3586 1028 3641 domno
1073 3584 1396 3656 Hyacinthe
1453 3584 1630 3641 Alliot
1658 3585 1992 3640 Medianen-

353 3676 438 3732 sis
467 3675 806 3732 monasterii
837 3674 1032 3730 abbati
1065 3689 1094 3728 e
1115 3673 1558 3745 congregatione
1589 3673 1774 3728 sancti
1797 3673 1989 3728 V'itoni

351 3765 657 3830 debemus,
690 3763 792 3834 qui
825 3779 941 3818 non
972 3761 1164 3819 solum
1197 3762 1376 3832 hujus
1409 3763 1666 3817 auctoris
1723 3763 1987 3817 Historiae

353 3853 646 3925 exemplar
675 3853 748 3908 ad
779 3869 884 3908 nos
915 3850 1264 3916 transmisit,
1304 3851 1458 3905 sicut
1487 3857 1544 3906 et
1580 3849 1696 3905 alia
1746 3866 1988 3922 quasque

352 3947 546 3999 vetera
573 3942 966 3998 instrumenta
983 3945 1039 3995 et
1059 3941 1274 4010 scripta
1303 3957 1429 4010 qua:
1459 3941 1515 3995 in
1541 3939 1915 4010 Lotharingia
1935 3945 1990 3994 et

348 4031 570 4088 Alsatia
597 4035 656 4087 et
684 4030 744 4086 in
775 4029 981 4086 vicinis
1009 4029 1330 4084 Germania:
1361 4028 1730 4084 monasteriis
1753 4045 1985 4100 compa-

351 4135 480 4175 rare
509 4119 722 4190 potuit,
755 4119 855 4176 sed
887 4134 991 4174 nec
1021 4117 1178 4174 curis
1209 4123 1307 4174 aut
1329 4117 1648 4186 laboribus,
1673 4117 1790 4173 sive
1811 4118 1986 4172 etiam

351 4207 686 4279 sumptibus
717 4205 920 4278 parcit,
954 4211 1018 4262 ut
1052 4205 1198 4262 actis
1253 4211 1592 4262 sanctorum
1651 4209 1985 4261 nostrorum

349 4295 713 4353 illustrandis
731 4299 830 4350 aut
841 4293 1152 4351 annalibus
1169 4293 1987 4350 Benedictinisconcinnandis

349 4383 651 4458 suppetias
674 4385 927 4441 ferat.Ex
949 4401 1014 4439 eo
1045 4383 1330 4440 nonnulla
1342 4400 1571 4456 quoque
1586 4383 1899 4440 didicimus
1915 4385 1985 4440 de

347 4473 717 4532 monasteriis
747 4491 872 4546 quae
916 4491 950 4529 a
999 4473 1149 4529 beati
1193 4474 1395 4528 Leonis
1455 4472 1792 4544 parentibus
1849 4489 1983 4528 con-

345 4568 571 4620 structa
599 4580 633 4618 a
661 4564 917 4622 Wiberto
949 4563 1244 4619 dicuntur.
1295 4563 1552 4626 Quatuor
1609 4562 1982 4634 potissimum

2104 3405 2506 3462 senheimense
2527 3405 2778 3476 denique
2805 3405 3130 3461 coenobium
3163 3411 3296 3478 post
3325 3409 3526 3466 varias
3567 3413 3762 3470 fortu-

2103 3512 2208 3550 nas
2255 3493 2314 3550 in
2345 3493 2546 3549 cellam
2582 3495 2902 3558 redactum,
2937 3510 3004 3550 ac
3029 3511 3176 3566 pene
3205 3498 3450 3553 omnino
3483 3500 3761 3559 dirutum

2094 3585 2271 3655 jacet.
2305 3585 2444 3654 Ejus
2476 3583 2598 3638 sola
2629 3588 2948 3654 supersunt
2975 3584 3207 3652 rudera,
3261 3587 3432 3657 cujus
3489 3590 3760 3648 ecclesia:

2101 3674 2468 3744 aliorumque
2495 3673 2872 3727 aedificiorum
2905 3673 3058 3728 muri
3089 3673 3314 3746 absque
3365 3677 3541 3733 tectis
3573 3679 3760 3736 etiam

2099 3778 2255 3816 nunc
2283 3762 2558 3816 visuntur
2588 3760 2744 3815 haud
2775 3760 2977 3832 procul
3009 3761 3082 3816 ab
3133 3762 3474 3835 Egarsemio
3507 3767 3756 3840 oppido.

2098 3853 2144 3906 A
2173 3867 2288 3922 quo
2321 3867 2434 3904 uno
2466 3849 2692 3905 circiter
2719 3849 2990 3905 milliario
3021 3849 3578 3911 Wosenheimensis
3621 3873 3760 3928 par-

2097 3939 2314 3994 thenon
2335 3938 2612 4004 distabat,
2645 3943 2898 4008 quatuor
2925 3954 3056 3993 vero
3088 3943 3191 3994 aut
3229 3941 3496 4012 quinque
3553 3960 3590 3998 a
3649 3945 3760 4001 Co-

2097 4027 2387 4082 lumbaria
2415 4027 2698 4097 (Colmar),
2733 4027 2992 4098 supremi
3021 4027 3254 4083 Alsatiaa
3287 4035 3531 4086 senatus
3591 4035 3757 4090 sede.

2097 4118 2376 4172 Caeterum
2405 4115 2548 4170 illud
2579 4121 2668 4171 est
2699 4115 2894 4187 ipsum
2927 4115 3276 4172 ancillarum
3305 4117 3411 4173 Dei
3443 4127 3756 4178 monaste-

2097 4207 2247 4260 rium
2270 4206 2494 4260 Sanctze
2513 4205 2734 4274 Crucis,
2748 4205 2818 4259 de
2830 4206 3000 4276 cujus
3021 4205 3757 4281 advocatiadisceptabant

2095 4295 2259 4366 Hugo
2296 4298 2352 4350 et
2380 4294 2690 4360 Gerardus,
2725 4293 2878 4348 beati
2913 4294 3120 4349 Leonis
3169 4299 3431 4366 nepotes,
3479 4303 3756 4372 tempore

2096 4383 2354 4456 Gregorii
2382 4383 2503 4451 Vll,
2538 4387 2602 4438 ut
2633 4387 2789 4454 patet
2817 4399 2886 4437 ex
2915 4383 3042 4453 ejus
3071 4383 3321 4455 epistola
3349 4385 3420 4441 M
3443 4386 3580 4444 libri
3605 4389 3752 4459 ιι,αά

2097 4473 2482 4529 Guarnerium
2499 4471 2982 4544 Argentinensem
2998 4476 3054 4527 et
3067 4471 3477 4530 Burchardum
3519 4475 3752 4535 Basile-

2094 4579 2292 4618 ensem
2323 4562 2647 4633 episcopos,
2683 4560 2780 4616 ubi
2811 4562 2966 4616 idem
2999 4563 3257 4635 pontifex
3287 4568 3544 4620 testatur
3585 4567 3751 4624 istud

343 4659 740 4718 recensentur,
777 4652 963 4719 Hissa,
997 4651 1184 4707 sancti
1219 4652 1460 4723 Cyriaci,
1493 4651 1668 4705 Lutra
1717 4655 1772 4705 et
1819 4651 1980 4706 Wof-
2016 4672 2059 4734 Β
2097 4675 2124 4702 ‹‹
2156 4651 2576 4707 monasterium
2607 4651 2830 4706 Sanctae
2853 4651 3073 4719 Crucis,
3107 4652 3168 4705 in
3199 4655 3353 4707 terra
3381 4653 3752 4713 hmreditatis

343 4741 620 4798 fenheim.
654 4744 789 4806 Quae
815 4741 990 4796 etiam
1047 4740 1348 4795 Richerius
1405 4739 1555 4795 libro
1615 4757 1653 4793 ιι
1711 4739 1978 4796 Ghronici

343 4829 741 4896 Senoniensis,
774 4829 961 4900 capite
993 4831 1076 4896 14,
1136 4833 1552 4884 commemorat
1609 4829 1700 4884 his
1755 4829 1977 4897 verbis;

344 4941 372 4968 ιι
395 4923 585 4984 Anno,
619 4917 828 4987 inquit,
853 4918 1013 4984 4002,
1045 4917 1317 4973 nativitas
1349 4919 1497 4973 beati
1527 4917 1975 4974 Brunonis.......

342 5008 514 5077 cujus
544 5009 812 5075 parentes
843 5005 1082 5061 Hessam
1113 5007 1530 5062 monasterium
1561 5007 1978 5062 sanctimonia-

343 5093 490 5148 lium
523 5109 702 5164 penes
733 5093 1052 5149 Sareborch
1076 5096 1522 5151 zediﬁcaverunt.
1549 5097 1720 5151 Aliud
1745 5113 1978 5168 quoque

344 5181 766 5238 monasterium
812 5187 1280 5250 construxerunt,
1309 5185 1462 5255 quod
1516 5185 1974 5252 Aldorfdicitur,

341 5270 562 5327 ordinis
591 5270 776 5326 sancti
837 5271 1150 5339 Benedicti,
1201 5273 1358 5344 quod
1415 5273 1474 5326 in
1525 5271 1744 5326 Alsatia
1797 5273 1976 5328 situm

340 5366 462 5429 est;
523 5359 759 5416 tertium
818 5361 1014 5430 etiam,
1074 5362 1226 5432 quod
1289 5365 1600 5413 Lustrcnse
1633 5358 1880 5428 dicitur;
1922 5367 1978 5416 et

337 5454 611 5522 quartum
645 5449 1178 5505 sanctimonialium
1213 5449 1268 5501 in
1295 5447 1745 5502 honoresanctzn
1763 5448 1972 5517 crucis;

337 5537 500 5605 item,
533 5537 592 5592 in
634 5537 876 5603 Alsatia,
919 5538 1074 5609 quod
1133 5533 1520 5591 Wol'einheim
1578 5541 1970 5606 nuncupatur.

339 5627 471 5690 Quae
505 5625 860 5682 monasteria
891 5625 1060 5680 bonis
1091 5621 1342 5696 propriis
1401 5619 1478 5676 ita
1529 5623 1877 5691 ditavcrunt,
1909 5629 1974 5681 ut

339 5713 602 5786 ipsorum
631 5718 945 5770 conventus
977 5710 1308 5785 largissime
1335 5707 1564 5770 valeant
1619 5715 1967 5772 sustentare.

2089 4759 2208 4796 suae
2241 4759 2274 4796 a
2303 4741 2482 4796 beatae
2539 4740 2828 4795 memoriae
2877 4740 3064 4796 Leone
3103 4757 3254 4813 papa
3303 4741 3648 4814 fundatum,
3685 4761 3750 4802 ac

2090 4831 2340 4902 propriis
2361 4829 2570 4901 Opibus
2600 4831 2726 4900 ejus
2759 4833 3186 4898 constructum,
3212 4836 3430 4888 sancta
3463 4831 3748 4890 Romana!

2089 4918 2372 4986 Ecclesiae,
2405 4919 2496 4973 cui
2529 4919 2619 4990 pie
2641 4923 2698 4974 et
2723 4921 2921 4975 sancte
2953 4919 3321 4990 praesidebat,
3341 4919 3400 4974 in
3429 4923 3746 4993 preprium

2084 5010 2182 5080 jus
2213 5010 2284 5063 ab
2316 5025 2381 5062 eo
2413 5008 2594 5063 fuisse
2623 5007 2926 5062 traditum.
2959 5029 2987 5058 »
3022 5007 3168 5063 Data
3209 5013 3298 5064 est
3325 5026 3422 5064 xxv
3465 5011 3591 5066 Kal.
3641 5013 3745 5068 No-

2087 5100 2339 5161 vembris,
2373 5097 2667 5150 imliclione
2695 5113 2816 5150 xm.
2853 5101 3066 5151 Praeter
3087 5096 3208 5152 haec
3235 5098 3564 5155 Ludovicus
3591 5101 3746 5158 beati

2087 5185 2380 5257 pontificis
2411 5202 2574 5255 avus,
2607 5185 2656 5238 si
2686 5184 2894 5240 Joanni
2925 5185 2996 5240 de
3029 5186 3222 5258 Bayon
3254 5187 3581 5260 credimus,
3605 5191 3746 5248 dici-

2087 5279 2182 5328 tur
2213 5273 2416 5328 cellam
2447 5273 2766 5328 zedilicasse
2797 5273 3100 5330 monachis
3143 5274 3330 5330 Mauri
3391 5280 3744 5337 monasterii

2085 5362 2524 5433 (Maurmunsler)
2557 5361 2614 5415 in
2645 5361 2924 5417 honorem
2950 5361 3138 5418 sancti
3161 5362 3584 5434 Quirini,haud
3607 5385 3742 5442 pro-

2085 5451 2176 5506 cul
2208 5469 2242 5506 a
2273 5451 2574 5522 Dasburgo
2605 5455 2793 5506 castro
2819 5469 2832 5518 ;
2868 5453 3019 5523 quod
3047 5451 3284 5524 quidem
3308 5459 3578 5515 castrum
3605 5477 3742 5532 pra-

2082 5540 2313 5610 cipuam
2349 5539 2609 5611 Hugonis
2640 5541 2790 5596 beati
2827 5541 3032 5597 Leonis
3063 5541 3250 5613 patris
3291 5544 3496 5600 sedem
3557 5549 3739 5607 fuisse

2081 5629 2264 5683 aiunt.
2299 5627 2446 5692 Quin
2480 5632 2538 5682 et
2567 5627 2682 5684 alia
2710 5627 2855 5685 cella
2880 5629 3069 5685 eidem
3119 5629 3312 5686 vicina
3337 5631 3602 5692 habetur
3629 5638 3738 5695 sub

2077 5715 2248 5774 titulo
2279 5716 2464 5775 sancti
2497 5717 2724 5786 Leonis,
2758 5719 2934 5792 cujus
2963 5719 3178 5780 rudera
3207 5729 3536 5795 supersunt
3567 5727 3630 5786 in
3651 5743 3738 5786 ve-
