3880 6348
134 430 249 537 ‘95

982 434 1315 501 PROLEG.
1351 468 1424 483 —
1453 434 1637 500 Vl'l‘A
1681 435 1745 498 S.
1793 434 2103 498 LEONIS.
2135 469 2214 482 --
2242 434 2677 503 PROLOGUS.

3404 439 3525 533 nec

135 575 240 635 teri
268 577 478 642 castro,
509 571 666 647 quod
697 570 851 631 sicut
897 573 955 629 et
998 576 1311 629 comitatus
1365 574 1484 644 ipse
1518 573 1593 626 Uu
1614 573 1767 626 .bur-
1799 580 1853 645 Α
1884 572 1968 627 sio
1991 572 2199 627 abbate
2214 577 2512 628 exaratum
2528 576 2701 641 est,et
2724 568 2982 647 primum
2998 588 3067 631 ex
3085 554 3552 655 Capuanis,quac:

136 663 328 742 gensis
356 662 418 719 in
449 661 730 721 comitum
756 660 1172 737 Linangiorum
1218 660 1559 717 Lutheranae
1610 663 1776 716 sectae

138 752 561 831 possessionem
592 752 973 817 devenit.Qua
1000 768 1133 806 vero
1164 751 1385 805 ratione
1409 749 1503 805 hic
1536 749 1774 805 comita-

135 850 229 903 tus
257 859 287 900 e
320 843 477 900 beati
526 841 731 899 Leonis
790 840 1011 897 familia
1056 840 1353 895 transierit
1402 841 1471 895 ad
1530 844 1773 904 exteros,

136 932 368 1008 exponit
394 931 699 988 Richerius
729 929 787 986 in
818 930 1099 985 Chronico
1126 929 1494 997 Senoniensi,
1518 928 1667 983 libro
1698 946 1773 995 1v,

136 1040 259 1097 cap.
307 1024 395 1079 21.
445 1022 715 1078 Castrum
764 1019 930 1086 illud,
966 1020 1120 1090 quod
1160 1018 1589 1073 validissimum
1631 1022 1774 1081 erat,

136 1112 420 1183 hodieque
451 1109 764 1184 pristinum
796 1124 1006 1164 nomen
1049 1107 1279 1173 retinet,
1316 1108 1613 1177 Dasbourg,
1649 1123 1775 1173 seu,

137 1205 199 1258 ut
219 1200 429 1274 vulgus
458 1198 737 1271 loquitur,
767 1198 915 1254 Dabo
944 1196 1376 1261 dictum,situm
1410 1195 1464 1250 in
1494 1212 1636 1267 rupe
1666 1195 1776 1250 Vo-

137 1291 256 1365 ιιεί
288 1290 507 1349 montis
538 1305 743 1346 versus
771 1286 1075 1344 Alsatiam.
1109 1287 1178 1341 ad
1207 1303 1383 1357 quam
1415 1285 1775 1355 altinet,cum

136 1381 394 1452 subjecto
425 1377 533 1434 sibi
566 1376 843 1451 oppidulo
873 1380 931 1432 et
956 1375 1142 1431 vicino
1173 1378 1381 1436 tractu.
1414 1376 1775 1429 destructum

137 1470 262 1536 fuit,
283 1468 534 1540 jubente
565 1467 921 1522 Francorum
955 1480 1107 1537 rege,
1140 1480 1292 1518 anno
1331 1465 1491 1531 1678;
1524 1464 1625 1518 sed
1651 1464 1776 1535 jam

137 1560 206 1617 ab
238 1559 473 1615 beatum
508 1556 758 1611 Leonem
792 1554 1122 1610 redeamus.

202 1649 256 1703 7.
289 1647 372 1705 De
417 1644 623 1701 Leonis
670 1648 929 1700 extremo
979 1659 1129 1699 anno
1175 1641 1339 1697 nulla
1379 1642 1606 1697 videtur
1651 1658 1779 1697 esse

135 1735 449 1796 difﬁcultas
468 1752 481 1802 ;
500 1750 636 1790 eum
655 1732 871 1806 quippe
887 1749 1040 1788 anno
1058 1734 1191 1787 1054
1213 1732 1284 1787 ad
1308 1747 1549 1802 superos
1566 1730 1779 1786 abiisse

135 1824 508 1885 consentiunt
534 1839 759 1889 omnes,
790 1826 997 1894 praeter
1041 1820 1232 1877 solum
1281 1820 1632 1883 Wibertum,
1678 1818 1776 1890 qui

136 1928 356 1974 annum
388 1916 728 1985 sequentem
760 1910 1100 1982 assignavit.
1127 1911 1187 1965 Id
1215 1926 1283 1966 ex
1305 1909 1675 1965 librariorum
1695 1908 1777 1963 vi-
1810 1944 1856 2010 Β

132 2004 211 2061 tio
248 2004 309 2060 in
334 2000 585 2059 ,Wiberti
631 2003 851 2055 textum
900 1999 1206 2071 irrepsisse
1256 2002 1498 2055 censent
1545 1997 1779 2053 Bollan-

135 2091 321 2160 diani;
352 2094 412 2148 et
440 2089 680 2162 quidem
721 2088 1013 2145 versimile
1043 2092 1132 2144 est
1161 2089 1315 2143 hunc
1346 2103 1600 2143 errorem
1650 2103 1778 2159 pro-

132 2182 360 2239 venisse
392 2178 696 2237 occasione
725 2178 1025 2235 electionis
1054 2178 1303 2233 Victoris
1354 2177 1422 2245 II,
1465 2178 1593 2247 ejus
1647 2193 1779 2231 suc-

135 2270 537 2341 cessoris,quaz
559 2268 790 2323 nonnisi
820 2285 974 2324 anno
1005 2268 1125 2323 fere
1155 2267 1381 2338 integro
1413 2270 1543 2337 post
1572 2266 1779 2321 Leonis

135 2359 357 2418 obitum
412 2358 562 2413 facta
611 2356 740 2411 fuit.
775 2356 868 2411 Sic
919 2358 1113 2411 tamen
1164 2355 1380 2409 habent
1428 2371 1541 2408 non
1587 2352 1779 2409 solum

136 2448 291 2516 editi,
322 2446 427 2504 sed
459 2449 516 2502 et
546 2444 774 2501 codices
802 2447 836 2498 2
869 2461 1010 2499 mss.
1031 2443 1395 2499 Bibliothecze
1428 2442 1781 2513 Remigianae

136 2538 284 2609 apud
318 2537 711 2605 Remos,quos
739 2533 1179 2600 consuluimus;
1215 2533 1312 2587 sed
1338 2536 1401 2587 ut
1425 2536 1487 2587 ut
1509 2531 1783 2597 sit,unico

135 2624 381 2682 Wiherti
409 2623 741 2680 testimonio
765 2623 1183 2695 praeferendum
1208 2637 1516 2677 censemus
1537 2620 1783 2675 aliorum

134 2715 404 2772 omnium
435 2712 808 2784 scriptorum,
841 2712 1014 2767 etiam
1048 2711 1383 2783 aequalium,
1409 2725 1780 2766 consensum.

135 2803 421 2863 Getarum
457 2804 566 2857 Leo
596 2801 795 2855 statim
828 2805 959 2873 post
991 2806 1235 2855 mortem
1283 2798 1391 2855 coli
1443 2798 1636 2870 cmpit,
1670 2814 1785 2851 non

138 2890 330 2947 solum
364 2891 563 2945 Romte
594 2888 693 2943 ubi
724 2904 957 2945 sacrum
991 2888 1119 2958 ejus
1168 2904 1380 2959 corpus
1429 2886 1786 2958 quotidianis

139 2978 447 3037 miraculis
477 2976 843 3042 coruscabat,
874 2992 1075 3032 verum
1112 2976 1287 3032 etiam
1320 2975 1649 3041 Beneventi,
1688 2974 1785 3030 ubi

138 3067 420 3124 aedificata
452 3064 648 3123 fuitin
682 3067 809 3137 ejus
848 3064 1128 3121 honorem
1178 3064 1420 3120 ecclesia
1469 3069 1527 3119 et
1576 3065 1787 3119 festum

139 3156 323 3230 ipsius
352 3155 733 3213 celebratum.
769 3155 925 3210 Idem
974 3155 1045 3209 de
1092 3171 1201 3209 sua
1231 3153 1522 3226 Signiensi
1548 3152 1791 3208 ecclesia

147 3249 401 3303 testatur
428 3246 643 3300 Bruno.
663 3243 884 3298 Nomen
917 3245 1044 3314 ejus
1076 3243 1349 3298 exhibent
1378 3241 1789 3297 Kalendarium

1885 678 1918 717 a
1940 659 2219 717 Michaele
2251 661 2535 719 monacho
2565 661 2626 718 in
2647 660 2988 719 Sanctuario
3004 662 3553 741 reieruntur.0uod-

1884 754 1940 807 et
1969 750 2027 806 in
2056 750 2184 806 aliis
2214 751 2434 824 passim
2468 768 2771 809 occurrere
2802 770 2919 808 non
2942 752 3375 822 dubitamus,in
3406 754 3535 828 qui-

1885 841 1995 897 bus
2026 840 2177 896 sicut
2205 845 2263 896 et
2290 840 2347 896 in
2381 840 2792 914 Martyrologio
2815 842 3201 914 Romano,die
3229 843 3297 899 19
3322 842 3534 916 Aprilis

1885 928 2227 984 celebratur.
2260 930 2384 985 Non
2416 931 2570 985 enim
2606 923 2799 986 Romae
2831 930 3025 987 solum
3066 935 3169 988 aut
3193 935 3251 988 et
3280 931 3339 988 in
3373 930 3537 989 Italia

1887 1018 2096 1072 festum
2129 1019 2256 1089 ejus
2288 1019 2580 1087 recolitur,
2609 1021 2708 1076 sed
2736 1024 2793 1076 et
2822 1021 2881 1076 in
2913 1020 3045 1078 aliis
3077 1037 3310 1095 quoque
3348 1022 3538 1096 regio-

1887 1106 2062 1162 nibus
2088 1107 2367 1163 memoria
2409 1109 2536 1179 ejus
2594 1108 2836 1165 celebris
2885 1114 3008 1180 est;
3067 1110 3445 1183 potissimum
3476 1111 3535 1168 in

1886 1196 2144 1252 Tullensi
2180 1197 2434 1263 dimcesi,
2458 1199 2557 1252 ubi
2590 1199 2699 1253 sub
2730 1199 2841 1255 ritu
2880 1199 3097 1272 duplici
3127 1200 3539 1270 celebratur,et

1887 1285 2040 1356 apud
2077 1290 2306 1341 nostros
2338 1286 2708 1359 Remigianos
2737 1288 3125 1361 semiduplici.
3162 1290 3318 1346 Idem
3364 1291 3429 1347 fit
3473 1291 3532 1346 in

1887 1374 2121 1431 dioecesi
2156 1375 2492 1442 Basileensi,
2525 1393 2590 1431 ex
2619 1376 2861 1432 Joannis
2892 1395 2925 1433 a
2950 1378 3238 1435 Schonaw
3275 1379 3536 1453 episcopi

1888 1465 2185 1519 mandato.
2219 1465 2334 1519 Nec
2364 1465 2611 1520 dubium
2643 1468 2733 1521 est
2760 1465 2901 1537 quin
2930 1466 3085 1523 idem
3132 1470 3437 1540 praestetur
3473 1466 3535 1524 in

1886 1552 2062 1608 variis
2091 1552 2633 1621 Galliae,Germaniae
2665 1556 2722 1610 et
2750 1553 2991 1629 Belgicae
3015 1554 3182 1622 locis,
3212 1573 3362 1631 quas,
3395 1558 3537 1617 dum

1886 1641 2121 1709 viveret,
2154 1641 2425 1698 lustravit
2471 1659 2537 1697 ac
2589 1660 2698 1699 sua
2745 1645 3077 1717 praesentia,
3117 1648 3175 1701 et
3221 1644 3538 1718 pontificali

1888 1730 2287 1786 benedictione
2345 1749 2411 1787 ac
2470 1733 2648 1788 variis
2703 1733 3027 1807 privilegiis
3065 1734 3422 1792 consecravit
3472 1752 3539 1795 ac

1888 1820 2287 1874 communivit.
2338 1821 2645 1889 Czeterum,
2679 1821 2729 1877 si
2785 1823 2858 1878 ob
2907 1822 3037 1878 vitae
3092 1823 3539 1893 sanctimoniam

1890 1907 2177 1964 ccelitibus
2207 1910 2497 1981 ascriptus
2535 1913 2641 1978 est,
2676 1911 2748 1966 ob
2780 1911 3107 1966 doctrinam
3157 1911 3310 1969 inter
3354 1912 3537 1971 eccle-

1890 1998 2156 2054 siasticos
2187 1999 2497 2071 scriptores
2521 1999 2711 2055 locum
2745 2001 3014 2056 obtinuit.
3046 1999 3127 2057 De
3156 2001 3287 2073 ejus
3334 2001 3534 2076 Operi-

1889 2086 1999 2141 bus
2034 2087 2174 2143 nihil
2208 2088 2529 2143 notandum
2555 2088 2804 2144 occurrit
2824 2105 3003 2161 quam
3025 2090 3181 2162 quod
3203 2090 3393 2147 caeteri
3408 2091 3536 2158 jam

1889 2175 2287 2232 observarunt.
2316 2176 2671 2250 Sigebertus,
2703 2178 3006 2235 recensitis
3051 2179 3179 2251 ejus
3227 2179 3534 2254 Operibus,

1890 2280 2024 2319 eum
2056 2266 2130 2321 ob
2160 2282 2227 2321 ea
2257 2283 2381 2338 quae
2414 2266 2473 2322 in
2506 2270 2841 2323 sanctorum
2871 2267 3154 2324 honorem
3185 2269 3535 2342 composuit,

1891 2354 2167 2427 Gregorio
2200 2355 2408 2427 Magno
2440 2360 2893 2428 comparat,cap.
2920 2358 3128 2413 149.De
3159 2356 3539 2430 scriptoribus

1892 2442 2322 2499 ecclesiasticis.
2368 2443 2659 2499 Aubertus
2705 2444 2938 2499 Mirans
2978 2461 3113 2501 vero
3157 2445 3218 2500 in
3266 2444 3422 2502 notis
3469 2447 3543 2503 ad

1893 2532 2051 2587 hunc
2082 2531 2366 2603 Sigeberti
2399 2531 2613 2599 locum,
2648 2532 2849 2604 adjicit
2878 2536 3087 2604 praeter
3113 2532 3389 2606 epistolas
3418 2534 3547 2607 ejus

1894 2621 2104 2687 varias,
2138 2638 2264 2692 qua:
2295 2621 2352 2675 in
2386 2619 2774 2676 Conciliorum
2814 2621 3169 2678 editionihus
3210 2626 3269 2678 et
3314 2622 3545 2683 Baronii

1894 2709 2222 2765 Annalibus
2252 2708 2562 2775 habentur,
2592 2710 2854 2780 ejusdem
2889 2710 3076 2765 sancti
3105 2710 3398 2782 pontiﬁcis
3440 2710 3542 2779 ho-

1894 2797 2087 2855 milias
2118 2802 2176 2853 et
2206 2814 2503 2853 sermones
2534 2797 2767 2853 Lovanii
2824 2814 2977 2854 anno
3011 2798 3148 2853 1565
3194 2805 3247 2854 et
3291 2797 3542 2855 Coloniae

1897 2888 2057 2951 1618,
2093 2886 2400 2958 prodiisse,
2431 2887 2584 2959 quod
2616 2886 2771 2942 idem
2792 2886 3015 2942 notavit
3061 2885 3378 2943 cardinalis
3407 2887 3543 2944 Bel-

1894 2975 2473 3046 larminus.Denique
2496 2992 2787 3030 summam
2811 2976 2941 3047 ejus
2961 2975 3022 3031 in
3041 2974 3265 3032 litteras
3293 2993 3543 3050 propen-

1899 3064 2123 3120 sionem
2157 3063 2383 3135 prcbat,
2414 3064 2590 3137 idque
2617 3062 2794 3119 veluti
2825 3063 3093 3120 mirabile
3122 3063 3397 3138 proponit
3419 3065 3545 3125 Wi-

1899 3154 2097 3209 bertus
2128 3152 2275 3208 libro
2310 3170 2369 3222 ιι,
2403 3170 2529 3225 cap.
2565 3154 2652 3224 M,
2676 3154 2831 3225 quod
2865 3169 3076 3226 nempe
3104 3154 3256 3210 ultra
3282 3154 3548 3230 quinqua-

1900 3245 2160 3312 genarius
2187 3245 2337 3297 tanto
2365 3246 2596 3313 ferveret
2620 3241 2886 3311 studio,ut
2915 3242 3234 3299 divinarum
3264 3243 3548 3302 lectionem

141 3334 411 3392 breviarii
440 3332 1437 3404 ms.Casinensismonasterii,quod
1462 3332 1574 3387 sub
1595 3332 1791 3388 Oderi-
1820 3316 1863 3382 Ο
1899 3332 2314 3404 Scripturarum
2343 3330 2526 3388 Graeco
2557 3330 2852 3387 addiscere!
2880 3332 3116 3404 eloquio.

1511 3523 2182 3612 PROLOGUS.

203 3672 374 3728 Viam
429 3670 712 3728 universa;
761 3668 953 3725 carnis
1003 3669 1265 3741 ingresso
1314 3668 1586 3741 pontifice
1629 3666 1789 3723 Heri-

141 3775 354 3817 manno
385 3758 746 3831 (l),sucessit
775 3757 1123 3813 venerabilis
1158 3759 1364 3823 Bruno,
1389 3757 1476 3810 vir
1506 3755 1790 3811 natalium

143 3850 523 3922 prinrogativa
568 3852 745 3920 atque
803 3864 1035 3902 morum
1094 3846 1383 3918 elegantia
1446 3845 1796 3899 mirabiliter

143 3937 393 3995 donatus
426 3954 461 3993 a
490 3937 754 3994 Domino.
789 3934 896 4002 Qui
928 3935 1061 3989 licet
1087 3936 1207 4007 jam
1243 3935 1409 4005 quasi
1460 3938 1795 4005 postremus

144 4031 419 4101 appareat
440 4026 497 4080 in
521 4023 871 4098 pontificalis
893 4022 1248 4078 decessionis
1279 4021 1796 4094 catalogo,primus

147 4118 336 4174 tamen
368 4114 585 4172 enituit
612 4131 676 4169 ex
709 4112 927 4168 summi
958 4113 1333 4183 pontificatus
1361 4111 1659 4182 privilegio
1695 4127 1707 4165 :
1742 4114 1797 4164 et

144 4203 296 4261 velut
321 4204 555 4260 Lucifer
583 4202 711 4259 coeli
743 4202 993 4258 statione
1018 4200 1499 4267 novissimus,sed
1533 4198 1639 4255 soli
1672 4216 1799 4271 pro-

146 4292 423 4365 pinquior
450 4291 608 4359 exiit,
641 4292 783 4346 dum
833 4294 963 4362 post
1009 4289 1239 4361 longam
1291 4289 1663 4343 decessorum
1708 4304 1798 4342 se-

147 4381 309 4448 riem,
363 4398 476 4438 suo
525 4379 850 4436 sacerdotio
902 4379 1154 4434 Leucam
1200 4377 1430 4441 urbem,
1462 4376 1579 4431 imo
1612 4381 1799 4431 totum

145 4456 616 4527 Christianorum
646 4469 844 4524 orbem
892 4467 1223 4535 illustravit,
1273 4471 1328 4521 et
1375 4482 1573 4520 verum
1606 4465 1799 4520 Solem

145 4558 252 4615 sibi
284 4559 842 4626 vioinum,errorum
876 4556 1130 4628 fugando
1162 4554 1799 4628 caliginem,vivacitate

147 4646 235 4702 sui
283 4647 501 4703 nitoris
548 4646 821 4702 ostendit.
854 4645 969 4701 Nec
1012 4643 1417 4716 praejudicium
1452 4643 1696 4697 incurrit
1733 4659 1800 4698 ex

1906 3664 2134 3737 negotio
2165 3664 2352 3737 stylus
2382 3665 2678 3732 reddatur,
2712 3668 2777 3720 ut
2823 3666 2894 3722 de
2940 3669 3104 3722 tanto
3151 3665 3398 3740 pressule
3435 3682 3555 3724 non

1904 3757 2025 3809 tam
2058 3753 2277 3824 audita,
2311 3770 2489 3825 quam
2519 3755 2645 3809 visa
2672 3756 2742 3809 ad
2776 3754 3219 3812 aedificationem
3269 3754 3555 3829 plurimo-

1907 3859 2039 3897 rum
2071 3843 2564 3897 transcribantur.
2597 3843 2661 3897 Et
2711 3843 2948 3914 quidem
2997 3843 3329 3916 benignitas
3365 3844 3553 3916 ipsius

1909 3932 2148 4003 dignata
2178 3948 2368 3986 meam
2401 3932 2741 4003 parvitatem
2780 3931 3129 3988 familiarius
3178 3931 3291 3987 sibi
3331 3932 3559 4006 jugiter

1911 4021 2204 4087 assistere,
2236 4038 2351 4075 non
2384 4037 2488 4075 suo
2521 4020 2714 4075 studio
2734 4020 3015 4086 eﬂ'ecit,ut
3043 4019 3212 4092 plura
3240 4020 3313 4077 de
3341 4037 3407 4077 eo
3431 4020 3561 4075 imi-

1911 4110 2089 4166 tanda
2116 4108 2431 4165 valuissem
2482 4124 2586 4180 per
2619 4112 2834 4163 memet
2879 4107 3240 4182 dignoscere,
3281 4107 3567 4166 nonnulla

1911 4215 2144 4270 quoque
2176 4198 2466 4253 veracium
2499 4201 2555 4253 et
2586 4198 2850 4269 gravium
2895 4195 3194 4267 relatione,
3229 4198 3300 4254 de
3346 4198 3562 4272 quibus

1913 4288 2180 4359 quaedam
2203 4287 2293 4342 vix
2316 4290 2725 4342 summotenus
2739 4285 3362 4360 perstringo,quaedam
3385 4287 3558 4343 etiam

1913 4377 2104 4432 sciens
2135 4381 2431 4448 praetereo,
2460 4392 2530 4430 ne
2559 4380 2661 4430 aut
2690 4373 2800 4430 sim
2833 4374 3045 4447 longus
3077 4375 3210 4447 plus
3239 4376 3425 4448 justo,
3456 4392 3559 4432 seu

1914 4464 2235 4521 adulatorie
2265 4469 2430 4519 noter
2450 4464 2633 4535 elogio
2660 4482 2672 4532 ;
2707 4467 2828 4530 aut,
2861 4464 3001 4535 quia
3030 4463 3223 4520 adhuc
3270 4467 3560 4537 superest,

1912 4554 2230 4625 impugner
2259 4553 2356 4607 illo
2387 4553 2718 4608 Salomonis
2749 4551 3048 4624 proverbio
3082 4568 3096 4606 :
3128 4554 3202 4608 Nc
3247 4552 3438 4608 laudes
3461 4552 3560 4608 ho-

1911 4644 2118 4697 minem
2149 4645 2209 4697 iu
2242 4644 2354 4697 vita
2379 4659 2478 4697 sua
2510 4643 2696 4712 (Eccti.
2730 4659 2807 4696 x1.
2843 4642 2931 4713 30)
2986 4641 3057 4696 Et
3102 4641 3379 4714 quoniam
3429 4656 3564 4713 pro-

148 4735 493 4808 posteritate
522 4734 622 4807 qui
651 4739 786 4791 ante
816 4732 1027 4791 saecula
1057 4732 1337 4788 divinitus
1369 4733 1601 4803 praefixo
1627 4732 1801 4787 desti-
1838 4743 1880 4807 ῃ
1916 4731 2171 4802 positum
2205 4730 2491 4786 habemus
2517 4731 2669 4786 dona
2698 4730 2795 4785 Dei
2830 4730 3065 4786 laudare
3095 4729 3242 4786 ineo
3265 4745 3396 4802 quae
3425 4735 3568 4786 sunt

147 4831 320 4883 natus
349 4829 450 4882 est
479 4828 760 4896 tempore.
796 4820 1187 4879 lmmutabilis
1219 4821 1374 4876 enim
1408 4819 1802 4887 divinitas,rni

149 4918 359 4971 cuncta
388 4912 683 4971 assistunt
711 4916 839 4967 acta
867 4915 921 4967 et
952 4910 1178 4982 agenda
1208 4909 1407 4976 simul,
1435 4909 1519 4964 sic
1549 4909 1808 4981 disponit

150 5000 576 5061 alternationes
619 4999 1015 5067 mutabilium,
1049 5002 1115 5053 ut
1162 5015 1277 5053 non
1325 4998 1435 5052 sibi
1483 4999 1805 5069 quidquam

150 5106 343 5149 serum
376 5094 486 5148 aut
515 5094 937 5163 praeposterum
968 5088 1182 5143 sentiat
1233 5088 1292 5141 in
1344 5087 1547 5141 ordine
1588 5104 1803 5143 rerum.

149 5181 390 5253 Nempe,
427 5183 497 5235 ut
525 5180 597 5235 de
629 5177 873 5251 reliquis
904 5176 1136 5232 interim
1168 5180 1447 5243 taceatur,
1482 5174 1805 5246 redemptio

150 5270 339 5340 generi
372 5269 643 5324 humano
694 5267 945 5323 maxime
992 5264 1342 5328 necessaria,
1376 5264 1434 5317 in
1480 5264 1593 5318 ﬁne
1626 5281 1805 5319 seacu-

150 5355 336 5412 lorum
370 5356 639 5414 exhibita
668 5355 1109 5428 comprobatur;
1143 5358 1197 5408 et
1228 5353 1327 5424 qui
1361 5351 1491 5424 plus
1530 5352 1805 5407 omnibus

150 5441 436 5503 laboravit
468 5444 711 5511 Paulus,
730 5450 864 5517 post
886 5443 1180 5515 apostolos
1210 5457 1412 5496 omnes
1444 5440 1514 5494 de
1544 5438 1686 5494 coelo
1709 5458 1803 5495 vo-

153 5538 334 5604 catur,
368 5534 533 5590 unde
561 5534 740 5589 etiam
775 5533 1103 5588 abortivum
1126 5534 1310 5585 semet
1330 5545 1700 5600 nuncupasse
1724 5529 1807 5583 in-

151 5621 398 5679 venitur.
433 5621 658 5678 Verum
690 5637 763 5678 ne
792 5620 1016 5677 diutius
1057 5618 1151 5675 hic
1198 5618 1504 5685 hzereatur,
1535 5621 1804 5688 suscepto

1917 4819 2213 4876 laudanda
2241 4819 2299 4874 in
2332 4836 2581 4891 pagano,
2614 4836 2727 4874 non
2762 4818 3059 4874 hominem
3101 4818 3437 4888 laudamus,
3464 4820 3565 4876 sed

1916 4907 2083 4963 illum
2116 4925 2149 4964 a
2180 4925 2293 4979 quo
2323 4912 2381 4963 et
2411 4925 2515 4980 per
2544 4924 2718 4980 quem
2759 4909 2952 4964 omnis
2994 4907 3170 4965 homo
3212 4907 3455 4965 veniens
3508 4909 3567 4965 in

1916 4996 2071 5052 hunc
2112 4997 2401 5051 mundum
2433 4995 2823 5066 illuminatur,
2874 5000 2939 5051 ut
2985 5001 3089 5053 aut
3134 4997 3290 5054 bona
3335 4996 3567 5071 cogitet,

1916 5086 2074 5141 dicat
2097 5085 2185 5140 vel
2218 5085 2789 5157 operetur.Nunquid
2822 5101 2956 5142 vero
2986 5090 3218 5142 tantum
3261 5086 3570 5160 praesulem

1916 5179 2314 5246 protestamur
2334 5173 2392 5227 in
2425 5173 2534 5228 hac
2566 5173 2783 5228 misera
2806 5172 3082 5246 vita,quaa
3101 5174 3304 5246 utique
3333 5179 3424 5230 est
3453 5178 3573 5230 tota

1918 5263 2181 5327 tentatio,
2217 5263 2342 5318 sine
2376 5266 2608 5333 peccato
2640 5261 2957 5334 aliquando
2981 5264 3197 5319 vixisse
3225 5267 3327 5319 aut
3360 5262 3570 5330 vivere,

1917 5351 2071 5424 quod
2108 5368 2212 5406 nec
2248 5350 2421 5406 unius
2452 5351 2565 5406 diei
2601 5351 2810 5407 infanti
2839 5352 2991 5409 valet
3017 5351 3284 5408 evenire?
3309 5349 3419 5406 Sed
3442 5351 3575 5421 qui-

1916 5441 2030 5495 bus
2058 5445 2147 5496 est
2178 5441 2357 5495 studii
2391 5440 2620 5495 divinas
2646 5441 2884 5496 virtutes
2905 5442 2963 5496 in
2987 5440 3180 5510 aliquo
3205 5435 3439 5492 homine
3462 5436 3572 5492 im-

1917 5546 2153 5601 pressas
2194 5531 2265 5584 ad
2318 5529 2627 5584 utilitatem
2676 5529 2920 5587 aliorum
2967 5525 3293 5600 praedicare,
3324 5530 3570 5594 peccata

1914 5616 2173 5673 hominis
2195 5635 2321 5689 quae
2346 5618 2471 5688 jam
2494 5634 2528 5672 a
2545 5617 2660 5673 Deo
2676 5621 2827 5673 tecta
2843 5611 3188 5684 sunt,nolint
3203 5610 3274 5666 ad
3289 5610 3563 5679 ejusdem

221 5730 299 5801 (1)
328 5729 727 5787 Hirimannus
753 5728 1065 5803 episcopus
1088 5724 1381 5782 Tullensis
1415 5740 1484 5779 ex
1523 5722 1631 5779 hac
1661 5722 1777 5780 vita
1813 5721 2091 5794 migravit
2119 5739 2273 5778 anno
2304 5725 2459 5778 1026.
