3880 6350
137 515 251 583 469

1074 519 1407 583 Ρηοηζσ.
1441 552 1519 566 --
1547 517 1732 581 VITA
1778 518 1844 580 S.
1894 516 2198 581 LEONIS.
2232 551 2308 565 —
2336 519 2487 582 LIB.
2532 518 2584 582 I.

3408 508 3530 582 4Ἶο

138 648 395 711 carnales
425 667 605 727 supra
633 650 874 712 modum
910 650 1299 712 intumescere
1330 669 1577 727 moxque
1605 654 1775 709 detu-
1804 651 1859 719 Α
1888 650 1985 724 pia
2013 652 2371 726 dispensatio
2403 652 2704 712 consuevit
2728 648 2899 711 donis
2922 651 3047 711 suis
3068 648 3298 725 ﬂagella
3325 654 3383 709 et
3409 654 3538 709 ten-

144 757 414 799 mescere.
447 742 583 799 Erat
612 742 829 817 quippe
868 742 1119 800 affabilis
1158 743 1452 809 omnibus,
1486 742 1661 798 etiam
1693 742 1782 796 in-

134 831 308 897 ﬁmis,
325 836 564 904 aspectu
586 837 642 888 et
663 833 840 889 aﬂ‘atu
864 850 1095 905 quoque
1119 833 1342 898 hilaris,
1369 830 1784 887 obedientissi—

132 937 261 976 mus
293 936 406 976 non
439 925 670 976 tantum
706 923 1029 993 maioribus
1061 928 1116 977 et
1137 920 1553 993 coaequalibus,
1580 936 1781 975 verum

132 1008 337 1065 etsuis
361 1008 711 1066 minoribus.
737 1011 878 1082 Ejus
898 1012 1134 1082 quidem
1161 1008 1697 1081 collegzr,quamvis
1718 1025 1782 1063 eo

134 1097 443 1169 majusculi
471 1099 842 1164 exstiterunt,
865 1100 981 1155 duo
1012 1098 1404 1154 Adalberones
1427 1095 1784 1152 contribules

125 1185 236 1253 sui,
261 1202 329 1241 ex
350 1186 569 1258 quibus
590 1188 748 1258 prior
767 1186 1084 1243 immaturo
1106 1193 1195 1242 est
1220 1187 1356 1242 hinc
1379 1190 1583 1257 raptus
1603 1185 1779 1259 exitu,

124 1272 289 1329 ducis
346 1273 613 1330 videlicet
668 1275 1015 1331 Theoderici
1070 1277 1227 1331 filius
1259 1277 1359 1345 (6),
1393 1276 1537 1330 alter
1588 1279 1783 1328 autem

122 1361 415 1419 Hezilonis
435 1363 603 1419 ducis
628 1381 1054 1436 germanus,ac
1080 1364 1370 1419 Frederici
1397 1364 1591 1418 eximii
1623 1363 1782 1435 prin-

126 1450 271 1523 cipis
304 1456 503 1520 natus,
536 1454 646 1508 sub
678 1453 1009 1509 scholarum
1043 1454 1347 1525 magistro,
1379 1453 1653 1523 magister
1683 1467 1781 1505 ne-

120 1537 302 1613 potuli
324 1541 417 1595 sui
442 1541 730 1597 Brunonis
752 1544 1143 1610 constitutus,
1173 1542 1310 1613 quia
1340 1546 1479 1597 tunc
1510 1558 1612 1612 pro
1635 1544 1783 1593 tem-

120 1645 255 1701 pore
286 1628 619 1684 habebatur
656 1630 890 1687 sciolus.
927 1632 1031 1695 Qui
1067 1637 1266 1702 postea
1306 1632 1377 1685 ad
1416 1630 1777 1685 antistitium

123 1716 579 1773 Mediomatrica:
604 1719 768 1775 urbis
786 1724 915 1774 voto
934 1719 1069 1775 cleri
1095 1725 1150 1775 et
1172 1720 1379 1790 plebis,
1396 1720 1584 1791 magis
1602 1736 1779 1789 quam

119 1822 224 1861 suo
275 1808 758 1879 assumptus,vir
804 1809 940 1863 huic
991 1814 1191 1864 nostro
1249 1808 1498 1879 tempori
1556 1808 1781 1862 refulsit

119 1895 389 1967 apprime
438 1896 863 1967 prmdicandus.
898 1898 1043 1952 Nam
1091 1915 1125 1952 a
1172 1897 1467 1969 primaevo,
1503 1896 1608 1951 soli
1664 1896 1778 1951 Deo

115 1982 390 2055 placendi
426 1984 702 2056 cupidus,
738 2002 916 2055 supra
945 1990 1168 2040 mtatem
1206 2001 1373 2040 suam
1405 1991 1461 2040 et
1488 1984 1775 2039 valetudi-
1806 2023 1853 2087 Β

112 2088 266 2138 nem,
290 2088 533 2128 carnem
583 2091 754 2129 suam
787 2092 920 2129 cum
952 2075 1111 2130 vitiis
1142 2075 1481 2143 crucifigere
1530 2077 1771 2128 conatus

109 2165 223 2228 est;
258 2160 411 2216 adeo
442 2162 669 2217 fervens
700 2162 833 2233 igne
862 2163 1205 2229 divinitatis,
1227 2168 1291 2216 ut
1330 2163 1402 2216 ab
1436 2162 1578 2233 ipsis
1608 2160 1772 2217 Chri-

108 2249 285 2305 stiani
304 2250 580 2322 tyrocinii
602 2251 949 2306 rudimentis
967 2256 1266 2323 putaretur
1286 2250 1768 2322 perfectissimus.

107 2336 374 2410 Denique
406 2342 472 2393 ut
499 2338 558 2392 in
591 2340 898 2410 praesentia
929 2341 998 2394 de
1030 2339 1281 2410 plurimo
1318 2342 1446 2407 ejus
1478 2338 1770 2401 cmlibatn,

109 2426 176 2481 de
206 2426 560 2481 columbina
589 2426 942 2491 innocentia,
966 2428 1036 2481 de
1070 2428 1406 2498 serpentina
1438 2427 1770 2496 prudentia,

104 2515 173 2571 de
201 2514 472 2571 discreta
519 2516 862 2581 acrimonia,
897 2517 1081 2588 deque
1115 2522 1343 2569 matura
1382 2516 1680 2585 gravitate,
1712 2514 1770 2569 in

109 2610 309 2659 tenera
341 2603 545 2659 indole
576 2610 857 2671 taceatur,
884 2606 941 2660 in
974 2610 1203 2660 tantum
1235 2610 1419 2659 semet
1442 2604 1686 2673 jejuniis
1719 2609 1775 2659 et

101 2692 317 2766 vigiliis
346 2694 571 2758 affecit,
595 2699 660 2748 ut
692 2693 834 2748 illud
869 2695 1016 2749 beati
1049 2694 1159 2747 Job
1186 2693 1357 2747 etiam
1394 2692 1774 2747 historialiter

107 2782 219 2837 dici
250 2782 453 2854 possit
486 2798 499 2837 :
532 2784 679 2837 Pelii
714 2798 853 2838 mem
893 2784 1224 2853 consumptis
1256 2782 1513 2835 carnibus
1544 2780 1773 2834 adhaesit

107 2886 163 2925 os
190 2886 387 2926 meum
419 2872 558 2943 (Job.
592 2888 708 2937 xxx,
743 2873 855 2941 20).

167 2957 262 3013 ιν.
290 2959 489 3014 Simul
519 2974 643 3014 cum
667 2975 727 3014 eo
760 2961 941 3013 Bruno
970 2958 1167 3013 studiis
1191 2960 1441 3012 vacat.—
1469 2956 1608 3010 Hinc
1638 2972 1773 3026 ergo

98 3046 198 3101 tali
233 3046 488 3119 collega:
522 3047 955 3102 indivisibiliter
975 3047 1206 3117 gemino
1229 3063 1521 3101 connexus
1544 3046 1771 3111 alfectu,

106 3135 465 3207 spectabilis
489 3152 633 3208 puer
656 3140 846 3191 Bruno
867 3136 1173 3190 insistebat
1192 3135 1515 3189 litterarum
1540 3150 1775 3205 gymna-

107 3224 213 3291 sio,
230 3225 436 3297 deque
461 3224 810 3279 liberalitate
828 3242 937 3279 sua
954 3224 1061 3278 sibi
1085 3224 1527 3293 congaudebant
1549 3227 1773 3277 mutuo.

91 3314 319 3378 Quibus
350 3313 472 3368 etsi
507 3313 880 3368 adhrercbant
912 3310 1129 3366 nobilia
1154 3311 1417 3365 examina
1434 3326 1771 3381 puerorum,

1892 741 2142 798 tationes
2168 744 2535 813 permiscere,
2556 743 3055 815 quemadmodum
3077 741 3349 798 novimus
3369 740 3539 796 beato

1888 830 2015 896 Job,
2050 839 2223 903 atque
2264 832 2523 904 apostolo
2568 832 2769 898 Paulo,
2802 836 2859 888 et
2890 848 3037 904 pene
3066 831 3295 888 cunctis
3342 827 3540 884 electis

1890 920 2224 990 contigisse,
2250 922 2556 977 dicendum
2582 922 2814 977 videtur
2842 917 3106 994 qualiter‘
3126 920 3186 975 in
3218 918 3406 992 ipsius
3436 933 3541 990 pu-

1891 1007 2129 1063 bertatis
2161 1010 2427 1081 ingressu
2476 1012 2653 1068 fuerit
2702 1010 3063 1083 periclitatus
3094 1013 3173 1077 et,
3208 1025 3342 1065 mox
3372 1023 3538 1064 acce-

1892 1096 2061 1151 dente
2094 1097 2310 1153 cmlesti
2344 1101 2651 1164 medicina,
2682 1100 2960 1156 salvatus.
3482 1104 3485 1105 ⁷

1962 1183 2030 1237 V.
2067 1187 2105 1239 A
2141 1188 2339 1257 bufone
2366 1191 2664 1243 sauciatur.
2698 1190 2780 1243 Ex
2807 1204 2911 1263 quo
2946 1190 3191 1257 graviter
3220 1188 3539 1244 laborans'a

1892 1273 1948 1328 S.
1982 1275 2267 1330 Benedicto
2294 1283 2543 1331 sana/ur.
2572 1308 2637 1318 —
2664 1278 2809 1333 Cum
2842 1278 2968 1348 jam
2999 1276 3167 1333 solito
3197 1276 3533 1332 liberiorem

1892 1379 1926 1416 a
1958 1362 2204 1417 scbolari
2229 1366 2374 1435 jugo
2407 1366 2650 1438 adeptus
2682 1366 2885 1421 fuisset
2908 1367 3207 1431 cervicem,
3230 1363 3534 1421 multoties

1892 1457 2199 1521 parentum
2235 1470 2475 1508 suorum
2509 1455 2797 1510 invisebat
2817 1453 3534 1522 mansionem,delectatus

1892 1556 2003 1593 non
2039 1546 2267 1596 tantum
2300 1543 2555 1613 genuina
2600 1543 2902 1598 affectione
2933 1547 3220 1614 quantum
3265 1540 3538 1614 religiosa

1889 1644 2089 1683 eorum
2121 1632 2558 1687 conversatione
2583 1637 2640 1687 et
2660 1631 2959 1687 liberrima
2979 1633 3191 1688 domus
3213 1647 3329 1687 suae
3349 1628 3411 1684 in
3429 1629 3536 1684 mi-

1887 1714 2090 1771 litibus
2121 1722 2178 1772 et
2209 1719 2430 1774 familia
2463 1719 2865 1793 dispositione.
2890 1721 3039 1793 Ergo
3062 1721 3316 1793 quodam
3338 1718 3533 1775 mstivo

1886 1808 2000 1858 tem
2012 1807 2313 1876 pore,dum
2337 1824 2405 1863 ex
2423 1825 2581 1863 more
2598 1826 2731 1865 cum
2756 1810 2840 1865 eis
2856 1811 3009 1881 apud
3034 1808 3227 1865 nobile
3247 1811 3533 1874 castrum,

1887 1893 2245 1963 Eginisbeim
2278 1915 2310 1952 n
2323 1903 2701 1969 uncupatum,
2728 1903 3071 1966 moraretur,
3087 1895 3532 1970 superveniente

1886 1984 2190 2050 cujusdam
2232 1991 2399 2039 nocte
2431 1986 2684 2051 Sabbati,
2720 1987 2777 2041 iu
2818 1985 3217 2042 amoenissime
3256 1981 3529 2041 cubiculo

1883 2072 2398 2144 soporatur.Cujus
2418 2075 2678 2130 dextram
2703 2076 2907 2131 faciem
2927 2090 3218 2130 venenosa
3239 2072 3340 2128 illa
3362 2088 3525 2138 rana,

1882 2176 2007 2230 quze
2040 2161 2174 2216 bufo
2202 2168 2593 2235 nuncupatur,
2609 2163 2727 2220 sive
2756 2165 2980 2231 rubeta,
3004 2160 3339 2220 conscendit
3358 2161 3530 2234 eique

1881 2264 1948 2301 ex
1980 2250 2367 2306 anterioribus
2391 2253 2637 2322 pedibus
2667 2269 2852 2308 unum
2874 2252 2933 2307 in
2957 2252 3145 2325 genis,
3164 2249 3409 2307 alterum
3432 2266 3530 2304 au-

1880 2341 1996 2391 tem
2022 2339 2130 2392 sub
2161 2338 2336 2403 labio,
2363 2346 2421 2394 et
2452 2357 2519 2395 ex
2550 2341 2971 2413 posterioribus
3000 2340 3251 2413 priorem
3270 2341 3403 2411 post
3432 2353 3531 2393 au-

1884 2426 2282 2492 rem,alternm
2300 2446 2430 2483 vero
2449 2431 2557 2484 sub
2578 2434 2771 2484 mento
2788 2430 3266 2502 afﬁgens,sugere
3284 2443 3349 2482 ac
3362 2424 3531 2482 strin-

1882 2530 2015 2583 gere
2040 2516 2374 2571 immaniter
2395 2519 2715 2590 cmpit.Quo
2729 2519 2925 2574 dolore
2940 2514 3532 2590 expergefactus,hor-

1884 2601 2071 2657 ribilis
2102 2603 2373 2659 animalis
2402 2606 2781 2677 deprehendit
2824 2606 2990 2662 faciei
3032 2623 3154 2661 suae
3193 2603 3530 2661 incumbere

1883 2690 2273 2760 perniciosum
2304 2694 2754 2763 pondus.Tanto
2776 2695 2974 2765 itaque
2992 2698 3233 2765 tamque
3264 2706 3413 2747 novo
3437 2707 3531 2763 pe-

1882 2777 2065 2832 riculo
2088 2780 2390 2842 attonitus,
2407 2799 2439 2836 a
2461 2786 2641 2837 strato
2669 2799 2731 2837 se
2750 2782 2914 2837 ocius
2937 2781 3218 2853 corripuit
3236 2784 3292 2834 et
3311 2778 3528 2835 immo-

1882 2866 2074 2919 dicum
2108 2884 2221 2921 non
2270 2871 2564 2938 perferens
2611 2870 2957 2935 cruciatum,
2989 2868 3108 2924 ictu
3157 2867 3361 2939 palma:
3393 2870 3529 2943 post

1883 2970 2081 3008 aurem
2116 2955 2333 3009 librata:
2364 2957 2619 3013 virosum
2646 2957 2813 3013 illum
2861 2958 2919 3012 in
2971 2957 3243 3014 eumdem
3273 2958 3526 3011 stratum

1883 3058 2056 3096 suum
2072 3042 2568 3108 decussit,timens
2590 3044 2739 3109 ne,si
2757 3060 2930 3103 manu
2951 3042 3211 3099 medium
3230 3043 3526 3112 arreptum

1883 3130 2181 3185 extrahere
2210 3136 2512 3195 tentasset,
2537 3132 2730 3187 acrius
2761 3133 3057 3204 irreperet.
3082 3131 3245 3187 Tunc
3274 3144 3527 3202 nequam

1882 3218 1997 3287 ille,
2027 3218 2160 3273 licet
2190 3220 2245 3273 in
2280 3237 2386 3275 suo
2412 3238 2587 3292 super
2614 3221 2826 3276 lectum
2856 3238 2994 3276 casu
3024 3219 3233 3275 elisum
3266 3217 3527 3274 sonitum

1882 3306 2215 3372 reddiderit,
2248 3313 2443 3361 tamen
2489 3308 2794 3379 capitalem
2830 3307 3135 3380 pulvillum
3165 3306 3358 3361 denuo
3388 3320 3526 3361 con-

91 3400 201 3473 ipsi
232 3407 447 3457 tamen
478 3401 596 3457 duo
628 3401 901 3456 omnibus
924 3400 1049 3455 suis
1070 3400 1478 3454 consodalibus
1500 3399 1761 3470 praeemi-
1794 3386 1835 3451 C
1876 3396 2168 3461 scenderc,
2192 3395 2318 3465 ipso
2341 3397 2743 3466 perspiciente,
2766 3413 2883 3451 non
2915 3394 3172 3462 distulit;
3198 3411 3333 3450 nam
3356 3394 3524 3450 luna-

92 3496 357 3549 nuerunt
390 3495 522 3545 tam
545 3491 861 3561 capacitate
881 3488 1206 3544 liberalium
1232 3488 1556 3543 studiorum
1583 3506 1757 3559 quam

93 3576 500 3635 honestorum
526 3577 865 3633 excellentia
886 3593 1146 3643 morum;
1182 3593 1404 3647 nempe,
1423 3581 1485 3631 ut
1504 3577 1756 3646 primum

91 3667 382 3739 competit
416 3666 694 3732 rudibus,
712 3667 956 3720 decurso
977 3665 1192 3719 artium
1217 3664 1403 3730 trivio,
1428 3682 1541 3719 non
1570 3664 1759 3719 solum

92 3752 449 3811 claruerunt
474 3771 652 3827 prosa
673 3760 729 3809 et
749 3759 953 3820 metro,
969 3770 1166 3807 verum
1191 3758 1246 3808 et
1267 3754 1525 3808 forenses
1542 3759 1765 3808 contro-

89 3844 314 3901 versias
362 3847 553 3899 acuto
584 3848 640 3898 et
668 3844 848 3898 vivaci
899 3842 1067 3897 oculo
1116 3843 1326 3896 mentis
1373 3842 1764 3913 deprehensas

91 3933 523 4005 expediebant,
547 3949 650 3988 seu
685 3932 1058 3987 removebant
1086 3930 1308 3985 sedulo.
1334 3932 1590 4002 Denique
1624 3948 1766 4001 qua-

89 4018 371 4076 druvium
412 4018 681 4075 naturali
728 4020 961 4091 ingenio
992 4017 1343 4089 vestigantes
1384 4019 1772 4089 degustarunt

90 4112 262 4181 atque
283 4125 414 4165 non
447 4108 771 4165 minimum
794 4107 851 4162 in
875 4107 1003 4179 ipso
1030 4123 1261 4178 quoque
1281 4106 1589 4161 valuerunt
1620 4108 1773 4161 sicut

88 4199 412 4269 sequentia
446 4214 528 4254 ex
560 4201 725 4269 parte
755 4196 1119 4251 indicabunt.
1155 4196 1360 4266 lgitur,
1390 4212 1521 4250 cum
1555 4197 1772 4251 ibidem

88 4286 310 4356 pariter
328 4288 748 4343 educarentur
769 4284 1025 4358 praedicti
1051 4284 1463 4355 pueri,domini
1487 4285 1777 4340 Brunonis

87 4376 344 4446 genitrix
377 4374 633 4432 somnio
662 4372 1005 4443 hujusmodi
1035 4374 1309 4428 edocetur
1336 4373 1405 4427 de
1430 4373 1625 4428 futura
1653 4392 1781 4446 pro-

88 4465 351 4521 motione
388 4464 508 4520 filii
538 4463 653 4519 sui.
677 4462 822 4518 Nam
844 4461 1075 4516 videbat
1095 4462 1260 4532 quasi
1287 4461 1542 4533 seipsam
1567 4481 1598 4517 ιι
1622 4468 1785 4534 parte

88 4553 468 4624 pontiﬁcalis
505 4568 757 4607 camerae
788 4550 1180 4605 venerandam
1213 4548 1517 4605 basilicam
1551 4552 1627 4621 (7)
1657 4553 1785 4606 bea-

85 4641 302 4698 tissimi
339 4639 819 4716 protomartyris
851 4637 1131 4710 Stephani
1173 4636 1420 4708 ingredi,
1456 4644 1787 4711 sanctasque

88 4731 395 4789 memoria
433 4727 759 4804 praesulem
783 4727 1132 4815 Gerardum,
1157 4726 1215 4780 in
1242 4726 1356 4781 vita
1385 4732 1442 4782 et
1472 4732 1602 4798 post
1635 4745 1787 4782 mor-
1818 4751 1863 4815 Β

87 4821 200 4874 tem
234 4819 663 4875 clariﬁcatum
697 4814 1016 4882 miraculis,
1052 4830 1354 4870 occurrere
1398 4814 1532 4879 sibi,
1559 4832 1623 4870 ac
1666 4817 1783 4870 sol-

86 4912 316 4965 ventem
344 4927 380 4965 a
407 4904 671 4981 propria
700 4904 919 4959 cervice
949 4901 1227 4965 orarium,
1247 4903 1400 4973 quod
1434 4902 1607 4976 vulgo
1637 4904 1786 4959 stola

87 4996 327 5063 dicitur,
355 4998 582 5054 eidem
613 4992 948 5066 reposuisse
992 4991 1049 5045 in
1089 4991 1340 5045 manica.
1364 4992 1524 5055 Quod
1560 4993 1781 5065 utique,

83 5099 180 5142 ceu
217 5085 453 5160 conjici
502 5086 732 5157 potest,
765 5079 909 5135 illud
961 5079 1342 5151 portendebat
1390 5082 1544 5150 quod
1597 5082 1782 5137 tilium

84 5172 270 5245 ipsius
302 5193 436 5232 non
475 5177 616 5229 tam
649 5168 809 5226 sedis
829 5186 949 5224 suae
981 5183 1157 5238 quam
1182 5167 1315 5221 boni
1349 5168 1527 5222 studii
1561 5186 1786 5226 succes-

86 5277 273 5320 sorem
323 5262 597 5320 caelitus
646 5257 1067 5330 praestituebat.
1105 5255 1244 5309 Nam
1296 5271 1428 5309 cum
1478 5257 1721 5327 quintus
1752 5277 1785 5314 a

88 5351 328 5408 domino
355 5355 443 5424 (8)
476 5348 754 5406 Gcrardo
788 5346 1138 5401 reverendus
1173 5345 1361 5397 Bruno
1391 5352 1780 5416 computetur,

88 5440 154 5497 ab
186 5442 321 5516 ipso
375 5443 666 5504 tantum,
699 5441 758 5492 et
795 5452 908 5490 non
944 5434 1016 5489 ab
1046 5432 1240 5503 aliquo
1283 5433 1619 5503 sequacium
1653 5438 1781 5505 ejus

87 5528 319 5586 videtur
360 5526 765 5604 praelectus,
802 5521 1103 5594 quoniam,
1144 5521 1259 5576 Deo
1301 5526 1610 5587 annuente,
1643 5538 1776 5581 eum

89 5631 197 5689 pra:
228 5617 354 5676 illis
413 5619 522 5674 est
576 5612 869 5669 imitatus.
888 5609 1020 5676 Sed,
1053 5607 1190 5679 quia
1237 5608 1652 5679 omnipotentis
1683 5611 1779 5666 Dei

157 5746 237 5814 (6)
253 5734 895 5814 Adalberoifrcderiei
909 5732 1070 5814 filius
1093 5732 1288 5814 senilem
1308 5731 1616 5787 Metensem
1642 5751 1778 5790 con-

92 5804 322 5873 scendit
355 5830 535 5873 anno
572 5809 750 5877 4047;
784 5805 927 5863 obiit
949 5804 1293 5877 gannogiQZZ.

160 5872 238 5962 (7)
270 5872 644 5947 Ecclesium
673 5872 1061 5937 cathedralem
1092 5872 1246 5931 Tulli
1276 5874 1333 5929 S.
1368 5874 1655 5945 Stephano
1685 5894 1779 5933 sa-

1867 3482 2030 3536 ribus
2061 3482 2237 3537 radiis
2261 3488 2397 3538 tunc
2427 3483 2833 3541 illustrabatur
2853 3504 3025 3543 omne
3054 3487 3313 3561 penetral
3343 3489 3509 3545 cubi-

1868 3568 1959 3624 lis.
1978 3570 2091 3624 Nec
2110 3587 2302 3638 mora;
2326 3573 2673 3628 famulorum
2692 3575 2866 3631 turba
2886 3577 3186 3648 repentino
3202 3577 3399 3634 dilecti
3415 3578 3513 3634 do-

1872 3660 2014 3714 mini
2047 3660 2136 3714 sui
2169 3659 2419 3715 clamore
2459 3662 2643 3717 accita
2681 3664 2952 3732 accurrit,
2983 3666 3278 3722 lucernam
3312 3682 3514 3725 secum

1872 3748 2153 3817 exhibuit,
2170 3750 2269 3803 sed
2296 3750 2635 3821 pestiferum
2655 3752 2794 3807 illud
2813 3753 3032 3810 animal
3054 3755 3163 3811 sub
3184 3754 3416 3811 illorum
3434 3756 3519 3811 in-

1874 3854 2076 3909 gressu
2102 3855 2394 3909 nusquam
2418 3841 2764 3910 comparuit.
2791 3842 3116 3913 Inquiritur
3139 3844 3361 3915 passim
3385 3843 3522 3900 dili-

1878 3926 2223 3999 gentissima
2245 3928 2625 3998 vestigatione
2644 3929 3222 3997 vernaculorum,sed
3246 3932 3406 3989 omni
3429 3948 3524 3987 sn-

1880 4015 2148 4087 pellectili
2173 4015 2383 4070 cubilis
2412 4033 2612 4071 eversa
2641 4034 2707 4073 ac
2739 4024 3118 4089 perscrutata,
3141 4021 3385 4077 minime
3412 4021 3527 4077 fuit

1882 4110 2196 4175 repertum.
2236 4104 2343 4159 Sed
2386 4105 2505 4159 sive
2543 4102 2687 4160 illud
2740 4123 2942 4164 verum
2996 4112 3097 4165 aut
3145 4110 3525 4168 fantasticum

1886 4192 2083 4257 fuerit,
2127 4192 2328 4264 plagas
2367 4186 2779 4251 tamen‘veras
2827 4201 2885 4253 et
2931 4198 3162 4255 dolores
3187 4214 3356 4257 veros
3404 4198 3533 4256 reli-

1887 4281 2035 4352 quit.

1960 4369 2183 4435 Quibus
2204 4369 2379 4424 etiam
2403 4375 2590 4427 totum
2612 4372 2858 4440 vultum,
2882 4378 3086 4447 guttur
3116 4392 3183 4432 ac
3213 4380 3415 4449 pectus
3436 4381 3536 4434 tn-

1892 4459 2177 4513 met‘actus
2200 4476 2266 4513 us
2284 4475 2386 4530 que
2408 4460 2475 4514 ad
2497 4461 2959 4533 desperationem
2980 4462 3351 4537 aliquatenus
3377 4482 3540 4523 recu-

1895 4548 2163 4619 peranda:
2188 4548 2489 4619 snspitatis
2518 4555 2606 4603 est
2634 4550 3255 4625 infirmatus.Uterque
3274 4553 3403 4626 ejus
3433 4571 3538 4628 pa-

1896 4652 2031 4690 rens
2057 4651 2385 4707 omresque
2414 4638 2502 4691 sui
2536 4655 2713 4709 super
2731 4638 2839 4695 hoc
2868 4639 3281 4698 miserabiliter
3308 4642 3542 4700 duobus

1898 4724 2205 4780 mensibus
2234 4724 2425 4796 plenis
2446 4729 2984 4798 consternabantur,
2997 4729 3189 4786 solum
3217 4732 3393 4788 funus
3413 4732 3545 4804 jam

1895 4814 2082 4868 efferri
2125 4815 2517 4885 suspicantes,
2567 4814 2874 4888 lugubrem
2924 4817 3085 4874 illam
3130 4819 3545 4892 exsequiarum

1897 4918 2170 4973 pompam
2205 4902 2505 4957 continuis
2544 4904 2816 4976 suspiriis
2866 4910 2924 4960 et
2977 4904 3251 4981 lacrymis
3308 4914 3549 4981 praesto—

1896 4989 2187 5045 labantur.
2230 4990 2446 5045 Verum
2496 4992 2786 5064 benignus
2843 4994 3038 5065 Jesus,
3086 4997 3411 5069 desperatis
3463 5014 3552 5054 re-

1895 5079 2006 5134 bus
2056 5094 2397 5134 succurrere
2444 5079 2674 5151 solitus,
2710 5099 2887 5155 super
2933 5084 3196 5156 plenaria
3248 5087 3379 5158 ejus
3422 5103 3555 5144 sos-

1896 5167 2076 5238 pitate
2142 5166 2334 5222 subito
2404 5173 2675 5239 parentes
2747 5172 2876 5241 ejus
2940 5177 3033 5229 est
3107 5174 3441 5233 consolatus
3504 5192 3560 5248 et

1898 5255 2165 5310 Ecclesia:
2199 5274 2315 5309 sum
2348 5274 2450 5327 per
2488 5256 2645 5313 hunc
2676 5258 2999 5318 relevandas
3046 5265 3370 5320 secundum
3424 5281 3556 5336 pro-

1898 5345 2152 5417 positum
2217 5362 2388 5399 suum
2452 5347 2810 5403 recordatus.
2852 5349 2997 5405 Nam
3048 5368 3179 5407 cum
3228 5353 3353 5422 jam
3410 5351 3555 5407 duo-

1898 5434 2010 5489 bus
2072 5434 2377 5489 mensibus
2435 5451 2469 5488 a
2520 5434 2670 5491 lecto
2729 5455 2831 5509 per
2888 5455 2951 5494 se
3019 5440 3256 5496 minime
3319 5453 3558 5509 surgere

1898 5523 2218 5593 potuisset,
2280 5524 2561 5595 jamque,
2611 5531 3013 5582 concrescente
3064 5522 3413 5581 infirmitatis
3469 5526 3556 5579 ni-

1896 5612 2159 5677 mietate,
2210 5610 2335 5666 sine
2394 5612 2624 5683 loquela
2673 5618 2800 5669 octo
2845 5613 3050 5669 diebus
3119 5610 3555 5683 permansisset,

1899 5751 2094 5791 cram.

1923 5877 1935 5889 ,
1968 5807 2048 5877 (8)
2080 5805 2162 5862 De
2199 5804 2307 5860 hoc
2337 5807 2571 5878 egimus
2618 5807 2677 5862 in
2732 5806 3053 5878 appendice
3093 5799 3511 5871 saeculisuperic

1888 5895 1992 5933 1⁸18.
