3866 6322
82 468 206 535 473
1059 462 1395 531 PROLEG.
1418 497 1498 514 —
1525 467 1605 531 νι

1972 466 2174 531 ONIS.
2197 498 2272 513 —
2302 465 2449 529 LIB.
2496 462 2547 529 Ῑ.
3382 464 3499 530 Διτᾶ

87 600 291 660 sobria
308 599 647 675 sufflsentia
666 592 978 675 apparatas
1004 599 1183 673 dapes
1211 598 1747 656 distribuebatsuo-
1777 602 1830 668 Α
1860 601 2073 656 audeat
2102 598 2392 656 vindicare
2425 598 2776 657 mercedem.
2837 597 2926 656 Sit
2984 595 3233 657 facultas
3281 598 3509 658 clericis

87 708 222 750 rum
257 687 730 766 singulis;quos
761 687 847 745 sic
886 704 990 763 per
1036 688 1337 763 assignate
1383 691 1440 745 et
1491 704 1749 764 congrua
1859 689 2146 747 renitendi
2179 689 2227 747 si
2261 705 2321 747 se
2378 688 2628 746 viderint
2675 687 3047 764 praegravari,
3096 692 3153 747 et
3182 691 3337 763 quod
3399 689 3510 750 sibi

87 779 419 853 unicuique
450 778 645 861 officia
675 778 917 835 curabat
930 774 1202 835 ordinare
1220 782 1286 835 ut
1309 776 1542 835 tantum
1568 794 1673 851 pro
1688 793 1749 833 se

92 869 318 944 quique
348 871 475 923 tam
506 859 754 923 mobiles
786 884 965 941 quam
996 859 1219 940 privati
1238 867 1577 923 debuissent
1599 866 1751 923 solli-

90 957 189 1014 citi
220 955 568 1028 esse.Cujus
599 958 752 1011 certe
775 954 1188 1020 sollicitudo,et
1209 955 1332 1010 suis
1353 959 1477 1010 erat
1496 954 1754 1022 tuitio,et

92 1045 373 1103 hostibus
406 1042 745 1116 dejectio,et
774 1043 887 1099 sibi
919 1043 1032 1116 ipsi
1065 1044 1244 1116 digna
1271 1042 1554 1099 laudatio.
1588 1043 1752 1099 Unde

94 1132 318 1191 factum
356 1136 451 1188 est
482 1136 547 1187 ut
575 1122 869 1187 reddendo
893 1155 920 1181 ‹‹
945 1148 1072 1203 qua
1095 1136 1234 1188 sunt
1254 1131 1497 1188 (lasseris
1520 1123 1749 1198 Cresari,

96 1226 151 1280 et
176 1227 296 1279 Deo
328 1238 464 1294 quas
497 1223 636 1277 sunt
658 1220 810 1290 Dei,»
840 1237 945 1293 per
972 1220 1315 1292 Apostolum
1340 1236 1514 1275 suum
1546 1219 1750 1292 praeei—

95 1311 313 1384 pientis
345 1312 646 1382 quatenus
668 1331 697 1359 «
729 1308 921 1364 omnis
953 1302 1151 1364 anima
1168 1304 1756 1382 poteStatibussubli-

96 1399 389 1456 mioribus
422 1397 665 1454 subdita
697 1396 792 1464 sit,
853 1396 1133 1470 quoniam
1174 1414 1289 1453 non
1345 1401 1436 1453 est
1492 1400 1752 1470 potestas

97 1487 209 1544 nisi
241 1489 316 1545 ab
347 1486 519 1559 ipso;
557 1508 584 1534 ››
618 1501 720 1557 per
749 1485 1005 1541 alienum
1057 1484 1402 1563 quantocius
1455 1486 1525 1540 ad
1575 1500 1751 1540 suum

97 1576 403 1650 pervenire
426 1570 772 1648 promeruit.
804 1574 873 1628 Et
894 1572 1031 1649 quia
1065 1572 1312 1629 fideliter
1339 1590 1406 1629 ac
1435 1573 1755 1645 prudenter

98 1664 401 1723 inservivit
423 1662 836 1732 exterioribus,
861 1663 931 1718 ad
957 1661 1191 1735 plenum
1221 1666 1635 1718 remuneratus
1666 1664 1757 1718 est

100 1753 360 1811 interiori
368 1753 600 1823 bus,ut,
618 1768 793 1823 super
806 1750 987 1808 multa
1001 1750 1321 1807 eonstitutu
1332 1755 1443 1817 s,et
1458 1750 1755 1821 Conditori

103 1861 205 1902 suo
231 1841 567 1901 adhaereret
587 1839 800 1897 celsius
812 1843 867 1897 et
883 1839 1145 1915 proximo
1158 1844 1593 1914 compateretur
1617 1857 1753 1912 pro-

101 1932 366 1990 fundius.

1856 776 2043 852 ingeri
2075 795 2143 835 ex
2172 782 2503 836 transverso
2535 779 2822 848 noverint,
2844 796 2961 835 non
2992 777 3239 836 timeant
3258 780 3511 837 refutare

1861 867 1960 939 qui
1993 868 2042 923 si
2076 884 2191 923 non
2224 868 2484 923 debitum
2518 870 2852 941 praemium,
2884 867 3094 925 saltem
3126 868 3213 925 vel
3258 867 3507 926 liberum

1859 955 1931 1011 de
1951 972 2015 1012 eo
2042 956 2142 1028 qui
2169 973 2268 1012 eos
2289 961 2557 1012 recturus
2577 961 2663 1013 est
2691 957 2905 1013 debent
2923 956 3140 1013 habere
3153 957 3505 1029 judicium.»

1860 1044 1930 1099 Et
1957 1043 2101 1099 illud
2135 1045 2334 1100 domni
2369 1045 2576 1102 Leonis
2607 1044 2866 1118 praeclari
2899 1046 3191 1102 doctoris:
3240 1069 3268 1097 ‹‹
3300 1046 3509 1104 Nullus

1859 1132 2056 1188 invitis
2091 1137 2148 1187 ct
2178 1150 2294 1188 non
2325 1134 2663 1205 petentibus
2695 1134 3019 1202 ordinetur,
3054 1151 3125 1190 ne
3157 1133 3361 1192 civitas
3391 1136 3514 1209 epi-

1862 1237 2117 1299 scopum
2142 1238 2257 1277 non
2288 1226 2555 1294 optatum
2588 1225 2689 1278 aut
2719 1227 3071 1290 contemnat,
3105 1227 3206 1280 aut
3235 1223 3519 1293 oderit;et

1864 1311 1963 1365 fiat
1993 1310 2192 1365 minus
2223 1309 2497 1382 religiosa
2526 1328 2704 1383 quam
2736 1311 3001 1368 convenit
3040 1313 3132 1367 cui
3184 1330 3302 1369 non
3346 1312 3517 1371 licuit

1861 1397 2076 1454 habere
2101 1398 2255 1470 quod
2289 1397 2529 1454 voluit.»
2563 1398 2775 1455 Contra
2804 1402 2925 1455 tam
2959 1400 3285 1459 evidentem
3336 1407 3394 1459 et
3414 1420 3513 1459 ca-

1862 1486 2133 1543 nonicam
2156 1486 2583 1555 auctoritatem,
2606 1487 2652 1543 si
2680 1494 2877 1561 posset
2902 1490 2985 1545 eis
3009 1494 3236 1546 terrena
3256 1495 3516 1563 potestas

1862 1573 2446 1644 violentiaminferre,
2468 1593 2581 1633 non
2596 1580 2792 1634 tamen
2819 1578 3285 1635 benevolentiam
3316 1598 3517 1637 eorum

1863 1663 1934 1718 ab
1964 1662 2076 1719 isto
2092 1678 2198 1718 suo
2216 1662 2397 1720 electo
2411 1662 2625 1720 valeret
2642 1665 2958 1738 aliquando
2973 1669 3516 1727 avertere.Tandem

1862 1750 2045 1824 igitur
2062 1750 2327 1807 unanimi
2340 1756 2397 1807 et
2413 1754 2775 1825 praecordiali
2798 1754 2953 1827 preci
2976 1755 3241 1828 ipsorum
3264 1774 3522 1814 movere-

1862 1842 1960 1896 tur
1983 1839 2305 1913 imperialis
2326 1841 2455 1912 ejus
2478 1842 2848 1911 serenitas,et
2879 1844 3066 1917 magis
3105 1845 3165 1901 in
3197 1845 3308 1902 hac
3355 1852 3520 1920 parte

1783 1972 1832 2038 Β
1865 1929 2259 1984 attenderetur
2286 1928 2553 1985 Ecclesiae
2578 1930 2679 1986 Dei
2713 1930 2935 1987 utilitas
2967 1949 3143 2004 quam
3162 1932 3262 1990 illa
3285 1951 3412 2007 quae
3434 1951 3520 1991 se-

169 2016 321 2077 VIII.
357 2021 461 2076 Fit
492 2019 769 2090 episCOpus
800 2018 1082 2073 Tul.’ensis.
1114 2049 1175 2057 —
1204 2016 1467 2089 Denique
1500 2017 1756 2073 instante
1783 2016 1832 2038 ”
1864 2018 2124 2074 cundum
2148 2017 2425 2074 saeculum
2450 2020 2838 2091 pertractabat
2856 2019 3032 2076 altius
3054 2038 3185 2077 eum
3203 2021 3520 2080 sublimare

105 2126 252 2166 anno
284 2108 361 2166 ab
393 2105 770 2164 humanitate
802 2106 926 2162 Filii
952 2105 1051 2161 Dei
1085 2107 1238 2175 1026,
1274 2107 1500 2162 Leucus
1544 2106 1757 2179 praesul

103 2198 504 2256 Herimannus
552 2196 881 2252 abstractus
912 2198 999 2250 est
1031 2194 1223 2251 carnis
1246 2196 1316 2250 ab
1339 2194 1757 2268 hospitio,cum

108 2283 608 2361 quadragesimali
630 2288 892 2356 tempore
923 2288 1250 2339 moraretur
1266 2281 1511 2340 Coloniae
1532 2283 1591 2339 in
1614 2300 1758 2355 quo-

112 2377 238 2434 dam
271 2393 379 2433 suo
410 2372 961 2448 przcdioExtemplo
985 2372 1174 2427 clerus
1205 2376 1263 2428 et
1294 2371 1546 2445 populus
1569 2372 1758 2446 provi-

111 2483 232 2523 sore
262 2466 535 2533 orbatus,
584 2462 855 2537 concordi
900 2466 1030 2518 voto
1090 2462 1411 2539 eademque
1471 2461 1763 2517 sententia

112 2555 561 2620 confcsderatus,
583 2552 684 2608 diu
703 2551 811 2607 sibi
830 2551 1220 2606 desideratum
1243 2549 1589 2607 etdileetum
1612 2551 1761 2606 Bru-

112 2660 315 2703 nonem
347 2641 632 2698 consonis
662 2645 718 2696 et
738 2639 1092 2696 continuatis
1113 2639 1330 2712 expetit
1348 2638 1761 2695 voeibus.Hinc

112 2732 286 2790 totius
344 2728 861 2788 recrastinationis”
916 2728 1253 2801 impatiens,
1331 2728 1765 2801 deprecatorios

116 2826 282 2895 atque
311 2818 768 2879 contestatorios
800 2833 977 2891 super
1008 2821 1127 2874 tam
1179 2817 1445 2873 unanimi
1487 2816 1766 2897 electione

114 2928 217 2968 sua
243 2910 443 2983 dirigit
475 2907 816 2980 imperatori
848 2906 1353 2980 apices.Quorum,
1386 2910 1451 2962 ut
1492 2923 1762 2980 compen-

117 3000 270 3057 diose
299 3000 560 3061 dicatur,
595 3013 771 3052 causa
802 2996 915 3053 ista
943 2994 1073 3052 fuit.
1108 2996 1246 3053 Post
1274 2994 1637 3069 praemissam
1664 2996 1767 3052 de-

126 3088 249 3144 bita
279 3072 662 3145 salutationis
690 3080 1342 3153 reverentiam,nimiam
1357 3088 1768 3157 eompunetam

131 3194 241 3234 sua
270 3174 632 3234 calamitatis
663 3177 962 3249 exponunt
990 3174 1357 3246 tragoediam,
1409 3173 1661 3229 dicendo
1706 3191 1770 3231 se

130 3281 598 3339 quaquaversum
631 3262 834 3334 impeti
866 3266 1041 3335 atque
1071 3262 1383 3334 inquietari
1403 3279 1547 3336 pene
1578 3264 1769 3336 quoti-

1865 2106 1995 2178 ejus
2027 2107 2527 2180 consanguinitas.
2555 2109 2777 2164 Interea
2800 2112 2857 2164 et
2876 2109 3156 2182 speciales
3186 2110 3394 2169 litteras
3426 2113 3523 2169 do-

1870 2193 2029 2250 mino
2054 2195 2312 2251 Brunoni
2345 2199 2484 2251 sunt
2518 2196 2769 2266 directae,
2806 2213 2932 2269 quae
2964 2198 3144 2255 totius
3173 2199 3517 2270 cleri,abba-

1865 2286 2061 2339 tumet
2082 2288 2424 2340 cunctorum
2441 2285 2955 2359 congregationum
2969 2287 3359 2361 ,universique
3374 2291 3517 2346 Leu-

1868 2372 2293 2429 czediaaceseos
2321 2373 2523 2447 populi
2552 2374 2749 2429 taliter
2787 2376 3131 2432 nitebantur
3167 2377 3523 2435 desiderium

1869 2478 1971 2516 seu
1995 2460 2291 2533 negotium
2315 2464 2766 2535 perorarezquod
2795 2465 3013 2519 viduati
3049 2469 3281 2537 pastore
3320 2465 3520 2539 ipsum

1869 2549 2365 2607 sibiconcorditer
2397 2551 2587 2607 solum
2620 2551 2976 2625 delegissent
2995 2558 3051 2611 et
3080 2554 3151 2609 ab
3173 2555 3525 2630 imperatore

1871 2638 2432 2713 exigerent,propter
2463 2641 2894 2713 Omnipotcntis
2927 2643 3197 2700 timorem
3221 2642 3441 2717 pariter
3469 2649 3528 2701 et

1873 2744 2155 2796 amorem,
2188 2728 2351 2784 nullo
2383 2734 2553 2802 pacto
2583 2746 2684 2785 eos
2728 2729 2864 2788 inde
2913 2732 3319 2803 perturbaret;
3353 2750 3420 2790 ac
3452 2750 3525 2790 ne

1874 2819 2275 2889 paupertatem
2310 2816 2745 2891 illorum,eujus
2776 2819 3061 2876 hactenus
3086 2820 3231 2877 bene
3251 2823 3524 2880 conscius

1875 2908 2019 2970 erat,
2047 2904 2405 2962 abhorreret.
2453 2907 2951 2964 Contestabantur
3006 2924 3140 2965 eum
3193 2926 3300 2983 per
3331 2909 3525 2981 illum,

1879 2994 1980 3067 qui
2013 3010 2140 3049 cum
2176 2999 2331 3051 esset
2352 2994 2531 3064 dives,
2574 3013 2796 3069 pauper
2823 3015 2927 3070 pro
2959 2997 3128 3054 nobis
3161 2998 3349 3056 factus
3387 3003 3478 3056 est
3509 3019 3523 3070 ;

1879 3099 1985 3139 nec
2014 3083 2169 3156 quod
2202 3084 2344 3139 tanti
2369 3084 2641 3157 przeconii
2665 3089 2957 3159 tantaeque
2980 3086 3303 3145 nobilitatis
3323 3104 3524 3161 perso-

1879 3189 2017 3228 nam
2048 3172 2159 3228 sibi
2190 3172 2334 3251 viles
2353 3177 2410 3228 et
2430 3173 2640 3246 abjecti
2664 3176 3530 3251 przeoptarent,majoribusque

1880 3278 1948 3317 ac
1979 3262 2102 3318 suis
2132 3262 2355 3319 meritis
2386 3264 2660 3337 congruis
2687 3265 2931 3321 urbibus
2957 3266 3300 3337 inviderent,
3332 3268 3401 3323 ad
3434 3267 3524 3323 in-

131 3350 1770 3428 dianisdeprzedationibussiveconcertationibus,utpote
1802 3339 1845 3406 Ο
1874 3350 2094 3421 juriam
2129 3350 2241 3406 sibi
2264 3348 2481 3422 aliqua,
2518 3368 2694 3423 quam
2727 3351 2919 3407 adhuc
2948 3352 3006 3407 in
3039 3369 3105 3408 eo
3158 3370 3273 3409 non
3322 3354 3528 3428 depre-

131 3444 185 3501 in
210 3445 386 3502 trium
419 3458 741 3518 regnorum
773 3440 1122 3498 constitutos
1152 3440 1512 3512 conpﬁniis,in
1542 3440 1772 3515 imperii

132 3534 216 3591 sui
235 3528 501 3590 videlicet
520 3530 826 3598 finibus,in
859 3529 1074 3603 quibus
1098 3532 1257 3586 tanto
1278 3529 1473 3585 acrius
1492 3529 1563 3585 ab
1583 3529 1774 3587 hosti-

134 3621 237 3680 bus
262 3622 603 3679 laborarent
632 3624 851 3691 quanto
878 3618 1111 3692 longius
1145 3622 1428 3674 terrarum
1462 3619 1653 3691 spatia
1701 3621 1772 3676 ab

136 3711 252 3782 ejus
263 3709 578 3783 praesentia
589 3725 687 3765 eos
705 3712 1275 3780 arcerent;przeterea
1289 3707 1582 3763 civitatem
1599 3725 1767 3764 suam

137 3798 548 3857 aFrancorum
581 3797 819 3871 regibus
865 3794 1090 3871 jugiter
1146 3797 1371 3870 reposci
1421 3796 1668 3855 diversis
1717 3802 1775 3855 et

138 3886 324 3944 multis
354 3884 915 3954 machinationibus,
947 3885 1040 3942 cui
1072 3886 1286 3941 damno
1325 3884 1656 3958 reipublicae
1707 3904 1773 3944 ac

138 3990 232 4031 suo
248 3970 655 4047 vexationique
684 3964 927 4031 suorum
960 3973 1011 4029 si
1043 3972 1383 4048 dignaretur
1414 3973 1771 4043 obviare,de-

137 4063 378 4138 signaret
396 4065 484 4123 eis
513 4048 809 4137 pastorem
843 4061 1096 4119 nobilem
1121 4079 1186 4117 ac
1217 4061 1540 4135 sapientem
1591 4080 1770 4136 quam

138 4152 393 4226 maxime,
416 4153 591 4226 cujus
612 4152 930 4210 strenuitas
953 4155 1010 4208 et
1025 4151 1316 4209 industria
1337 4151 1450 4208 sibi
1478 4151 1769 4210 infensam

138 4240 378 4317 hostium
402 4244 624 4300 rabiem
643 4241 859 4299 valeret
881 4241 1241 4314 propulsare.
1264 4242 1348 4296 Ad
1369 4258 1545 4312 quem
1569 4242 1771 4314 utique

137 4333 532 4407 vestigandum
562 4349 680 4389 non
711 4334 867 4389 esset
895 4329 1065 4388 valde
1090 4329 1487 4397 laboraturus,
1532 4332 1768 4407 quando

137 4419 358 4491 quidem
389 4421 530 4479 cleri
563 4424 622 4478 et
650 4418 839 4494 plebis
862 4418 1255 4475 unanimitate
1286 4417 1565 4485 delectus,
1590 4436 1769 4492 penes

138 4494 646 4585 ejus'imperialem
680 4509 1047 4581 majestatem
1079 4508 1553 4581 consanguineus
1571 4509 1766 4566 Bruno

138 4594 451 4667 haberetur,
486 4600 604 4656 Deo
628 4598 913 4670 bonisque
937 4595 1275 4655 hominibus
1293 4596 1571 4653 delectus.
1595 4597 1764 4655 Hune

1883 3438 2225 3505 henderant,
2258 3439 2594 3511 arrogantia
2624 3444 2939 3512 reputaret,
2999 3445 3235 3514 propter
3265 3458 3400 3498 eum
3432 3444 3532 3516 qui

1884 3543 1946 3584 se
1976 3544 2079 3600 pro
2110 3526 2279 3583 nobis
2308 3525 2641 3583 humiliavit
2668 3544 2853 3601 usque
2884 3528 2955 3585 ad
2989 3532 3258 3586 mortem.
3311 3531 3536 3589 Lieeret

1883 3615 1968 3672 cis
1995 3615 2212 3672 laboris
2242 3614 2333 3671 sui
2362 3615 2552 3671 fructu
2584 3616 2824 3691 perfrui,
2850 3620 2909 3673 et
2937 3634 3104 3675 versa
3123 3617 3248 3675 vice
3281 3637 3315 3676 a
3346 3621 3534 3677 nutri-

1884 3704 1964 3760 tio
1983 3721 2090 3761 suo
2114 3704 2348 3773 nutriri,
2374 3704 2508 3777 quia
2532 3707 2858 3762 secundum
2881 3707 3246 3780 Apostolum,
3274 3709 3533 3766 laboran-

1883 3798 1991 3849 tem
2019 3793 2328 3863 agrz‘colam
2355 3799 2565 3867 oportet
2592 3797 2837 3867 primum
2867 3796 2933 3853 de
2957 3799 3229 3868 fructibus
3257 3801 3374 3854 suis
3401 3816 3533 3871 per-

1881 3885 2063 3955 cipere
2091 3883 2137 3955 (I
2164 3884 2284 3939 Cor.
2319 3900 2395 3952 Ix,
2424 3882 2533 3955 lO).
2569 3884 2945 3957 Consequens
2976 3886 3132 3941 enim
3156 3886 3306 3942 foret
3335 3891 3401 3943 ut
3428 3888 3531 3944 Ec-

1881 3970 2078 4040 clesia,
2113 3988 2239 4044 quae
2270 3970 2447 4028 talem
2470 3973 2719 4029 educare
2749 3973 3082 4043 meruisset,
3112 3974 3291 4031 talem
3324 3979 3382 4031 et
3419 3976 3533 4032 sibi
3586 4012 3589 4015 λ

1881 4066 2203 4117 mereretur
2232 4060 2513 4117 destituta
2524 4061 2955 4135 .pastorem,qui
2978 4063 3150 4119 etiam
3168 4080 3272 4135 pro
3296 4063 3535 4124 modulo

1879 4148 2160 4205 divinitus
2190 4165 2464 4206 concesso
2498 4149 2868 4219 mortalibus,
2908 4150 3053 4208 illud
3099 4151 3349 4225 speciale
3396 4154 3534 4211 boni

1879 4243 1936 4293 et
1964 4238 2181 4295 summi
2214 4238 2465 4311 pastoris
2496 4238 2686 4295 dicere
2717 4245 2954 4312 posset:
2991 4236 3259 4312 Cogn‘osco
3284 4260 3456 4311 meas,
3483 4252 3536 4300 et

1876 4336 2199 4399 cognoscunt
2227 4344 2313 4384 me
2342 4343 2482 4386 meae
2512 4327 2700 4401 (Joan.
2732 4347 2788 4400 x,
2822 4330 2929 4403 14).
2964 4331 3089 4387 Non
3119 4348 3254 4388 vero
3285 4348 3386 4389 eos
3443 4332 3535 4389 la-

1877 4421 2022 4473 teret
2050 4417 2204 4490 quod
2235 4417 2449 4473 terreni
2480 4416 2762 4493 principis
2803 4419 2988 4492 pietas
3035 4421 3107 4476 ad
3141 4421 3365 4492 majora
3396 4437 3530 4476 cum

1876 4505 2084 4563 merito
2115 4505 2646 4578 consanguinitatis
2667 4510 2724 4563 et
2763 4507 3126 4580 complacita:
3159 4507 3241 4563 illi
3297 4525 3532 4565 conver-

1874 4594 2119 4651 sationis
2150 4598 2484 4668 promotum
2517 4594 2602 4651 ire
2634 4594 3001 4653 deliberaret.
3037 4598 3238 4670 Itaque
3270 4597 3318 4653 si
3367 4597 3533 4670 ipsos

139 4685 239 4741 sibi
267 4688 666 4757 notissimum,
699 4691 900 4760 utpote
931 4703 1104 4743 suum
1138 4687 1400 4758 ipsorum
1431 4685 1760 4757 alumnum,
1800 4705 1843 4771 ο
1875 4688 2008 4757 post
2037 4700 2100 4740 se
2131 4683 2449 4740 elamanles
2478 4684 2870 4743 exaudiendos
2900 4693 3180 4755 censeret,
3238 4686 3535 4745 continuis

139 4776 189 4828 et
205 4774 347 4832 inter
364 4777 526 4850 ipsos
548 4781 723 4849 atque
745 4777 817 4833 ab
847 4774 992 4850 ipsis
1040 4773 1373 4831 liberalium
1433 4774 1762 4833 litterarum

113 4860 364 4939 scientia
392 4865 845 4932 eruditum,sine
876 4863 1113 4937 querela
1133 4867 1626 4936 eonversatum,et
1663 4882 1767 4939 per

140 4948 384 5024 singulos
404 4953 625 5030 gradus
654 4953 921 5011 Ecclesiae
962 4951 1308 5026 regulariter
1338 4953 1411 5009 ad
1467 4952 1766 5011 leviticum

142 5037 383 5097 ordinem
406 5046 745 5115 provectum
773 5061 786 5111 ;
821 5042 978 5098 hunc
1009 5058 1125 5098 non
1159 5042 1334 5099 modo
1365 5058 1526 5098 cum.
1559 5044 1769 5100 subur-

142 5121 291 5185 banis
312 5130 542 5200 urbani,
572 5148 774 5187 verum
796 5134 853 5189 et
872 5147 1076 5188 omnes
1106 5131 1327 5188 circum
1359 5131 1513 5187 circa
1561 5128 1766 5205 expec-

141 5211 310 5272 terent
326 5217 527 5274 vicinae
548 5218 746 5292 plebes
760 5224 818 5276 et
839 5217 1358 5292 comprovinciales
1370 5210 1768 5292 episcopi.Aut

144 5304 462 5369 concederet
480 5321 616 5380 ergo
649 5308 733 5363 eis
762 5324 894 5363 eum
926 5306 1288 5380 beneplaeito
1314 5307 1407 5363 Dei
1452 5305 1765 5375 istum,aut

142 5387 387 5449 nullum:
418 5397 699 5467 quoniam
728 5396 787 5452 in
820 5401 1094 5469 promptu
1126 5396 1408 5453 haberent
1428 5395 1574 5451 illud
1610 5398 1761 5463 beati

143 5488 284 5548 Papa
312 5481 602 5540 Coclestini
634 5485 930 5545 decretum
956 5486 1147 5558 (Epist.
1177 5486 1275 5557 11):
1300 5484 1521 5541 Habeat
1576 5503 1761 5543 unus-

144 5564 367 5641 qllisque
390 5571 645 5628 fructum
680 5591 795 5629 suae
835 5573 1060 5629 militiae
1108 5575 1167 5629 in
1224 5572 1502 5641 Ecclesia,
1554 5574 1613 5630 in
1646 5593 1762 5648 qua

144 5665 291 5711 suam
322 5675 422 5731 per
450 5661 651 5718 omnia
680 5662 871 5718 ofﬁcia
894 5662 1179 5734 transegit
1207 5664 1458 5717 aetatem.
1482 5664 1544 5717 In
1569 5664 1761 5720 aliena

144 5738 413 5814 stipendia
440 5750 687 5805 minime
719 5751 979 5823 obrepat,
1014 5767 1117 5806 nec
1136 5750 1391 5806 debitam
1425 5750 1593 5806 alteri
1648 5752 1760 5809 sibi

1875 4772 2145 4847 precibus
2175 4775 2246 4831 de
2278 4773 2507 4847 reliquo
2531 4774 2784 4833 caelestis
2806 4776 3176 4850 imperatoris
3201 4775 3533 4850 largitatem

1875 4862 2197 4935 pulsarent,
2233 4868 2296 4918 ut
2327 4863 2379 4918 ei
2410 4862 2709 4921 cmlestem
2764 4881 2830 4922 ac
2886 4870 3194 4922 terestrem
3250 4864 3533 4923 honorem

1876 4950 2291 5008 accumularct.
2327 4951 2384 5009 Si
2409 4958 2603 5009 autem
2635 4956 3097 5012 contemnendos
3138 4956 3535 5029 putaret,quia

1876 5039 2281 5098 eminentioris
2313 5040 2623 5114 dignitatis
2655 5043 2804 5116 spici
2850 5043 3207 5101 saecularitcr
3259 5044 3531 5116 inhiaret,

1877 5129 2075 5186 divina
2103 5128 2349 5202 aequitas
2379 5134 2761 5205 contemptus
2790 5132 3023 5191 illorum
3058 5131 3235 5190 ultrix
3263 5133 3348 5189 sic
3378 5149 3533 5190 acce-

1878 5219 2060 5287 deret,
2087 5223 2153 5274 ut
2184 5234 2290 5274 nec
2321 5219 2392 5274 ad
2426 5218 2592 5275 illum
2614 5221 2707 5277 cui
2728 5221 3205 5289 intendebat,nec
3234 5222 3304 5279 ad
3330 5238 3530 5295 quem-

1873 5308 2016 5364 libet
2046 5308 2228 5363 alium
2262 5307 2541 5364 honorem
2577 5307 2894 5384 aliquando
2927 5312 3286 5368 ascenderet.

1944 5397 2035 5453 IX.
2068 5398 2370 5468 Imperator
2393 5399 2650 5455 electz'onz'
2686 5401 2895 5457 obsistit
2929 5402 2993 5457 ob
3022 5401 3356 5472 episcopatus
3376 5409 3524 5464 pau-

1868 5494 2155 5558 perlatem.
2215 5487 2375 5543 Illius
2448 5504 2734 5546 assensum
2789 5491 2974 5543 Bruno
3052 5486 3270 5540 obtinet.
3306 5510 3371 5518 ——
3404 5480 3519 5532 Ηυ-

1860 5574 2133 5648 jusmodi
2163 5592 2303 5648 ergo
2325 5574 2570 5647 syllabis
2594 5564 3522 5633 adomnoNotberto.tunclauda—

1869 5663 2005 5719 bilis
2020 5663 2149 5718 vitae
2172 5663 2712 5735 monacho,pridem
2730 5667 2924 5718 autem
2942 5655 3122 5714 sancti
3137 5656 3517 5724 protomarty-

1873 5752 1956 5810 ris
1972 5751 2250 5824 Stephani
2275 5752 2556 5808 canonico
2573 5756 2745 5823 atque
2761 5743 3064 5803 Liethardo
3077 5738 3265 5796 adhuc
3277 5738 3513 5811 quidem
