3880 6374
389 521 510 587 475

1735 521 1800 586 8.
1847 519 1996 585 LEO
2039 519 2121 584 lX
2163 519 2393 584 PAPA.

3698 517 3816 582 476

395 655 674 715 canonico
707 653 1014 730 susceptis,
1047 651 1146 730 qui
1175 670 1291 729 prin
1320 651 1412 713 sui
1443 653 1754 712 comitibus
1801 653 2030 710 itineris
2057 655 2114 722 Α
2141 656 2368 728 Moyses
2396 658 2466 714 ad
2501 651 2894 730 principatum
2909 653 3446 712 divinitusvocatus
3467 657 3816 718 excusat,et

395 745 615 803 alacres
644 751 700 803 et
729 745 964 820 impigri
994 751 1358 802 exsecutores
1377 749 1546 800 tantae.
1575 743 1824 816 talisque
1840 761 2027 800 causa;

398 835 628 892 fuerant
656 837 944 908 designati
975 853 1008 890 a
1025 835 1176 891 clero
1198 839 1254 890 et
1283 835 1511 906 populis
1535 851 1549 900 ;
1575 833 1826 906 plurimo
1843 833 2025 888 vario-

395 941 508 998 que
540 942 812 981 curarum
837 929 978 980 testu
1011 928 1258 995 uterque
1285 922 1664 988 afﬁciebatur,
1713 922 2030 992 imperator

393 1011 617 1068 scilicet
648 1031 714 1068 ac
745 1013 1021 1068 dominus
1053 1013 1246 1067 Bruno
1297 1011 1486 1066 eidem
1518 1011 1923 1065 charissimus.
1959 1009 2028 1064 Et

395 1101 713 1173 imperator
738 1101 997 1174 quidem,
1026 1099 1292 1170 quamvis
1329 1099 1605 1170 gauderet
1633 1097 2024 1165 dilectionem,

396 1205 574 1262 quam
595 1190 937 1262 ergaipsum
956 1187 1342 1244 venerabilem
1365 1188 1694 1242 Brunonem
1726 1202 1946 1241 meram
1969 1189 2027 1241 et

388 1294 728 1351 germanam
759 1277 953 1332 debito
983 1275 1284 1332 aflinitatis
1301 1275 2026 1344 considerationequestre-

386 1367 628 1422 unitatis
659 1367 786 1437 ejus
819 1365 1176 1437 possidebat,
1228 1364 1546 1418 multorum
1605 1361 1881 1416 laudibus
1937 1361 2022 1417 vel

385 1455 720 1511 testimonio
754 1452 1149 1509 commendari
1167 1457 1225 1508 et
1241 1452 1568 1524 approbari.
1591 1468 1702 1505 non
1718 1450 2021 1505 mediocri-

387 1547 478 1600 ter
507 1549 700 1598 tamen
735 1541 1210 1608 contristabatur,
1247 1540 1386 1611 quia
1416 1539 1556 1594 illud
1591 1555 1763 1594 suum
1796 1538 2020 1592 deside-

385 1633 684 1702 rium,quo
701 1631 1009 1704 appetebat
1027 1629 1184 1684 illius
1199 1628 1501 1701 temporali
1511 1633 1596 1681 ter
1618 1626 2020 1682 sublimiorem

389 1721 760 1792 dignitatem,
788 1717 1076 1774 sentiebat
1103 1717 1427 1790 praepediri.
1449 1717 1715 1772 Timebat
1735 1733 1806 1771 ne
1837 1715 2020 1770 Deum

389 1809 723 1876 oifenderet,
749 1808 796 1862 si
829 1806 1095 1863 Ecclesiae
1128 1809 1255 1876 ejus
1279 1810 1394 1860 tam
1419 1805 1825 1861 unanimivoto
1849 1820 2019 1875 repu-

387 1901 593 1970 gnaret
623 1915 636 1964 ;
669 1896 920 1962 dolebat,
954 1895 1000 1950 si
1029 1899 1199 1950 tantae
1233 1911 1492 1966 personae
1524 1911 1624 1965 pro
1657 1892 1882 1948 meritis
1904 1908 2018 1947 non

387 1987 779 2055 responderet.
805 1984 952 2047 Quid
983 1983 1078 2038 hic
1109 1983 1310 2038 multis
1327 1983 1554 2038 haereo?
1583 1981 1642 2036 in
1663 1985 1826 2036 tanta
1856 1997 2017 2035 men-

383 2074 462 2130 tis
495 2073 872 2129 fluctuatione
904 2072 1324 2144 deprehensus,
1359 2087 1460 2142 per
1489 2069 1712 2141 legatos
1753 2087 1787 2124 a
1842 2067 2019 2124 latere

383 2179 490 2219 suo
523 2163 796 2228 directos,
829 2161 1104 2216 omnibus
1134 2160 1384 2232 ingeniis
1415 2159 1548 2213 inde
1570 2159 1694 2228 jam
1730 2157 2018 2228 saapedicti

385 2251 608 2306 domini
641 2249 931 2304 Brunonis
955 2249 1330 2303 intentionem
1355 2263 1621 2302 revocare
1646 2252 1732 2301 est
1755 2251 2017 2309 conatus,

385 2339 558 2394 modo
589 2337 1050 2392 conﬂictationes
1079 2337 1459 2392 creberrimas
1491 2340 1663 2404 atque
1703 2333 2018 2404 depopula-

384 2427 576 2482 tiones
603 2424 765 2480 illius
795 2424 1061 2479 Ecclesize
1093 2423 1622 2492 commemorando,
1645 2429 1699 2477 et
1721 2425 2022 2494 pauperta-

385 2518 501 2570 tem
533 2531 711 2585 supra
732 2515 970 2568 modum
995 2513 1424 2584 exaggerando;
1459 2513 1630 2567 modo
1654 2511 1807 2582 quod
1839 2511 1897 2564 in
1925 2525 2020 2564 ex-

385 2603 592 2658 tremis
622 2603 850 2674 imperii
883 2601 973 2656 sui
1005 2601 1220 2656 ﬁnibus
1241 2601 1381 2656 urbs
1403 2600 1502 2655 illa
1525 2600 1728 2671 posita,
1755 2603 1854 2654 aut
1875 2615 2020 2652 nun-

385 2708 586 2763 quam,
610 2697 710 2746 aut
739 2690 1035 2746 rarissime
1059 2689 1443 2744 aestimaretur
1473 2689 1649 2760 digna
1706 2687 2018 2758 imperato-

383 2796 514 2834 rum
544 2778 1062 2845 diversorio;modo
1081 2777 1231 2848 quod
1253 2777 1524 2832 eumdem
1545 2781 1812 2848 nepotem
1842 2791 2016 2830 suum

383 2868 495 2924 sibi
521 2885 622 2940 per
641 2866 840 2922 omnia
861 2866 1276 2920 charissimam
1299 2865 1564 2934 nequiret
1581 2865 1832 2937 perferre
1855 2879 2019 2934 aequo

385 2955 578 3009 animo
609 2953 932 3026 disgregari
962 2971 996 3008 a
1025 2971 1087 3009 se
1117 2957 1280 3007 tanto
1317 2958 1604 3008 terrarum
1637 2951 1843 3024 spatio.
1881 2955 2019 3005 Par-

385 3059 514 3098 cere
569 3042 749 3114 igitur
778 3041 1150 3112 sibimetipsi,
1175 3045 1232 3096 et
1261 3044 1378 3094 tam
1411 3058 1528 3095 sua:
1559 3039 1794 3094 utilitati
1809 3055 2018 3093 consu-

389 3131 532 3186 leret
557 3135 729 3202 atque
758 3129 960 3202 quieti,
1003 3146 1178 3200 quam
1215 3129 1553 3184 medullitus
1605 3145 1734 3183 eum
1769 3126 2019 3184 amantis

2137 760 2198 800 se
2217 745 2538 816 postposito
2569 745 2752 802 alium
2785 745 3065 818 postulat,
3097 743 3381 800 dicendo:
3418 742 3806 810 Obsecro,Do-

2134 835 2302 898 mine,
2333 836 2489 890 mitte
2515 851 2670 906 quem
2700 836 2966 890 missurus
2995 850 3050 890 es
3089 833 3279 904 (Exod.
3334 849 3415 898 Iv,
3449 833 3556 899 13;
3627 835 3810 902 atque

2135 921 2316 977 Isaias
2327 923 2394 977 ad
2417 923 2698 978 nuditatis
2731 923 3116 996 ignominiam
3135 921 3666 994 multiplicemque
3681 935 3812 991 pas-

2132 1010 2375 1076 sionem,
2409 1027 2515 1066 nec
2543 1010 2888 1066 nominatim
2919 1010 3284 1084 designatus,
3307 1009 3464 1064 ultro
3487 1025 3556 1064 se
3575 1007 3809 1078 ingerit

2133 1098 2580 1170 proclamando:
2639 1099 2770 1154 Ecce
2795 1114 2889 1170 ego
2917 1101 3072 1154 mitte
3122 1115 3210 1153 me
3265 1099 3376 1168 (lea
3431 1113 3512 1162 vr,
3547 1097 3636 1166 8).
3703 1095 3807 1151 His

2131 1203 2266 1258 ergo
2297 1192 2354 1243 et
2383 1186 2514 1244 aliis
2555 1187 2842 1244 virtutum
2877 1187 3276 1244 incitamentis
3325 1201 3697 1250 succensus,
3751 1187 3806 1239 et

2130 1275 2254 1331 oleo
2285 1276 2490 1330 divinae
2521 1276 2717 1348 gratiae
2738 1275 3016 1347 repletus,
3041 1280 3214 1332 recte
3235 1273 3592 1331 intentionis
3623 1273 3802 1327 ﬂam-

2133 1380 2288 1419 mam
2321 1369 2479 1418 tanto
2510 1365 2822 1436 spargebat
2849 1364 3121 1432 alacrius,
3147 1368 3367 1434 quanto
3389 1363 3649 1418 ﬂatibus
3673 1377 3800 1416 car-

2131 1451 2352 1507 nalium
2386 1453 2755 1508 atfectionum
2787 1452 3199 1524 impellebatur
3219 1451 3800 1521 acrius.Fiebatque

2131 1545 2196 1595 ut
2223 1540 2320 1595 illa
2350 1540 2708 1598 dissuasorie
2735 1558 2879 1596 aura
2907 1559 2940 1596 a
2967 1541 3192 1596 Caesare
3241 1541 3486 1596 veniens
3541 1545 3608 1594 et
3665 1541 3800 1609 ejus

2128 1628 2264 1684 aula
2293 1629 2479 1702 magis
2509 1633 2912 1701 augmentaret
2930 1635 2988 1684 et
3005 1630 3552 1700 confoveret,quam
3575 1643 3800 1683 conso-

2127 1717 2276 1790 piret
2304 1723 2404 1774 aut
2428 1720 2820 1790 exstingueret
2836 1719 3031 1792 ignem
3059 1718 3242 1774 divini
3268 1719 3542 1774 sacrificii
3561 1719 3796 1774 devotae

2127 1807 2342 1862 mentis
2371 1806 2432 1861 in
2463 1823 2582 1862 ara.
2615 1807 2813 1878 Itaque
2832 1806 2995 1862 illam
3048 1806 3202 1864 beati
3233 1807 3385 1864 Petri
3419 1807 3794 1862 sententiam

2127 1911 2244 1966 qua
2273 1895 2450 1950 dicit:
2484 1897 2876 1952 Humiliamin-i
2927 1897 3025 1952 sub
3079 1898 3290 1967 potenti
3336 1912 3514 1951 manu
3545 1897 3683 1962 Dei,
3735 1899 3794 1950 ut

2123 2001 2215 2039 vos
2247 1985 2450 2040 exalto:
2505 1987 2568 2039 in
2617 1989 2855 2055 tempore
2907 1985 3248 2040 uisitationis
3301 1985 3347 2054 (l
3389 1985 3544 2040 Patr.
3597 2001 3662 2050 v,
3695 1984 3793 2052 6);

2129 2077 2439 2145 graganter
2494 2072 2813 2143 amplexus,
2868 2071 3152 2143 disruptis
3199 2075 3423 2127 cunctae
3469 2069 3794 2127 dilationis

2128 2161 2392 2226 nexibus,
2419 2159 2754 2231 imperatori
2777 2159 2970 2216 adhuc
2990 2159 3356 2216 dissuadenti
3371 2159 3586 2214 obtulit
3611 2159 3792 2232 sylle-

2127 2249 2233 2304 bas
2264 2249 2478 2304 missas
2509 2249 2617 2303 sibi
2651 2265 2686 2302 a
2715 2248 2866 2303 clero
2890 2265 2920 2304 e
2953 2247 3246 2320 plebibus,
3271 2249 3534 2321 ingenua
3555 2252 3786 2316 tamen,

2131 2341 2196 2392 ut
2225 2337 2304 2392 ita
2323 2337 2512 2392 dicam
2542 2337 2799 2407 virgineo
2829 2337 3049 2408 pudore
3077 2353 3180 2392 ora
3199 2337 3488 2392 suffusus.
3523 2337 3786 2408 Apicum

2128 2429 2322 2480 autem
2355 2429 2551 2480 tenore
2582 2423 2916 2480 elarisimus
2945 2425 3216 2496 princeps
3246 2426 3517 2494 edoctus,
3573 2425 3652 2480 ad
3705 2423 3786 2478 la-

2129 2529 2356 2585 crymas
2380 2517 2472 2568 est
2502 2517 2824 2584 permotus,
2856 2517 2914 2568 et
2973 2513 3290 2568 uberrimis
3334 2513 3580 2570 ﬂetibus
3625 2517 3786 2568 atte-

2128 2601 2442 2670 stantibus,
2473 2601 2832 2658 extrinsecus
2853 2600 3044 2672 palam
3063 2601 3198 2657 fecit
3219 2601 3424 2674 quanti
3443 2617 3584 2656 eum
3611 2600 3790 2656 habe-

2129 2695 2216 2745 ret
2236 2689 2860 2752 intrinsecus.Demum
2876 2688 3177 2762 aliquanto
3197 2690 3504 2761 interjecto
3519 2689 3785 2756 silentio,

2127 2777 2389 2851 linguam
2423 2777 2636 2833 famine
2666 2777 2908 2833 solvitin
2937 2778 3050 2834 isto
3079 2797 3093 2834 :
3128 2803 3156 2830 η
3191 2779 3382 2834 Meam
3416 2779 3786 2834 sententiam

2130 2883 2305 2938 super
2333 2866 2551 2922 honore
2581 2871 2702 2932 tuo,
2733 2865 3073 2922 dulcissime
3119 2867 3200 2923 mi
3231 2884 3438 2940 nepos,
3487 2869 3625 2938 jam
3683 2867 3786 2922 diu

2130 2954 2532 3020 deliberatam,
2581 2971 2836 3026 superna
2863 2955 3029 3010 video
3061 2955 3355 3011 sententia
3411 2953 3788 3028 impugnari,

2127 3039 2246 3095 imo
2267 3040 2615 3112 expugnari;
2639 3040 2732 3096 cui
2753 3057 2928 3112 cogor
2948 3057 3159 3098 manus
3175 3043 3394 3108 dando,
3417 3042 3578 3098 sicut
3599 3041 3788 3098 debeo

2128 3129 2456 3201 suffragari,
2483 3129 2761 3201 quoniam
2793 3147 2908 3185 non
2931 3129 3056 3185 sine
3077 3131 3334 3203 pernicie
3355 3135 3638 3188 nostrum
3662 3147 3788 3186 am-

387 3218 762 3292 imperatoris
789 3218 1070 3274 voluntati
1103 3223 1159 3272 et
1189 3217 1606 3288 perturbationi
1631 3234 1642 3271 :
1677 3217 1868 3288 potius
1890 3232 2018 3270 sur-
2127 3217 2337 3272 borum
2367 3221 2423 3273 et
2451 3217 2768 3274 multorum
2801 3235 3038 3289 possum
3063 3219 3283 3274 diutius
3307 3220 3622 3291 refragari.
3663 3220 3788 3275 Pie-

383 3308 458 3362 da
486 3325 624 3363 aure
645 3307 777 3362 illos
809 3307 1143 3378 praeteriret,
1178 3305 1274 3378 qui
1297 3323 1464 3361 suam
1493 3306 1752 3377 ipsorum
1773 3304 2019 3360 necessi~
2060 3377 2087 3380 μ
2127 3309 2220 3360 tas
2251 3305 2812 3378 Omnipotentisjam
2845 3323 3001 3362 nunc
3033 3307 3140 3363 tibi
3169 3308 3228 3362 in
3261 3308 3372 3363 hoc
3402 3308 3588 3374 adsit,
3657 3325 3788 3380 qua

383 3399 563 3452 tatem
595 3414 694 3452 seu
728 3377 1207 3464 consolationem,
1229 3411 1404 3466 quam
1428 3395 1554 3463 ejus
1574 3393 1822 3449 salutem
1845 3398 1902 3448 et
1919 3392 2016 3446 ho-
2047 3377 2090 3442 C
2128 3393 2266 3466 quid
2317 3377 2586 3450 ambolus
2617 3393 2785 3450 nobis
2828 3397 2884 3450 et
2911 3395 3188 3452 omnibus
3247 3397 3524 3468 expediat
3587 3377 3788 3468 magis

382 3503 582 3542 norem
605 3485 794 3558 pluris
825 3485 1180 3556 penderent;
1207 3483 1456 3538 maxime
1487 3483 1578 3538 cui
1637 3484 1760 3554 ipse
1815 3479 2012 3536 condi-
2121 3485 2296 3538 novit.
2329 3483 2466 3539 Mihi
2497 3500 2633 3556 ergo
2651 3486 2775 3554 jam
2807 3483 2968 3553 libet,
3001 3487 3158 3558 quod
3215 3487 3434 3544 evitare
3465 3505 3588 3543 non
3625 3488 3784 3542 licet.

381 3589 556 3647 gnam
587 3591 694 3629 suo
721 3573 917 3645 generi
949 3589 1013 3627 ac
1073 3571 1278 3628 merito
1331 3572 1676 3642 dignitatem
1731 3569 2016 3625 instanter
2121 3573 2208 3627 Tu
2240 3576 2434 3626 tamen
2466 3572 2654 3644 gratia
2683 3573 2782 3628 Dei
2805 3577 3134 3640 contentus,
3187 3593 3306 3647 qua
3359 3575 3488 3632 sola
3517 3575 3786 3632 erederis

383 3661 739 3732 previderet.
777 3662 967 3715 Verum
996 3663 1127 3732 quia
1153 3661 1327 3714 multa
1353 3661 1584 3716 consilia
1615 3662 1674 3714 in
1703 3659 1856 3714 corde
1883 3659 2012 3721 viri,
2121 3661 2192 3716 ad
2223 3660 2381 3715 illius
2405 3659 2672 3716 Ecclesia:
2700 3659 2955 3733 regimen
2989 3662 3332 3733 prmelectus
3363 3661 3530 3718 nullo
3559 3663 3786 3719 venali-

379 3749 632 3803 voluntas
656 3755 836 3802 autem
867 3749 1094 3802 Domi-ni
1121 3747 1230 3816 ﬁet.
1264 3747 1446 3817 (Prov.
1477 3763 1594 3814 x1x,
1625 3747 1809 3816 2i,)ut
1851 3745 2012 3801 Salo-
2118 3748 2256 3803 tatis
2289 3747 2482 3813 modo,
2515 3764 2618 3804 nec
2649 3749 2837 3820 ipsius
2852 3749 3121 3822 conjugis
3143 3767 3304 3818 meae,
3353 3767 3462 3807 nec
3510 3751 3790 3822 cuiusvis

381 3853 520 3892 mon
551 3836 651 3904 ait,
703 3835 872 3908 longe
929 3834 1095 3890 aliter
1149 3834 1480 3890 efﬁciebant
1537 3833 1838 3889 subditum
1896 3834 2012 3888 Deo
2122 3835 2457 3892 mortalium
2487 3839 2599 3890 tuae
2633 3837 2780 3907 parti
2813 3837 3087 3896 concilies
3119 3840 3384 3908 aifectus,
3419 3857 3494 3895 ne
3525 3839 3682 3895 hinc
3723 3857 3792 3896 ex

383 3925 648 3981 animum
679 3924 972 3979 reverendi
1001 3923 1285 3978 Brunonis
1316 3923 1620 3978 destinatae
1649 3921 1734 3976 illi
1778 3922 2016 3996 syllabae
2120 3929 2179 3980 te
2201 3941 2303 3998 per
2331 3940 2533 3980 omnes
2562 3923 2668 3979 tibi
2698 3925 3018 3982 credendus
3049 3943 3185 3982 oves
3217 3933 3416 4000 serpat
3457 3928 3651 4000 hujus
3713 3929 3790 3985 si-

381 4015 454 4070 ab
472 4011 734 4069 Ecclesiae
755 4013 982 4084 populis
1007 4030 1020 4068 :
1037 4029 1284 4084 quorum
1300 4010 1564 4066 unanimi
1579 4010 1854 4066 ethumili
1873 4011 2016 4066 invi-

380 4102 600 4157 tatione
631 4101 916 4155 sentiebat
945 4117 1007 4156 se
1037 4101 1108 4155 ad
1129 4099 1372 4156 humilia
1399 4099 1630 4154 invitari
1653 4101 1724 4154 ab
1749 4099 1872 4171 ipso
1893 4115 2014 4154 ma-

381 4190 562 4262 gistro
591 4188 964 4257 humilitatis,
983 4188 1083 4260 qui
1105 4189 1222 4244 Rex
1243 4187 1548 4242 hominum
1563 4187 1682 4242 ﬁeri
1708 4189 1938 4260 refugit,
1961 4193 2018 4244 et

383 4277 533 4334 ultro
563 4277 634 4332 ad
667 4293 896 4332 crucem
929 4277 1104 4341 venit,
1131 4293 1236 4331 nec
1269 4276 1582 4330 immemor
1611 4275 1768 4331 illius
1806 4279 1884 4347 (9)
1923 4277 2016 4332 sui

383 4367 594 4438 prioris
629 4366 928 4438 propositi,
963 4383 1078 4437 quo
1095 4363 1586 4435 malebatjugiter
1603 4365 1760 4419 omni
1785 4363 2018 4420 humili-

379 4454 750 4520 tate,vilitate
779 4459 835 4510 et
863 4454 1224 4510 extremitate
1246 4457 1552 4508 contentus
1571 4451 1797 4508 Christo
1829 4455 2016 4508 famu-

379 4541 510 4612 lari,
541 4558 716 4613 quam
753 4540 1147 4613 temporaliter
1174 4556 1306 4595 cum
1340 4538 1536 4611 aliqua
1555 4539 1885 4612 corruptela
1927 4543 2016 4596 in-

379 4635 552 4704 tegra:
581 4629 1029 4696 conscientizeﬁd
1045 4635 1134 4684 est
1146 4628 1350 4700 quavis
1363 4627 1668 4684 venalitate
1685 4629 2015 4700 sublimari,

2125 4011 2402 4068 moniacc
2436 4011 2618 4083 pestis
2673 4029 2892 4069 naevus.
2956 4014 3162 4070 Procul
3219 4017 3402 4070 dubio
3453 4016 3622 4072 enim
3689 4017 3790 4090 qui

2123 4102 2297 4173 ccepit
2323 4099 2384 4154 in
2413 4105 2469 4156 te
2499 4101 2719 4155 bonum
2752 4119 2920 4173 opus,
2953 4102 3214 4174 perficiet
3261 4105 3649 4176 quantocius.
3732 4107 3792 4162 In

2123 4189 2316 4262 ipsius
2345 4189 2598 4261 gratuita
2655 4190 2868 4260 pietate
2913 4195 3080 4246 tuum
3105 4193 3268 4262 jacta
3311 4193 3654 4266 cogitatum
3693 4237 3709 4262 ,
3742 4203 3794 4251 et

2121 4277 2250 4349 ipse
2277 4281 2332 4331 te
2357 4277 2628 4346 enutriet,
2685 4279 3010 4334 secundum
3041 4280 3366 4336 veridicum
3413 4299 3542 4337 suae
3575 4283 3792 4338 divinae

2124 4364 2422 4422 sententia;
2453 4365 2830 4436 promissum.
2865 4367 2945 4423 De
2973 4369 3158 4424 nostri
3189 4375 3384 4425 autem
3431 4371 3682 4428 consilii
3739 4375 3794 4428 et

2116 4453 2440 4526 juvaminis
2470 4453 2697 4520 solatio,
2725 4455 3156 4526 quantumlibet
3185 4456 3326 4514 illuo
3375 4459 3476 4525 sit,
3537 4476 3620 4516 ne
3683 4461 3790 4516 fias

2125 4541 2244 4598 ullo
2271 4543 2443 4598 modo
2465 4542 2678 4597 dubius
2704 4559 2718 4610 ;
2752 4543 2892 4615 quia
2919 4561 3098 4617 super
3113 4563 3318 4602 omnes
3339 4547 3426 4602 tui
3447 4549 3788 4618 ordinis,de

2125 4633 2228 4686 tua
2259 4646 2318 4684 re
2356 4629 2751 4702 prosperanda
2801 4647 3033 4704 semper
3074 4651 3172 4690 ero
3229 4634 3548 4704 sollicitus,
3609 4653 3786 4710 quem

379 4736 558 4791 quam
588 4719 902 4775 trimodam
933 4721 1292 4806 compererat
1319 4716 1495 4806 dictis
1525 4715 1699 4806 beati
1732 4717 2014 4789 Gregorii,
2051 4741 2093 4806 υ
2125 4717 2294 4775 nobis
2319 4718 2691 4774 commendat
2719 4723 2776 4774 et
2803 4719 3135 4778 indefessus
3165 4722 3331 4778 labor
3387 4723 3594 4782 ﬁdelis
3649 4743 3788 4799 erga

381 4807 602 4863 scilicet
631 4825 665 4863 a
695 4825 898 4874 manu,
931 4808 1002 4862 ab
1035 4805 1374 4876 obsequio,a
1403 4805 1613 4860 favore.
1671 4805 1766 4861 His
1815 4808 2017 4879 utique
2063 4805 2078 4806 ί
2128 4825 2236 4864 nos
2265 4806 2618 4873 serviminis,
2641 4811 2698 4862 et
2727 4809 3200 4882 consanguineus
3227 4812 3480 4868 invicem
3535 4817 3788 4872 affectus

379 4897 568 4951 tribus
583 4895 950 4968 pedissequis
961 4911 1054 4950 am
1064 4895 1282 4949 bitiosaa
1295 4893 1458 4948 vcnal
1469 4893 1624 4949 itatis
1649 4895 2016 4951 animadver-

377 4989 510 5041 tens
527 4983 1276 5054 ecclesiasticasdignitates
1295 4981 1410 5036 nim
1423 4982 1470 5038 is
1487 4982 1764 5038 confundi
1789 5001 1854 5040 ac
1876 4987 2014 5040 sub-

381 5073 494 5138 rui,
527 5088 632 5126 nec
661 5071 827 5126 facile
845 5070 1099 5141 aliquem
1117 5071 1188 5124 ab
1203 5069 1662 5141 aliquaistarum
1691 5071 2014 5129 immunem

383 5157 795 5231 reperiri,nihil
811 5159 919 5213 sibi
941 5158 1122 5213 tutius
1137 5159 1254 5213 fore
1273 5157 1722 5229 credidit,quam
1749 5161 2014 5232 p0pulari

383 5246 650 5305 electioni
673 5247 745 5302 ad
773 5245 1020 5302 humilia
1049 5263 1110 5301 se
1141 5247 1228 5301 vel
1241 5246 1478 5300 adversa
1492 5247 1802 5302 attrahenti
1824 5266 2020 5306 assen-

383 5336 501 5402 tiri,
535 5338 593 5390 et
615 5335 899 5405 imperiali
923 5333 1283 5404 suggestioni
1307 5331 1378 5384 ad
1405 5350 1614 5402 magna
1635 5335 1720 5388 vel
1745 5353 2020 5407 prospera

383 5423 646 5481 incitanti
663 5423 930 5478 reluctari
943 5419 1226 5490 .Denique
1245 5417 1538 5474 laudabile
1551 5423 1638 5475 est
1661 5439 1692 5492 q
1705 5439 2018 5496 ucmquam

383 5531 489 5586 pro
523 5519 630 5569 Deo
663 5529 942 5585 prospera
972 5505 1262 5563 declinare
1289 5520 1303 5556 ε
1338 5505 1438 5558 sed
1463 5507 1644 5562 multo
1667 5508 2020 5570 laudabilius

383 5607 608 5657 constat
637 5602 894 5656 adversis
927 5615 992 5653 se
1037 5599 1246 5664 sponte
1303 5589 1674 5652 offerre.llinc
1731 5603 1820 5653 est
1867 5603 2020 5672 quod

2125 4897 2290 4952 avita:
2320 4895 2796 4967 propinquitatis.
2827 4897 3081 4954 Tantum
3113 4905 3315 4974 satage
3373 4901 3786 4976 Omnipotenti

2125 4984 2376 5040 ﬁdeliter
2403 4985 2712 5053 deservire,
2757 4990 2816 5040 et
2865 4985 3154 5044 bonorum
3203 5006 3436 5046 morum
3497 4991 3786 5056 indolem,

2126 5091 2253 5146 quae
2282 5073 2342 5128 in
2369 5078 2424 5128 te
2453 5090 2488 5129 a
2517 5073 2826 5131 cunabulis
2857 5081 2965 5144 est,
3009 5079 3252 5135 studeas
3309 5087 3732 5153 augmentare.
3759 5105 3779 5130 ο

2125 5163 2228 5218 His
2257 5161 2504 5232 aliisque
2542 5162 2736 5218 verbis
2767 5179 2802 5218 a
2857 5165 3037 5238 regali
3094 5167 3407 5225 dulcedine
3461 5169 3785 5227 roboratus

2123 5249 2476 5307 venerabilis
2505 5249 2720 5316 Bruno,
2773 5258 2980 5322 sponte
3026 5254 3318 5312 laborioso
3375 5273 3439 5312 se
3499 5259 3790 5316 submisit

2125 5339 2286 5394 oneri
2317 5338 2376 5392 in
2407 5337 2531 5393 solo
2557 5340 2702 5394 fisus
2726 5339 2992 5410 Domino,
3027 5343 3246 5416 quippe
3285 5345 3388 5416 qui
3419 5355 3676 5403 noverat
3731 5363 3786 5402 se

2129 5445 2242 5482 non
2273 5425 2462 5482 vocari
2485 5425 2556 5481 ad
2589 5429 2992 5500 prosperitatis
3013 5433 3248 5504 gaudia,
3281 5433 3382 5489 sed
3407 5436 3480 5490 ad
3513 5437 3784 5508 gravium

2127 5513 2395 5571 laborum
2428 5516 2806 5586 perpetienda
2837 5519 3117 5588 pericula.

2199 5603 2266 5658 X.
2301 5607 2386 5659 Ea:
2412 5603 2575 5659 Italia
2603 5605 2858 5662 discedit.
2879 5609 3360 5680 Langobardorum
3389 5613 3638 5671 insidias
3659 5630 3786 5670 eva-

456 5707 638 5786 (9).Ex
661 5709 858 5787 νθςδίε.
891 5701 1306 5774 sequentibus,
1337 5711 1366 5748 c
1393 5700 1602 5770 regulae
1632 5703 2014 5766 Benedictinae
2053 5711 2241 5784 capite
2267 5713 2324 5779 7,
2357 5711 2710 5784 desumptis,
2747 5713 3043 5787 designari
3077 5717 3308 5773 videtur
3343 5721 3692 5778 monastica
3729 5721 3784 5776 S.

385 5777 590 5831 Leonis
620 5780 918 5849 professio.
