3880 6342
71 431 178 499 481

1008 431 1341 499 PBOLEG.
1370 465 1450 483 —
1477 429 1657 500 VlTA
1698 435 1767 499 S.
1812 432 2119 497 LEONIS.
2154 468 2232 482 —
2258 433 2408 498 LIB.
2457 435 2504 499 Ι.

3329 415 3448 514 482

74 571 326 626 devotam
348 567 867 624 sanctimonalium
881 569 1186 626 constituit
1199 568 1704 642 congregationem
1737 569 1789 638 Α
1821 569 1949 637 ejus
1974 569 2076 640 pia:
2102 569 2363 641 religioni
2388 572 2579 626 modis
2601 574 2876 631 omnibus
2906 579 3188 635 contraire
3205 582 3412 638 nititur
3439 603 3454 653 ;

73 663 238 728 atque
257 653 472 714 nobilis
493 655 724 728 generis
746 657 992 729 vitaque
1031 657 1343 714 laudabilis
1365 657 1704 729 quamdam,

73 745 296 803 nomine
316 745 667 800 Berrennam
689 746 822 816 (20),
845 746 956 816 ipsi
995 747 1166 802 coetui
1196 751 1441 802 matrem
1473 745 1706 801 ordina-

67 836 177 901 vit;
209 835 380 904 cujus
410 831 654 890 instanti
683 833 1076 891 sollicitudine
1121 835 1301 890 divini
1350 835 1540 891 fervor
1580 851 1706 890 ser-

67 923 182 979 vitii
214 921 429 978 ibidem
459 923 819 979 durescendo
839 924 1036 992 crevit,
1060 930 1135 992 et,
1160 924 1354 980 divina
1379 922 1706 996 opitulante

65 1011 264 1084 gratia,
289 1009 350 1064 in
373 1009 579 1083 longas
603 1015 732 1084 post
760 1013 1166 1084 generationes
1195 1012 1506 1068 crescendo
1539 1013 1703 1068 flore-

66 1101 162 1156 bit.
195 1101 382 1155 Inerat
411 1115 646 1170 quoque
673 1099 724 1155 ei
757 1099 1043 1157 mirabilis
1079 1107 1137 1157 et
1183 1101 1427 1158 honesta
1471 1117 1702 1161 morum

64 1187 344 1261 elegantia
373 1187 517 1244 adeo
548 1193 612 1244 ut
640 1205 775 1244 cum
815 1189 1123 1260 splendido
1170 1192 1431 1264 corporis
1477 1195 1700 1261 decore,

66 1293 229 1348 quem
251 1275 335 1331 illi
360 1292 542 1348 super
561 1283 804 1333 cunctos
825 1277 984 1334 illius
1005 1279 1286 1351 temporis
1303 1281 1548 1337 contulit
1567 1284 1702 1338 Om-

63 1365 376 1436 nipotentis
394 1365 1113 1439 munificentia,quidquid
1130 1369 1336 1440 agebat
1358 1376 1702 1426 cunctorum

64 1453 270 1510 animis
280 1469 413 1509 com
423 1453 983 1527 placeret,quidquid
997 1457 1512 1524 dicebat,omnium
1528 1461 1705 1516 corda

60 1541 258 1600 intimo
287 1543 511 1599 amoris
540 1544 749 1600 eil'cctu
801 1542 1128 1601 delectaret.
1177 1546 1322 1603 Cum
1367 1550 1708 1621 serpentiua

60 1631 516 1688 astutiatantum
534 1631 786 1704 pollebat
803 1632 862 1688 in
878 1650 944 1689 eo
975 1633 1310 1691 columbina
1335 1637 1705 1710 simplicitas,

62 1725 119 1776 ut
146 1720 218 1775 ab
246 1719 435 1790 hujus
468 1719 665 1776 saeculi
697 1721 1086 1792 prudentibus
1116 1724 1380 1779 omnium
1412 1725 1706 1781 videretur

59 1809 320 1881 superior
340 1808 404 1864 in
429 1809 762 1881 prudentia,
788 1815 845 1865 et
877 1827 912 1866 a
931 1810 1128 1866 divina
1167 1813 1529 1885 sapientibus
1562 1815 1707 1870 mire

1815 664 1871 712 et
1901 657 2030 713 licet
2058 675 2169 713 non
2194 659 2378 730 possit
2399 677 2532 715 eum
2555 679 2973 735 usquequaque
2998 683 3030 722 a
3051 674 3203 725 recto
3233 671 3460 729 deviare

1816 747 2265 812 tramite,tamen
2282 765 2384 818 per
2396 765 2533 804 suos
2548 753 2764 824 satagit
2777 754 3057 811 satellites
3070 760 3458 818 tentationum

1814 839 1869 888 et
1889 835 2305 891 adversitatum
2322 837 2564 908 spiculis
2578 856 2611 917 a
2623 847 2824 896 sancto
2841 845 3137 914 proposito
3151 847 3459 906 deterrere.

1813 923 1957 978 Nam
1989 925 2228 995 quidam
2259 925 2436 995 hujus
2459 927 2745 998 primores
2769 933 2969 1001 patrie
3000 949 3135 990 eum
3164 937 3461 1010 sapientiai

1813 1011 1939 1068 luce
1964 1012 2183 1083 fulgere
2203 1021 2506 1070 cernentes
2524 1015 2654 1071 etin
2680 1018 3061 1089 disponendis
3085 1024 3245 1096 regni
3272 1028 3465 1083 consi-

1813 1099 1909 1155 liis
1935 1102 2087 1173 apud
2111 1102 2470 1173 imperialem
2497 1105 2852 1174 maiestatem
2881 1119 3312 1183 supercunctos
3333 1115 3461 1190 pol-

1811 1188 1926 1244 lere
1956 1189 2458 1255 invideutes,dum
2489 1194 2638 1263 apud
2676 1194 2919 1265 aulicos,
2940 1215 3088 1270 quos
3109 1217 3312 1259 omnes
3333 1188 3456 1262 sibi

1814 1277 1995 1333 nimio
2017 1295 2212 1334 amore
2233 1279 2946 1353 devinxeratmequeuntei
2972 1288 3160 1344 moliri
3185 1291 3454 1361 insidias,

1815 1368 1967 1438 apud
2003 1371 2229 1422 exteros
2259 1373 2456 1422 contra
2482 1386 2613 1423 eum
2650 1376 2898 1428 tractant
2928 1376 3271 1436 artiﬁciosae
3299 1381 3458 1437 calli-

1813 1453 2063 1509 ditatum
2092 1455 2417 1511 machinas.
2443 1457 2646 1528 Itaque
2668 1459 2922 1516 Odonem
2946 1465 3059 1533 (22)
3079 1467 3274 1522 vicinae
3306 1485 3460 1526 com-

1815 1543 2086 1598 marchiss
2105 1545 2458 1600 Francorum
2483 1547 2777 1615 comitem,
2804 1550 2860 1604 in
2886 1552 3120 1610 beatum
3151 1559 3459 1626 praesulem

1813 1631 2385 1704 concitant,eumque
2405 1635 2709 1706 multiplici
2728 1639 3144 1699 advorsitatum
3161 1646 3463 1706 molimine

1815 1719 1886 1774 ab
1909 1720 2230 1791 imperialis
2254 1722 2383 1776 fidei
2411 1723 2728 1779 stabilitate
2744 1726 3466 1796 dejicerelaborant.Vide-

1816 1823 1906 1863 res
1939 1809 2110 1864 [idem
2144 1810 2199 1863 iu
2235 1827 2348 1864 uno
2373 1812 2640 1866 Brunone
2661 1819 2863 1870 contra
2883 1819 3202 1878 multorum
3228 1824 3462 1882 fraudes

59 1898 338 1955 coleretur
373 1915 481 1971 pro
521 1915 678 1970 puras
699 1899 912 1955 mentis
946 1900 1296 1957 innocentia.
1317 1902 1502 1958 Tanta
1531 1903 1702 1976 largi-
1741 1937 1788 2002 Β
1815 1896 2501 2002 virilit‘er‘decertantem,
2530 1903 2795 2001 miranda
2825 1907 3105 1976 patientia
3137 1913 3459 1972 multorum

57 1987 546 2044 tatisabundabat
565 1987 941 2055 charitate,ut
961 2004 1106 2060 pene
1129 1991 1708 2049 cunctadistribuens

56 2076 366 2132 indiscrete
396 2077 459 2132 in
499 2075 746 2132 aliorum
792 2077 1112 2149 opulentia,
1162 2080 1357 2150 ipsum
1409 2081 1710 2139 multoties

55 2164 416 2238 contingeret
460 2165 742 2236 indigere.
776 2165 1291 2238 Eleemosynarum
1329 2168 1529 2224 virtuti
1577 2177 1710 2226 ante

57 2254 245 2310 omnia
260 2259 321 2309 et
341 2270 530 2326 super
545 2253 742 2310 omnia
763 2255 1100 2323 insudabat,
1127 2273 1229 2312 nec
1254 2274 1356 2327 pro
1394 2243 1510 2314 ullo
1535 2276 1710 2314 saecu-

56 2341 152 2396 lari
184 2342 624 2415 impedimento
648 2360 1006 2416 quemquam
1039 2345 1192 2400 diem
1225 2347 1530 2403 omittebat
1567 2347 1707 2418 quin

59 2431 210 2485 omni
243 2447 431 2488 mane
459 2432 586 2503 ipse
619 2448 721 2504 per
751 2450 812 2489 se
830 2435 1349 2505 peuperumturbae
1372 2435 1708 2502 deserviret,

54 2536 113 2574 ac
141 2520 461 2577 Dominico
493 2521 758 2594 exemplo
788 2539 989 2578 eorum
1020 2524 1261 2596 vestigia
1294 2524 1586 2581 abluendo
1633 2525 1712 2581 vi-

53 2613 203 2664 ctum
225 2608 630 2666 sufﬁciean
653 2611 955 2666 tribueret.
979 2611 1286 2668 Devotione
1324 2615 1556 2670 contriti
1585 2631 1708 2671 cor-

51 2698 134 2754 dis
149 2704 207 2755 et
229 2699 695 2771 compunctione
719 2699 1176 2772 lacrymosorum
1192 2702 1514 2773 gemituum
1545 2704 1710 2761 inun-

58 2787 226 2843 dabat
250 2787 616 2844 mirabiliter
634 2789 776 2844 adeo
798 2793 863 2844 ut
878 2789 1021 2844 nihil
1045 2806 1220 2845 sacras
1243 2791 1543 2858 orationis,
1577 2793 1708 2849 nul-

51 2875 162 2932 lum
182 2875 374 2934 divini
400 2877 762 2933 sacrificium
786 2878 961 2933 ofﬁcii
983 2895 1236 2950 superno
1259 2879 1444 2936 vultui
1469 2899 1711 2953 praesen-

53 2970 192 3022 taret
219 2967 373 3038 quin
411 2966 694 3022 continuo
726 2966 1116 3040 lacrymarum
1151 2969 1390 3026 flumine
1415 2971 1621 3027 faciem
1653 2978 1711 3030 et

50 3060 244 3126 pectus
277 3055 586 3128 irrigaret.
611 3055 734 3110 Tali
759 3071 820 3111 se
842 3055 1180 3114 holocausto
1205 3059 1259 3113 in
1283 3064 1596 3130 conspectu
1621 3061 1710 3116 di-

47 3144 183 3199 vinis
207 3146 560 3216 maiestatis
580 3146 875 3201 mactabat
890 3146 1148 3213 assidue,
1176 3148 1368 3204 sciens
1387 3150 1708 3206 certissimo

47 3255 71 3282 «
91 3233 464 3290 sacrificium
487 3239 724 3306 gratum
749 3235 863 3290 Deo
887 3236 1160 3307 spiritum
1183 3236 1642 3294 contribulatum
1679 3263 1706 3288 ››

1819 1984 2044 2057 spicula
2072 1985 2328 2042 hostium
2360 1991 2759 2060 aequanimiter
2791 1996 3194 2066 perferentem,
3219 2018 3458 2074 praecor-

1819 2073 1953 2130 diali
1974 2076 2376 2146 compassione
2399 2079 2767 2135 subditorum
2799 2081 2908 2138 sibi
2935 2073 3241 2157 dispendia
3261 2091 3458 2148 dolen-

1818 2168 1958 2232 tem,
1991 2164 2133 2235 ipsis
2166 2164 2419 2220 inimicis
2451 2167 2763 2224 aifectuosa
2792 2171 3072 2231 charitate
3101 2193 3278 2248 quam
3297 2180 3456 2236 facil-

1819 2251 1955 2306 lime
1988 2252 2407 2324 indulgentem.
2443 2256 2552 2310 Sed
2587 2274 2700 2311 non
2731 2265 2819 2314 est
2850 2277 3086 2320 necesse
3111 2281 3259 2336 quos
3279 2268 3457 2326 bello-

1819 2357 1947 2395 rum
1986 2348 2200 2408 motus,
2225 2359 2373 2414 quas
2403 2344 2666 2399 Ecclesiae
2691 2348 2801 2402 sibi
2835 2353 3164 2408 commissae
3195 2357 3460 2415 devasta-

1819 2429 2028 2496 tiones,
2063 2431 2306 2502 prazdas,
2341 2432 2612 2488 incendia
2643 2437 2943 2506 pertulerit
2971 2456 3295 2511 recensere,
3319 2447 3462 2504 dum

1817 2519 2252 2591 Omnipotentis
2281 2522 2489 2592 gratia,
2513 2523 2584 2577 de
2614 2527 2840 2580 cunctis
2871 2529 2998 2598 ejus
3021 2533 3250 2590 zemulis
3280 2535 3337 2590 in
3371 2553 3465 2593 ne-

1819 2608 2002 2679 quitia
2031 2610 2323 2677 radicatis,
2359 2612 2538 2665 citum
2572 2611 2810 2684 dignata
2839 2623 2928 2671 est
2959 2620 3135 2676 linem
3168 2621 3463 2695 imponere

1818 2712 1883 2751 ac
1932 2695 2042 2750 sibi
2096 2697 2325 2752 fidelem
2384 2699 2672 2755 famulum
2748 2705 2843 2774 pia
2895 2708 3286 2768 consolatione
3358 2730 3464 2786 per

1818 2786 2009 2839 visum
2039 2784 2220 2840 voluit
2249 2787 2518 2843 relevare.
2543 2789 2843 2860 Siquidem
2873 2795 3015 2851 dum
3045 2798 3234 2854 adhuc
3263 2784 3460 2858 adver-

1819 2874 2059 2929 sitatum
2089 2876 2405 2946 angoribus
2431 2883 2770 2946 arctaretur,
2795 2884 3049 2952 quadam
3075 2893 3239 2943 nocte
3261 2891 3460 2946 multi-

1817 2961 2035 3034 plicum
2068 2963 2530 3020 sollicitudinum
2565 2970 2753 3024 fessus
2793 2969 3114 3041 laboribus,
3159 2977 3458 3036 miseriam

1818 3051 1926 3105 sibi
1962 3051 2208 3121 subjecti
2237 3054 2433 3124 populi
2476 3055 2839 3125 revolvenda,
2891 3059 3461 3140 lacrymahiliterque

1819 3140 1943 3194 suis
1976 3157 2102 3196 eam
2139 3144 2461 3212 reputando
2493 3146 2860 3213 criminibus,
2885 3157 3195 3222 soporatur
3214 3171 3278 3210 ac
3306 3157 3462 3214 videt

1817 3229 1877 3283 in
1910 3229 2134 3284 somnis
2163 3231 2475 3301 quemdam
2517 3234 2759 3304 angelici
2801 3237 2999 3293 vultus
3036 3243 3300 3311 praeferre
3345 3246 3459 3301 sibi

46 3322 174 3378 fore.
207 3324 531 3396 Sapientia
559 3324 886 3379 divinarum
928 3324 1440 3398 humanarumque
1488 3329 1703 3384 artium
1736 3307 1778 3372 (ἶ
1818 3318 2104 3389 ερδίενειω
2131 3336 2312 3391 supra
2342 3321 2482 3376 εολίδ
2513 3322 2880 3393 splendorem
2917 3307 3354 3402 ru'gldamﬂuw
3370 3333 3456 3389 Vi-

42 3410 93 3465 in
121 3429 187 3468 eo
218 3412 570 3486 refulgebat
591 3412 980 3485 amplissima,
1006 3413 1258 3470 maxime
1281 3416 1423 3471 artis
1454 3417 1702 3474 delecta-

44 3500 166 3557 bilis
197 3502 457 3558 musica
492 3502 722 3574 peritia,
755 3518 872 3574 qua
902 3502 1159 3574 antiquis
1200 3505 1534 3561 auctoribus
1589 3523 1702 3562 non

39 3590 200 3646 modo
221 3591 595 3664 equiparari
622 3596 868 3663 poterat,
884 3591 1000 3647 imo
1021 3593 1080 3647 in
1105 3591 1377 3648 mellifica
1398 3593 1703 3652 dulcedine

41 3680 355 3737 nonnullos
387 3696 603 3736 eorum
638 3678 1016 3752 prmcellebat.
1046 3681 1189 3735 Nam
1212 3699 1566 3754 componens
1589 3701 1705 3740 res-

40 3769 309 3837 ponsoria
331 3769 398 3825 in
413 3770 791 3826 veneratione
803 3768 1040 3841 gloriosi
1055 3771 1580 3844 martyrisCyriaci(
1589 3773 1646 3829 21
1662 3775 1700 3844 ),

38 3857 338 3930 sanctique
364 3856 591 3913 Hidulfi
617 3858 988 3913 Trevirorum
1011 3858 1566 3932 archiepiscopi,nec
1586 3878 1701 3919 non

37 3943 209 4003 beate
241 3945 466 4003 Odilia:
497 3945 761 4019 virginis,
802 3952 980 4018 atque
1020 3949 1332 4004 venerandi
1381 3951 1700 4023 Anglorum

36 4035 278 4104 apostoli
303 4035 588 4108 Gregorii
613 4034 886 4099 doctoris.
913 4033 1092 4090 divini
1111 4034 1314 4094 laudes
1335 4039 1554 4094 servitii
1589 4041 1699 4096 mi-

34 4122 183 4181 rifico
205 4124 435 4200 decore
464 4121 789 4195 ampliavit.
814 4123 1172 4181 Humilitatis
1199 4141 1432 4198 quoque
1475 4143 1542 4183 ac
1592 4145 1700 4200 pa-

32 4211 238 4270 tientia
271 4214 524 4270 donum
553 4210 635 4267 ita
662 4212 725 4269 in
747 4229 813 4269 eo
839 4212 1052 4270 enituit
1071 4214 1212 4280 ut,si
1235 4214 1429 4271 forsan
1444 4214 1696 4288 aliquem

30 4301 443 4374 subjectorum
482 4317 587 4374 pro
607 4318 726 4358 suae
749 4301 931 4375 culpa
965 4318 1112 4358 noxa
1140 4303 1486 4375 increparet,
1521 4311 1699 4378 utque

28 4388 139 4446 ﬁeri
162 4391 342 4460 solet,
368 4389 467 4447 illi
492 4391 852 4462 impatientes
885 4396 1080 4447 motus
1102 4390 1233 4448 felle
1265 4392 1451 4449 multa
1488 4393 1700 4466 impro-

25 4478 321 4548 periorum
343 4479 630 4537 convicia
673 4479 941 4552 arguenti
966 4480 1198 4552 presuli
1223 4481 1536 4554 irrogaret;
1587 4484 1698 4541 iste

25 4583 117 4636 pro
145 4571 492 4628 verborum
525 4569 759 4639 injuriis
799 4585 913 4625 non
958 4569 1219 4642 verbera,
1259 4571 1359 4626 sed
1409 4571 1696 4644 lacrymas

25 4657 390 4716 condolendo
427 4658 820 4730 impenderet.

1814 3408 2061 3463 debatur
2090 3409 2146 3462 in
2179 3425 2240 3462 se
2269 3409 2443 3463 totius
2474 3411 2676 3464 mundi
2717 3413 2962 3469 retinere
2990 3416 3342 3486 machinam,
3389 3421 3452 3477 in

1813 3513 1928 3568 qua
1948 3497 2121 3551 etiam
2145 3495 2473 3566 specialiter
2487 3497 2537 3552 ei
2560 3501 3018 3557 ostendebantur
3030 3505 3144 3560 duo
3163 3509 3452 3578 praeclara

1812 3586 2006 3640 forma:
2031 3584 2315 3640 homines.
2332 3585 2589 3648 Quorum
2611 3588 2751 3644 dum
2766 3591 3004 3647 nomina
3018 3610 3214 3650 eorum
3229 3596 3454 3654 discere

1809 3673 2410 3746 cuperet,hujusmodi
2438 3693 2548 3731 vox
2569 3693 2708 3733 suas
2729 3681 2987 3749 pervenit
3007 3683 3076 3736 ad
3110 3699 3312 3741 aures:
3338 3687 3454 3744 Hos

1811 3763 2054 3818 Mariam
2088 3761 2513 3835 Magdalenam,
2565 3765 2985 3839 Galienumque
3043 3774 3270 3829 noveris
3326 3791 3454 3832 esse

1809 3852 2170 3924 episcopum,
2189 3869 2440 3923 quorum
2466 3855 2758 3911 consortio
2781 3863 2836 3912 te
2859 3859 2969 3913 frui
3003 3860 3061 3915 in
3089 3862 3281 3918 futuro
3301 3862 3455 3920 laata-

1809 3941 1983 3996 beris.
2008 3941 2277 4013 Dumque
2297 3943 2563 3997 eamdem
2594 3944 2880 4015 sphaeram
2906 3946 3269 4006 laetabundus
3299 3952 3450 4008 acci-

1811 4029 1974 4102 piens
1993 4031 2264 4086 manibus
2285 4031 2393 4086 sibi
2416 4030 2475 4086 in
2497 4032 2692 4087 sinum
2714 4033 2882 4089 vellet
2928 4052 3162 4108 ponere,
3188 4056 3449 4114 praesago

1812 4119 2141 4176 futurorum
2173 4123 2261 4175 est
2278 4125 2648 4191 experrectus
2678 4138 2902 4194 sopore.
2927 4125 3037 4180 Nec
3063 4127 3276 4184 mirum
3299 4130 3452 4186 hunc

1810 4208 1988 4263 beatae
2019 4209 2208 4264 Maria:
2239 4209 2349 4264 dici
2382 4209 2528 4264 forte
2575 4217 2928 4280 consortem,
2978 4231 3111 4270 cum
3163 4234 3271 4288 par
3311 4233 3453 4291 erga

1808 4297 1992 4353 Deum
2015 4297 2342 4354 dilectionis
2363 4298 2689 4364 atl'ectus,et
2705 4303 3020 4359 continuus
3055 4305 3448 4378 lacrymarum

1807 4387 1964 4442 velut
1995 4387 2361 4442 fontanarum
2393 4403 2678 4458 aquarum
2710 4389 3015 4460 decurSus,
3048 4394 3178 4464 ejus
3218 4395 3451 4452 merito-

1809 4493 1937 4531 rum
1969 4475 2136 4531 illum
2169 4475 2483 4531 reddiderit
2513 4477 2874 4549 participem.

1878 4565 2154 4631 Quamvis
2176 4569 2372 4620 autem
2393 4582 2426 4620 a
2446 4565 2612 4621 nobis
2632 4566 2821 4622 adhuc
2848 4567 3304 4643 ignoretur,quis
3336 4574 3446 4630 iste

1728 4675 1773 4740 Ι)
1806 4655 2079 4710 Galienus
2110 4655 2415 4721 exstiterit,
2444 4671 2558 4710 non
2588 4659 2676 4710 est
2704 4660 2896 4712 tamen
2947 4659 3193 4716 dubium
3243 4664 3442 4736 magni

81 4745 229 4803 XIV.
263 4747 513 4804 Invide:
538 4748 771 4818 patitur.
806 4748 866 4802 In
890 4747 1149 4804 morbum
1180 4748 1393 4807 incidit.
1418 4752 1456 4804 Α
1507 4755 1693 4808 sancto
1802 4760 1931 4799 esse
1960 4761 2093 4799 eum
2127 4744 2341 4810 meriti,
2364 4759 2540 4815 quem
2572 4744 2766 4800 divina
2795 4763 2902 4801 vox
2923 4753 3093 4804 tantis
3117 4749 3308 4808 laudis
3324 4751 3445 4809 viro

27 4833 191 4893 Blasio
220 4841 512 4894 sanatur.
550 4866 613 4876 —
644 4835 744 4892 His
784 4852 920 4908 ergo
965 4835 1214 4909 aliisque
1258 4837 1427 4894 bonis
1470 4841 1697 4898 actibus

27 4927 386 4998 perspiciens
406 4941 558 4982 eum
581 4923 773 4981 cluere
794 4925 1036 4982 humani
1053 4926 1282 4998 generis
1304 4927 1692 4999 adversarius,

80 5031 189 5108 (20)
225 5031 389 5108 Bolﬁl.
429 5032 802 5108 Quemnam.
853 5033 1108 5108 Joannes
1157 5033 1225 5088 de
1276 5034 1465 5106 Bayon
1517 5052 1696 5108 supra

28 5105 290 5176 sudatus
320 5105 697 5176 Berheimam
725 5103 997 5176 appellat.

79 5175 187 5248 (21)
219 5177 286 5231 S.
324 5175 632 5248 Cyriacus
661 5175 944 5248 patronus
974 5179 1064 5232 est
1111 5176 1450 5248 monasterii
1498 5177 1692 5233 Altor-

28 5242 210 5313 ensis,
245 5249 313 5304 S.
346 5242 926 5304 Hidulfus‘Mediaui
982 5247 1344 5318 monasterii,
1394 5249 1450 5302 S.
1505 5248 1696 5307 Odilia

27 5319 414 5392 iarthenonis
452 5319 957 5392 cognominis,seu
970 5318 1461 5392 Hoemburgensis
1489 5318 1548 5392 in
1571 5321 1693 5392 edi-

28 5386 239 5464 :isslmo
272 5386 716 5464 montefupde
746 5390 938 5464 omnis
970 5405 1114 5461 pene
1142 5386 1373 5464 Alsatiis
1399 5391 1556 5464 regio
1603 5390 1692 5447 ul-

35 5476 88 5535 ra
116 5461 424 5524 Rhenum
459 5459 543 5535 ad
591 5461 826 5535 Sylvam
843 5459 1114 5535 _Nigram
1173 5459 1433 5535 conspici
1465 5459 1689 5535 potest.

27 5531 212 5589 Sancto
246 5545 477 5590 autem
499 5530 775 5604 Gregorio
797 5530 1167 5604 dieatum'est
1187 5530 1352 5589 vetus
1372 5530 1690 5590 oratorium

28 5618 56 5656 n
87 5604 342 5688 Altorﬁo
377 5603 786 5688 ιῐιιξιξέλθξθιιίο,Δ
811 5603 872 5660 in
903 5621 1018 5688 quo
1045 5605 1202 5660 Beati
1245 5603 1444 5688 ipsius.
1482 5605 1690 5688 Leopis

29 5683 273 5734 arentes
308 5675 560 5751 sepulti
593 5675 888 5751 dicuntur.
921 5675 1547 5751 Responso_ria__autem
1593 5675 1693 5734 hic

29 5754 334 5812 memorata
370 5745 458 5810 ab
496 5745 819 5809 Humberto
847 5745 1060 5829 postea
1079 5745 1382 5824 cardinali,
1412 5749 1513 5812 sed
1544 5752 1686 5812 tunc

1809 4833 2209 4904 coaequaverit.
2241 4836 2424 4897 Quam
2457 4833 2737 4890 visionem
2769 4838 3084 4893 subsecuta
3111 4844 3200 4895 est
3241 4840 3448 4898 efﬁcax

1808 4922 2013 4977 divinis
2040 4922 2237 4994 gratiis
2269 4922 2610 4990 consolatio,
2636 4924 2873 4995 praefato
2895 4927 3094 4984 Odone
3115 4929 3327 4986 comite
3348 4947 3450 5003 per

1809 5029 2093 5085 monacho
2126 5028 2505 5094 Medianensi,
2554 5030 2652 5086 ubi
2703 5033 2875 5088 etiam
2917 5039 3083 5091 vetus
3131 5040 3448 5095 oratorium

1805 5107 1860 5177 ξ.
1891 5101 2172 5177 Gregorii,
2191 5119 2357 5177 anno
2395 5103 2548 5172 1044,
2581 5105 2904 5177 composita
2935 5107 3117 5164 fuisse
3165 5116 3452 5168 memorat

1803 5172 2058 5229 Joannes
2089 5173 2158 5228 de
2191 5172 2403 5244 Bayon.

1876 5247 1973 5323 (2_2_
1988 5246 2044 5323 _ls
2067 5249 2155 5300 est
2162 5243 2299 5323 ράρ
2333 5244 2776 5323 campaniensis
2807 5257 3212 5323 nuncupatus,
3245 5251 3446 5310 0dinis

1803 5315 2034 5395 comitis
2065 5315 2334 5395 exﬁeat'a
2365 5315 2591 5395 Bodulﬁ
2615 5319 2818 5395 ignavi
2847 5315 3320 5395 Burgundionum
3351 5341 3444 5378 re-

1800 5389 1892 5514 gis
1913 5389 2132 5460 absque
2150 5386 2351 5443 liberis
2375 5388 2628 5445 defuncti
2652 5386 2848 5447 sorore
2874 5410 2886 5459 ;
2913 5386 3010 5463 qui
3037 5411 3163 5449 cum
3182 5396 3440 5473 Burgun-

1843 5459 1908 5513 iae
1941 5476 2183 5514 regnum
2218 5461 2494 5514 adversus
2534 5463 2862 5514 Conradum
2909 5466 3172 5514 ambiret.
3205 5479 3434 5514 ncmsus

1843 5459 1908 5513 iae
1941 5459 2183 5531 regnum
2218 5461 2494 5515 adversus
2534 5463 2862 5518 Conradum
2909 5459 3172 5529 ambiret,
3205 5459 3434 5519 occisus

1798 5530 2254 5606 est_a_t}’ozelone
2286 5547 2462 5603 prope
2492 5533 2755 5588 Barruui.
2789 5535 3059 5606 Sepultus
3089 5542 3173 5588 est
3205 5536 3257 5588 in
3303 5533 3430 5588 Ma-

1789 5601 1906 5729 iori
1940 5601 2301 5660 Monasterio’
2316 5601 2493 5677 prope
2518 5607 2800 5672 Turonos,
2818 5601 2985 5678 juxta
3005 5609 3223 5677 patrem
3249 5619 3422 5663 suum

1819 5690 1907 5729 oci
1939 5680 2410 5729 restauratorem.

1819 5674 1907 5732 oci
1939 5674 2410 5734 restauratorem.
