3910 6390
423 353 540 419 883

1793 349 1857 409 S.
1905 349 2054 410 LEO
2099 349 2178 409 IX
2225 343 2459 408 PAPA.‘
3707 343 3783 403 484

424 486 765 543 bellicosum
788 486 999 539 nostrae.
1022 481 1219 555 patriae
1243 482 1453 538 ducem
1467 481 1796 538 Gozilonem
1818 480 2066 551 turpiter
2094 483 2146 548 Α
2177 479 2476 534 votionum
2509 476 2814 542 serenitas,
2848 479 3080 546 quanta
3113 489 3318 545 usque
3347 474 3422 528 ad
3469 473 3782 528 novissimum

425 575 598 630 morti
649 573 887 638 tradito,
919 588 984 626 ac
1013 587 1154 643 pace
1185 587 1288 643 per
1315 571 1471 626 hunc
1495 572 1730 626 beatum
1763 568 2068 640 praesulem
2105 611 2128 638 ,
2179 567 2566 637 quadrantem
2597 564 3116 635 eleemosynarum
3143 561 3602 634 largitas,quam
3620 561 3786 616 diutina

425 663 715 730 restituta,
750 679 864 716 non
925 660 1116 716 solum
1174 659 1557 731 Lotharingiaa
1619 675 1816 730 regno,
1869 673 2069 712 verum

424 751 602 808 etiam
633 750 1036 820 adjacentibus
1067 749 1378 820 provinciis
1401 747 1613 804 Christi
1646 751 1940 803 annuente
1957 745 2073 801 suf-

425 838 631 912 fragio.
665 838 812 894 Nam
843 839 970 908 eius
1001 837 1420 892 intercurrente
1450 836 1756 908 sapientia,
1781 833 2070 907 legatione

423 931 482 984 et
510 926 778 994 consilio,
799 935 890 982 est
911 927 1170 981 Romano
1189 926 1531 995 adjunctum
1551 929 1610 979 ct
1631 924 2068 979 corroboratum

421 1016 667 1089 imperio
695 1031 937 1087 regnum
953 1013 1287 1081 Austrasiaa,
1307 1014 1462 1084 quod
1495 1013 1720 1068 dudum
1749 1011 1822 1065 ab
1847 1009 2069 1082 origine

421 1105 656 1162 tenebat
685 1103 972 1160 Rofuldus
1001 1119 1100 1157 rex
1127 1102 1397 1158 Jurensis
1428 1101 1802 1173 Burgundiae,
1827 1104 1884 1155 et
1911 1099 2068 1154 idem

413 1194 541 1264 jam
571 1192 762 1248 dictus
793 1191 1051 1263 pontifex
1074 1193 1163 1246 est
1190 1190 1446 1245 directus
1477 1189 1704 1262 legatus
1755 1205 1857 1258 pro
1907 1187 2068 1259 pacis

418 1280 900 1338 concordiainter
919 1279 1288 1352 suprafatum
1313 1278 1644 1334 Conradum
1669 1277 2065 1332 Romanorum

420 1369 744 1443 principem
768 1385 834 1422 ac
856 1367 1173 1423 Robertum
1199 1367 1450 1422 Francia!
1472 1380 1688 1436 regem.
1711 1365 1896 1430 Quam
1918 1363 2070 1436 lega-

419 1459 640 1514 tionem
661 1473 839 1528 quam
871 1455 1114 1510 honeste
1143 1453 1538 1526 compleverit,
1571 1457 1660 1509 est
1691 1453 1858 1508 testis
1891 1452 2068 1508 Fran-

420 1544 530 1612 cia,
553 1561 680 1616 quae
711 1543 904 1598 adhuc
935 1542 1102 1612 quasi
1135 1559 1348 1596 novum
1391 1543 1585 1608 refert,
1631 1545 1851 1612 quanta
1894 1541 1953 1594 in
2001 1556 2067 1596 eo

419 1629 848 1704 resplenduerit
903 1628 1210 1700 sapientia,
1243 1645 1368 1700 qua:
1425 1629 1749 1695 humilitas,
1791 1645 1918 1700 quae
1968 1629 2067 1684 de-

423 1720 600 1792 nique
627 1720 686 1775 in
718 1717 1466 1790 cunctiscmptisefﬁcacia;
1494 1733 1670 1789 quam
1689 1718 1936 1772 decorus
1953 1717 2068 1772 fuc-

422 1809 499 1864 rit
526 1808 730 1864 habitu
757 1807 971 1862 mentis
993 1811 1048 1862 et
1069 1807 1347 1879 corporis,
1379 1822 1554 1878 quam
1572 1822 1868 1877 congruus
1895 1807 1952 1860 in
1977 1805 2064 1860 in-

421 1897 677 1952 ferendis
706 1895 900 1950 verbis
930 1894 1257 1966 legationis.
1295 1895 1476 1958 Quem
1507 1893 1702 1949 cuncti
1748 1897 1812 1948 ut
1843 1897 2062 1965 patrem

421 1985 604 2041 nimio
625 1999 822 2039 amore
843 1983 1260 2055 suscipiebant,
1285 1998 1459 2054 quem
1482 1999 1685 2038 omnes
1709 1987 1772 2036 ut
1793 1991 2064 2037 sanctum

421 2089 657 2130 summa
687 2071 1050 2128 veneratione
1077 2071 1433 2127 excolebant.
1471 2072 1672 2142 Itaque
1700 2075 1861 2125 tanta
1884 2071 2064 2124 firmi-

421 2166 539 2218 tate
571 2177 772 2234 pacem
803 2165 860 2215 et
887 2161 1256 2215 concordiam
1289 2159 1439 2215 inter
1469 2165 1716 2231 utraque
1738 2175 1915 2230 regna
1949 2162 2064 2214 sta-

421 2249 630 2318 bilivit,
665 2253 729 2304 ut
757 2249 948 2320 quoad
977 2248 1248 2304 vixerunt
1277 2248 1700 2320 praamemorati
1751 2247 2062 2318 principes,

421 2356 556 2396 cum
579 2337 692 2396 sibi
716 2337 1164 2394 succedentibus
1187 2336 1344 2392 lilius
1373 2335 2062 2408 utrisqueHenricis(23),

424 2427 623 2484 nullus
647 2431 1166 2499 quantumcunque
1185 2425 1558 2480 fraudulenta
1569 2429 1690 2480 arte
1709 2425 2062 2479 discordiam

424 2517 702 2572 interduo
715 2532 893 2588 regna
905 2530 1094 2570 serere
1109 2513 1370 2568 valuerit.
1387 2513 1497 2568 Sed
1513 2512 1806 2568 iudividus
1821 2512 2062 2568 humani

420 2605 651 2676 generis
677 2602 861 2660 hostis
883 2603 1246 2674 perpendens
1267 2619 1330 2658 se
1367 2602 1610 2673 nequire
1645 2603 1774 2672 ejus
1807 2601 2061 2656 devotio-

418 2709 550 2748 nem
575 2710 678 2764 per
707 2709 845 2747 suos
868 2691 1149 2746 satellites
1171 2709 1203 2746 a
1225 2695 1379 2746 rccto
1409 2691 1644 2746 tramite
1665 2689 1894 2746 deviare
1922 2707 1934 2758 ;
1961 2705 2064 2762 per

421 2797 484 2838 se
512 2779 572 2836 in
605 2779 770 2836 illum
804 2779 998 2835 divino
1027 2779 1318 2851 permissu
1349 2765 1683 2852 insurgens,
1717 2777 1897 2834 nimio
1936 2795 2061 2834 cor-

425 2871 583 2942 poris
613 2873 890 2942 aggravat
918 2869 1196 2940 languore
1227 2869 1612 2924 continuatim
1639 2868 1876 2923 annuali
1915 2871 2061 2922 tem-

425 2973 580 3028 pore.
599 2958 814 3012 Aderat
843 2961 965 3012 tota
985 2957 1252 3028 lugubris
1283 2956 1468 3028 plebis
1498 2957 1914 3021 multitudo,de
1935 2955 2061 3025 ejus

421 3045 702 3115 sospitate
717 3045 1035 3115 desperans
1051 3061 1064 3110 ;
1080 3045 1280 3099 aderat
1299 3045 1476 3099 etiam
1499 3049 1680 3100 cretus
1703 3045 2061 3099 medicorum

420 3131 680 3188 dolorem
714 3132 1092 3204 desperativis
1124 3132 1316 3187 verbis
1345 3137 1762 3204 augmentans;
1797 3131 2061 3187 omnium

2179 655 2238 710 in
2269 654 2484 710 divinis
2513 651 3139 724 orationibus,vigiliis
3158 650 3532 722 jejuniisque
3551 650 3784 714 instantia,

2179 757 2356 812 quam
2379 740 2735 812 longanimis
2759 739 2818 794 in
2841 738 3041 794 carnis
3065 737 3477 794 maceratione
3496 735 3786 808 pmnitentia,

2183 846 2298 884 non
2331 833 2420 885 est
2451 828 2616 884 facile
2647 843 2914 900 promere
2943 827 3322 896 verbis,cum
3349 826 3474 898 ipse
3504 825 3628 881 finis
3646 825 3784 896 inquo

2179 917 2370 974 omnis
2405 917 2533 974 laus
2582 917 2814 973 canitur
2869 933 3081 972 secure
3143 916 3467 972 manifeste
3513 914 3784 985 prodiderit.

2178 1007 2484 1078 Siquidem
2515 1006 2574 1060 in
2607 1009 2836 1061 tantam
2855 1005 3308 1077 corpulentiam
3339 1003 3613 1076 superﬂui
3653 1004 3785 1058 abun-

2177 1094 2376 1150 dantia
2397 1095 2666 1150 humoris
2697 1093 2826 1164 ejus
2857 1094 3130 1166 corporis
3166 1093 3477 1166 quantitas
3503 1095 3786 1155 excreverat,

2177 1185 2242 1238 ut
2263 1183 2354 1238 vix
2383 1183 2564 1238 rheda
2588 1187 2786 1254 posset
2811 1182 2940 1238 vehi
2971 1199 3097 1254 quo
3131 1181 3550 1254 opportunitas
3595 1197 3787 1236 commo-

2177 1273 2370 1328 nebat.
2397 1273 2530 1335 Quae
2559 1271 2818 1343 gravitas
2849 1269 3439 1342 corporis,quoniam
3477 1269 3584 1325 sibi
3611 1268 3786 1324 videba-

2175 1365 2273 1414 tur
2303 1360 2706 1426 intolerabilis,
2737 1359 3044 1416 multoties
3075 1359 3302 1416 Christi
3351 1358 3593 1432 gratiam
3631 1357 3786 1430 profu-

2177 1449 2259 1503 sis
2278 1449 2532 1504 exoravit
2555 1447 2926 1521 lacrymis,ut
2951 1449 3120 1504 sicut
3143 1449 3326 1504 unius
3351 1447 3554 1502 matris
3569 1463 3680 1502 eam
3694 1462 3786 1517 pro-

2175 1537 2306 1592 tulit
2337 1536 2500 1592 alvus
2531 1537 2774 1603 mundo,
2806 1536 2888 1592 ita
2917 1537 3105 1593 unius
3135 1537 3410 1594 mulieris
3461 1533 3608 1592 ulnis
3647 1533 3786 1606 possit

2175 1629 2402 1681 terreno
2435 1625 2706 1680 mundari
2737 1624 3030 1697 sepulcro.
3067 1625 3257 1696 Cujus
3299 1641 3498 1682 vocem
3549 1621 3784 1679 exaudivit

2174 1713 2378 1770 Oriens
2409 1731 2476 1770 ex
2506 1715 2644 1770 alto.
2669 1713 2816 1770 Nam
2857 1714 3082 1771 diutini
3109 1714 3510 1772 maceratione
3539 1709 3782 1784 languoris

2175 1803 2255 1858 ita
2278 1803 2345 1857 ad
2369 1803 2643 1858 ultimum
2669 1802 2778 1858 fuit
2791 1807 3058 1872 tenuata,
3081 1809 3152 1860 ut
3185 1821 3334 1876 pene
3364 1807 3562 1859 cuncto
3589 1801 3782 1856 humore

2175 1891 2368 1946 carnis
2399 1892 2708 1958 exsiccata,
2735 1891 2860 1948 sola
2889 1908 3052 1960 ossa,
3089 1898 3232 1948 cute
3261 1899 3322 1949 et
3351 1891 3537 1948 nervis
3571 1906 3683 1946 sese
3720 1893 3783 1942 te-

2175 1979 2472 2046 nentibus,
2501 1981 2836 2036 viderentur
2865 1983 3297 2038 tantummodo
3328 1978 3670 2038 cohzerentia.
3697 1977 3778 2032 Ita-

2173 2085 2288 2140 que
2321 2069 2392 2123 ad
2452 2073 2772 2125 extremam
2821 2069 2951 2124 vitae
3013 2076 3246 2126 metam
3303 2069 3558 2138 veniens,
3602 2063 3779 2122 cunctis

2175 2156 2503 2212 distributis
2533 2175 2662 2227 qua:
2695 2157 2822 2229 ipsa
2851 2174 2958 2229 per
2987 2159 3359 2232 se,exceptis
3381 2155 3566 2214 mariti
3594 2150 3776 2210 redditi.

2174 2245 2306 2312 bus,
2347 2259 2416 2300 ex
2444 2245 2678 2317 proprio
2710 2249 2952 2316 sumptu
2985 2247 3048 2302 in
3085 2265 3238 2304 usus
3269 2259 3584 2319 pauperum
3611 2255 3775 2312 expen-

2173 2333 2363 2388 dendo
2393 2333 2654 2404 quotidie
2685 2341 3130 2406 aggregaverat,
3177 2352 3350 2392 sacra
3393 2331 3694 2390 inunctione
3725 2341 3773 2381 ac

2172 2421 2409 2476 vivifieze
2441 2422 2870 2478 communionis
2930 2423 3392 2496 participatione
3443 2422 3663 2483 munita,
3697 2415 3773 2470 diu

2172 2510 2457 2566 exanimis
2487 2515 2544 2566 et
2574 2510 2796 2582 absque
2830 2511 2948 2566 ullo
2983 2511 3150 2567 vitali
3185 2513 3327 2568 flatu
3367 2509 3564 2582 jacuit,
3609 2507 3772 2562 cuncta

2171 2598 2426 2670 ejulante
2455 2599 2674 2654 familia
2703 2617 2838 2654 eum
2899 2617 3236 2672 pauperum
3297 2601 3590 2656 viduarum
3638 2596 3770 2662 atque

2171 2687 2568 2760 orphanorum
2600 2687 2866 2744 catervis.
2889 2690 3030 2754 Quae
3064 2689 3264 2745 subito
3299 2690 3581 2758 resumpto
3605 2679 3767 2755 spiritu

2171 2777 2422 2842 rediens,
2437 2793 2501 2832 ac
2515 2777 2823 2832 confusum
2843 2777 3287 2850 deplorantium
3309 2778 3602 2834 clamorem
3621 2764 3766 2826 sedari

2172 2864 2746 2936 prtecipiensmmnos
2778 2865 2954 2920 domo
2987 2865 3290 2924 eliminari
3313 2865 3496 2938 jubet,
3521 2861 3766 2928 solamque

2174 2953 2566 3024 Regclwidem
2592 2953 2752 3023 [BolL
2786 2954 2861 3009 at.
2899 2954 3313 3027 Regilendam]
3343 2950 3572 3010 coenobii
3599 2945 3766 3004 sancta

2171 3041 2372 3096 Crucis
2403 3041 2762 3096 abbatissam
2795 3059 2928 3098 cum
2965 3043 3208 3117 proprio
3227 3045 3434 3100 retinet
3453 3029 3765 3098 marito-Olli'

2171 3129 2282 3182 bus
2314 3145 2445 3183 eum
2479 3129 2614 3184 ﬂetu
2648 3130 3106 3200 admirantibus,
3135 3133 3280 3204 quid
3337 3129 3446 3186 sibi
3497 3125 3649 3182 vellet
3670 3119 3760 3174 ait:

417 3221 688 3293 rigabant
716 3237 816 3274 ora
847 3219 1138 3291 lacrymae,
1173 3220 1284 3291 ipsi
1333 3237 1566 3292 quoque
1606 3221 1730 3290 jam
1773 3221 2059 3275 defecerat
2088 3207 2130 3272 C
2169 3239 2196 3268 «
2232 3218 2354 3272 Non
2387 3233 2482 3274 me
2509 3217 2762 3290 lugentis
2783 3219 2954 3291 quasi
2989 3215 3623 3290 morituram,quoniam
3641 3221 3762 3265 nunc

413 3325 549 3380 spes
578 3309 725 3364 vitai.
757 3310 918 3364 Tunc
948 3307 1143 3364 divino
1174 3309 1511 3364 admonitus
1559 3309 1860 3376 instinctu,
1886 3309 2058 3378 jubet

413 3413 476 3453 se
507 3396 834 3453 nocturnali
867 3397 1008 3452 hora
1033 3403 1167 3452 ante
1197 3397 1384 3453 sancti
1443 3396 1620 3452 Blasii
1667 3397 1866 3464 altare,
1899 3397 2056 3464 ferri,

414 3485 671 3543 confisus
696 3502 758 3542 se
787 3488 915 3557 ejus
946 3485 1141 3558 dignis
1175 3485 1398 3542 meritis
1419 3503 1453 3541 a
1483 3487 1750 3558 praesenti
1785 3485 2059 3558 angustia

414 3573 696 3630 citissime
725 3573 980 3630 liberari.
1017 3577 1216 3645 Itaque
1239 3575 1456 3630 ibidem
1491 3582 1694 3646 raptus
1731 3575 1790 3629 in
1817 3575 2054 3642 exstasi,

417 3677 532 3716 non
564 3661 693 3714 dico
725 3677 828 3732 per
859 3663 1429 3734 somnum,quieum
1461 3663 1700 3718 omnino
1731 3665 2054 3735 aufugerat,

415 3749 572 3804 videt
603 3749 770 3820 quasi
797 3755 1062 3804 sanctum
1086 3749 1344 3804 Blasium
1381 3751 1450 3806 ab
1483 3749 1648 3806 altari
1682 3767 2055 3822 progressum

415 3854 542 3894 sese
583 3838 925 3894 invisentem
972 3844 1144 3909 atque
1190 3839 1428 3894 modum
1477 3838 1776 3910 languoris
1825 3857 2054 3910 compa-

420 3926 633 3982 tientcr
661 3927 1082 3998 exquirentem,
1113 3928 1457 3999 cunctisque
1487 3928 1609 3983 suis
1642 3927 2058 3998 languentibus

419 4017 670 4088 praacord
681 4016 752 4071 iis
773 4017 1011 4088 apertis,
1035 4015 1210 4072 veluti
1234 4018 1359 4088 ipse
1381 4035 1448 4072 ea
1469 4017 1923 4088 conspicaretur,
1948 4017 2056 4071 mi-

416 4105 694 4161 sericordi
723 4123 900 4160 manu
931 4105 1263 4162 abluentem
1288 4122 1354 4160 ac
1386 4105 1774 4160 medicamine
1804 4105 2060 4166 refoven-

414 4197 558 4262 tem,
580 4193 969 4265 omnibusque
991 4209 1098 4249 suo
1119 4195 1240 4250 loco
1263 4195 1569 4258 restitutis,
1592 4211 1658 4249 eo
1691 4211 1805 4266 quo
1829 4199 2062 4249 venerat

413 4281 774 4338 redeuntem.
811 4284 886 4338 De
935 4299 1052 4355 qua
1081 4283 1293 4338 exstasi
1353 4300 1677 4354 regressus,
1737 4299 1942 4354 sospes
1990 4283 2060 4337 de

413 4368 560 4427 lecto
587 4387 855 4443 surgens,
881 4371 1331 4428 circumstantes
1353 4372 1611 4442 advocat,
1645 4371 1926 4426 visionem
1959 4371 2060 4424 las-

410 4465 508 4516 tus
527 4460 736 4532 pandit
757 4477 932 4533 quam
955 4461 1174 4516 viderat
1197 4461 1460 4528 ac,sicuti
1479 4459 1818 4530 praelibatus
1843 4464 2061 4532 martyr

405 4549 686 4620 jusserat,
737 4549 1211 4620 reSponsorium:
1265 4550 1396 4616 Quis
1457 4549 1592 4602 Deus
1639 4565 1870 4618 magnus
1919 4550 2060 4602 sicut
2091 4571 2136 4634 D

412 4637 551 4692 Deus
569 4645 752 4694 noster
782 4639 952 4709 (Psal.
985 4655 1169 4704 LXXVI,
1225 4639 1332 4707 14),
1385 4653 1516 4691 cum
1563 4637 1948 4707 prementibus
1997 4636 2055 4690 in

411 4741 548 4782 voce
563 4725 936 4798 jubilationis
957 4727 1231 4794 concinit,
1256 4731 1312 4782 et
1333 4725 1637 4780 nocturnis
1657 4724 1913 4795 impletis
1933 4724 2059 4780 ofﬁ-

414 4813 542 4880 ciis,
577 4814 822 4885 pedibus
855 4815 1106 4886 propriis
1137 4815 1326 4870 alacer
1355 4815 1596 4868 domum
1627 4813 1818 4868 rediit.

485 4899 601 4954 XV.
637 4901 914 4956 Brunonis
949 4905 1143 4958 matris
1171 4906 1363 4972 pietas.
1391 4903 1525 4970 Quae
1561 4903 1621 4955 in
1681 4903 1931 4958 morbum
1979 4905 2062 4957 in-

412 4985 566 5040 cidit.
597 4987 740 5040 Petit
786 4991 846 5062 ut
899 4990 1020 5042 sine
1075 4999 1272 5045 ornatu
1322 4991 1622 5061 sepeliatur
1673 4989 1816 5044 Obit.
1859 5021 1928 5029 —
1957 4990 2062 5046 Ve-

414 5089 548 5129 rum
569 5075 846 5144 quoniam
874 5078 1095 5146 majora
1115 5095 1347 5134 exarare
1370 5078 1554 5148 stylus
1583 5083 1872 5148 properat,
1907 5079 2060 5135 vide-

415 5167 513 5216 tur
542 5177 888 5233 congruum,
923 5171 984 5219 ut
1014 5167 1294 5237 quiddam
1327 5168 1398 5221 de
1423 5167 1551 5235 ejus
1585 5171 1768 5220 matre
1815 5169 2060 5239 dignum

415 5254 742 5307 memoratu
773 5253 928 5309 brevi
963 5255 1195 5311 referat.
1228 5255 1374 5310 Nam
1400 5257 1621 5324 quanta
1651 5253 1735 5308 illi
1760 5255 1933 5310 tuerit
1962 5257 2060 5312 de-

2167 3305 2310 3361 mihi
2343 3306 2532 3362 adfuit
2559 3306 2829 3378 piissime
2859 3307 2958 3363 Dei
2993 3309 3250 3382 genitrix
3307 3305 3482 3364 Maria
3531 3317 3644 3374 qua:
3691 3309 3760 3350 me

2165 3394 2508 3450 dulcissima
2539 3394 2876 3452 affabilitate
2933 3397 3272 3466 consolans,
3301 3392 3556 3468 promisit
3600 3397 3758 3444 secum

2165 3483 2513 3538 mternalitcr
2534 3483 2820 3540 victuram
2841 3487 2976 3542 etin
3001 3488 3364 3559 sempiterna
3381 3481 3554 3556 gloria
3565 3474 3762 3532 feliciter

2166 3577 2674 3642 conregnaturam.
2699 3573 2890 3629 Unum
2915 3591 3056 3650 ergo
3091 3581 3168 3642 te,
3185 3593 3218 3631 o
3248 3568 3627 3630 amantissime
3652 3575 3760 3618 con-

2156 3662 2283 3728 jux,
2317 3660 2660 3732 suppliciter
2681 3679 2780 3718 oro
2813 3679 2885 3719 ne
2917 3679 3064 3721 meae
3120 3661 3416 3736 petitionis
3472 3656 3628 3712 verba
3661 3661 3762 3736 qua

2164 3750 2393 3804 dictura.
2421 3765 2554 3804 sum
2587 3748 2832 3806 molesto
2865 3752 3018 3808 feras
3075 3733 3292 3810 animo.
3333 3772 3357 3799 ιι
3410 3749 3648 3814 Cumque
3685 3733 3761 3790 ille

2165 3838 2406 3908 ignarus
2427 3838 2752 3892 futurorum
2772 3843 3076 3910 gratanter
3091 3857 3154 3895 se
3175 3836 3540 3910 impleturum
3561 3821 3763 3898 sponde-

2167 3931 2272 3992 ret,
2291 3941 2656 3997 quaecunque
2681 3925 2783 3981 illa
2819 3944 2890 3982 ex
2939 3933 3218 4000 prompta
3245 3909 3527 3981 voluntate
3547 3909 3760 3987 juberet,

2165 4015 2247 4069 ait
2269 4033 2282 4070 :
2311 4035 2338 4063 ‹‹
2363 4018 2496 4068 Peto
2528 4019 2594 4068 ut
2615 4013 2769 4070 sicut
2805 4015 2966 4070 nuda
2984 4033 3227 4090 egressa
3251 4029 3378 4070 sum
3399 4011 3464 4065 de
3486 4013 3632 4062 utero
3661 4011 3762 4090 ξηα-

2167 4103 2275 4158 tris
2305 4118 2468 4169 meae,
2492 4101 2576 4157 ita
2601 4119 2694 4158 me
2721 4104 2944 4160 nudam
2977 4085 3051 4161 iri
3094 4102 3322 4159 tumulo
3343 4093 3604 4166 suscipiat
3629 4085 3762 4142 alvus

2166 4196 2368 4260 terrae;
2401 4195 2458 4246 et
2487 4191 2776 4264 quidquid
2809 4195 3138 4250 ornamenti
3189 4195 3258 4248 ad
3309 4175 3760 4256 consepeliendum

2167 4280 2312 4335 mihi
2335 4297 2661 4352 paraveras,
2685 4281 2744 4335 in
2779 4298 2924 4340 usus
2955 4297 3282 4355 pauperum
3313 4274 3758 4355 ﬁdelitererogare

2168 4370 2426 4424 studeas.
2463 4390 2492 4418 ››
2521 4368 2704 4440 Cujus
2735 4352 2996 4442 petitioni
3031 4352 3370 4444 quanquam
3419 4359 3614 4417 invitus
3655 4352 3756 4444 ιῖτξω

2167 4457 2442 4528 praefatus
2475 4473 2730 4528 sponsus
2760 4436 3244 4530 annuit,eamque
3271 4469 3400 4510 cum
3430 4436 3755 4530 summada'

2167 4527 2370 4601 eritate
2394 4527 2526 4600 men
2537 4546 2608 4602 tis
2631 4545 2928 4604 hominem
2945 4527 3178 4604 e'xutam
3195 4544 3362 4600 modo
3374 4554 3482 4612 quo
3493 4527 3753 4590 constitue-

2167 4639 2257 4689 rat
2286 4633 2599 4705 sepulturzs
2627 4635 2886 4690 tradidit.
2921 4636 3052 4692 Haec
3103 4639 3294 4691 autem
3345 4629 3466 4682 ideo
3521 4625 3625 4674 tam
3651 4613 3752 4666 stu-

2168 4722 2329 4778 diose
2347 4722 2519 4777 retuli
2553 4727 2892 4795 utpatescat
2912 4723 3296 4797 praesentibus
3317 4722 3370 4774 et
3389 4707 3582 4770 futuris
3597 4712 3747 4797 quan:

2167 4791 2930 4868 talideietdevotionishaac
2952 4813 3162 4868 mulier
3183 4802 3474 4876 exstiterit,
3501 4791 3749 4876 quam"?

2169 4865 2394 4955 fervens
2410 4865 2417 4866 γ
2443 4865 2502 4954 in
2519 4865 2522 4866 ν
2559 4865 3380 4973 οὶροῐηίξεξνῖιξινᾙτῖ-Ιθνεὶιξιῐθ
3433 4883 3616 4979 futili};
3631 4865 3748 4979 fili

2169 5005 2274 5044 con
2281 5005 2430 5060 gruu
2441 5005 2494 5042 m
2513 4987 2705 5043 videtu
2717 5007 2742 5043 r
2752 4989 2846 5044 hic
2859 4991 3172 5046 anchoram
3187 4981 3361 5040 nostri
3378 4968 3570 5060 navigiii
3585 4967 3746 5060 “8956:

2169 5087 2457 5150 quatenus
2480 5077 2913 5148 aliquantulum
2939 5059 3568 5152 respirando,reparatis
3586 5058 3744 5152 amt?

2171 5145 2409 5234 mentis,
2443 5145 2698 5237 coeptum
2729 5145 3260 5236 valeamus-aequor
3281 5149 3565 5214 etﬁcaciter
3591 5145 3744 5192 trans-

2170 5271 2390 5311 meare.

1597 5359 1925 5448 LIBER
1984 5363 2630 5454 SECUNDUS.

487 5472 530 5529 Ι.
565 5474 748 5530 Bruno
777 5477 1072 5546 quotannis
1101 5479 1330 5532 Romam
1375 5473 1580 5528 visitet.
1619 5472 1836 5528 Itineris
1891 5481 2060 5534 comi-

485 5580 598 5652 (23)
631 5581 913 5640 Henricus
945 5581 1168 5640 scilicet
1201 5586 1222 5635 Ι
1253 5580 1652 5652 Ρῑξᾳῃοίεθίζθκ,
1711 5579 1944 5652 Robcrti
1993 5587 2062 5642 fi-

417 5648 924 5720 lius,etHenricus
955 5656 1025 5728 II,
1049 5669 1151 5714 seu
1182 5652 1276 5726 III,
1311 5651 1486 5730 Niger
1504 5648 1717 5724 dictu,
1746 5651 2064 5734 imperator

2169 5485 2246 5536 tes
2268 5496 2300 5534 a
2324 5479 2412 5534 lue
2432 5479 2618 5533 sanat.
2643 5474 2698 5532 S.
2723 5476 2948 5534 Petrum
2965 5480 3029 5534 in
3055 5471 3259 5531 somnio
3287 5462 3441 5522 videt.
3471 5450 3578 5510 Alia
3611 5445 3736 5496 umo-

2171 5583 2563 5661 ίῖυίῧρῐὲῐζίέάο
2593 5584 2640 5640 ῙΙ
2683 5584 2874 5644 Salico
2931 5587 3104 5656 dicto,
3154 5595 3256 5638 suo
3308 5565 3448 5650 patri
3499 5537 3736 5616 successit

2171 5657 2324 5722 anno
2359 5657 2514 5716 1039.
3371 5679 3374 5684 -
