3910 6352
75 349 186 414 485

999 339 1329 409 PROLEG.
1366 375 1445 386 —
1472 337 1661 405 Vl'l‘A
1705 334 1772 403 S.
1817 336 2124 406 LEONIS.
2155 377 2234 388 -——
2263 341 2410 406 LlB.
2452 340 2533 407 ΙΙ.

3339 352 3458 416 486

74 479 417 552 —Suscepti
443 495 664 536 munus
683 477 1101 551 operisChristi
1122 476 1400 548 suffragio
1417 477 1710 531 annuente
1738 474 1794 542 Α
1825 473 2024 530 ﬁnisse
2055 475 2231 531 vitam
2262 475 2322 532 in
2353 476 2634 548 principis
2660 476 3054 549 apostolorum
3086 481 3320 537 servitio
3379 483 3458 540 De

75 569 427 645 prosecuturi
461 573 520 624 et
548 568 804 641 qualiter
832 568 904 624 ad
935 565 1318 639 apostolicam
1360 563 1708 636 dignitatem

75 658 388 733 pervenerit
415 658 508 714 vir
534 658 740 714 beatus
762 671 1004 728 quaeque
1026 656 1077 710 ei
1099 655 1314 709 ibidem
1335 651 1706 725 contigerint,

75 750 186 804 imo
213 765 341 819 qua:
370 762 476 817 per
487 762 620 802 eum
638 747 886 816 ejusque
905 743 1267 816 temporibus
1282 741 1562 797 Dominus
1584 739 1710 794 effi-

75 853 193 893 cere
219 834 468 892 voluerit
480 833 877 903 monstraturi,
901 836 1296 904 opportunum
1319 830 1548 884 videtur
1565 844 1709 899 prte-

77 926 333 981 cedentes
354 939 568 979 causas
580 923 651 979 ad
675 921 730 977 id
757 922 1114 993 pertinentes
1137 920 1464 984 ostendere,
1489 921 1545 972 et
1564 932 1709 988 quo-

77 1013 239 1070 modo
268 1028 528 1084 superna
557 1011 746 1083 gratia
768 1011 819 1065 ei
849 1013 1097 1065 ventura
1128 1006 1466 1063 revelaverit
1517 1004 1710 1059 notiti-

77 1119 216 1158 care.
247 1102 498 1157 Summa
525 1099 714 1155 inerat
741 1097 792 1154 ei
823 1097 1051 1153 devotio
1106 1096 1364 1168 primum
1414 1098 1710 1166 pastorem

78 1190 417 1261 clavigerum
471 1188 602 1245 caeli
653 1203 852 1244 annuo
901 1185 1152 1242 revisere
1203 1199 1466 1251 recursu,
1499 1187 1556 1237 et
1607 1197 1710 1252 pro

77 1279 326 1335 ovibusa
353 1282 472 1334 Deo
502 1276 616 1332 sibi
664 1275 904 1332 creditis
957 1275 1086 1346 ejus
1126 1275 1409 1344 juvamen
1456 1267 1710 1342 supplici

77 1383 298 1423 exorare
353 1370 622 1439 precatu.
683 1365 886 1435 Itaque
941 1363 1195 1434 quodam
1244 1365 1508 1432 tempore
1571 1356 1710 1413 soli-

75 1462 192 1512 tum
221 1469 540 1528 aggressus
591 1454 719 1519 iter,
769 1451 1083 1507 comitante
1132 1453 1282 1504 coetu
1338 1447 1709 1513 clericorum,

81 1560 172 1600 nec
251 1560 366 1600 non
456 1541 765 1608 laicorum,
850 1539 1308 1612 quingentorum
1393 1549 1708 1591 uumerum

78 1630 495 1705 superantium,
551 1628 652 1702 qui
709 1644 813 1701 pro
860 1627 1050 1700 ipsius
1108 1625 1449 1682 meritorum
1521 1621 1710 1694 digni-

76 1725 203 1790 tate,
270 1717 636 1783 ati’abilitate,
718 1715 1048 1781 sanctitate,
1127 1713 1492 1769 iudivulsum
1580 1710 1711 1780 ejus

77 1809 461 1880 sequebantur
479 1806 826 1862 comitatum
849 1821 862 1870 ;
882 1803 1110 1858 cunctis
1129 1801 1426 1874 subrepsit
1441 1800 1568 1855 lues
1587 1799 1715 1854 dira

80 1896 244 1953 Italici
265 1894 645 1967 corruptione
665 1892 838 1958 aeris,
861 1893 944 1947 ita
965 1895 1030 1946 ut
1049 1890 1195 1946 nulli
1222 1891 1330 1946 hac
1345 1890 1478 1944 tabe
1493 1887 1711 1943 infecto

80 1989 220 2041 esset
243 2001 378 2057 spes
409 1983 472 2038 in
506 1982 831 2037 crastinum
862 1980 1192 2037 diii'erendaa
1224 1978 1451 2034 mortis.
1486 1978 1583 2034 Vir
1613 1993 1714 2031 au-

80 2079 184 2130 tem
216 2071 442 2128 Domini
474 2069 792 2126 immodice
840 2073 1084 2124 mmstus
1106 2069 1178 2123 de
1226 2066 1542 2123 afflictione
1581 2078 1712 2120 sese

83 2161 398 2218 comitantis
418 2157 916 2224 turbaa,festinum
933 2152 1716 2229 reperitremedium,divina

84 2251 252 2322 gratia
280 2253 696 2321 praecurrente.
729 2246 878 2302 Nam
911 2249 1273 2312 sanctorum,
1334 2261 1460 2316 quae
1513 2257 1713 2298 secum

82 2339 324 2406 vehebat,
359 2336 604 2410 propria
658 2351 838 2390 manu
893 2335 1094 2390 tinctis
1149 2334 1282 2390 vino
1345 2330 1714 2405 pignoribus,

87 2427 435 2499 maximeque
457 2424 648 2481 sancti
671 2424 806 2495 Apri
831 2422 1226 2491 articulis,cui
1257 2438 1320 2478 se
1339 2419 1714 2476 commenda-

86 2517 172 2571 bat
198 2514 484 2580 devotius,
511 2512 845 2584 quicunque
868 2511 1210 2583 hujusmodi
1237 2510 1511 2582 poculum
1535 2524 1714 2579 quan-

87 2603 496 2675 tulumcunque
514 2601 774 2665 libasset,
800 2616 934 2656 mox
955 2599 1412 2664 convalescebat,
1439 2601 1718 2669 quantus-

86 2708 294 2764 cunque
323 2692 580 2764 languor
607 2688 936 2758 invasisset,
960 2689 1008 2745 si
1032 2693 1262 2744 tantum
1285 2685 1530 2759 liquoris
1553 2685 1714 2739 illius

86 2797 328 2852 saporem
359 2785 609 2853 gustare
638 2777 939 2834 valuisset.
973 2776 1294 2850 Ipseetiam
1325 2776 1470 2848 pene
1509 2774 1712 2830 dictim

87 2873 188 2925 toto
216 2870 417 2925 itinere
448 2867 616 2923 livini
650 2866 999 2922 sacramenti
1040 2865 1338 2921 victimam
1397 2864 1713 2930 oti'crendo,

87 2963 134 3013 et
158 2959 300 3015 inter
327 2958 654 3014 missarum
703 2954 990 3011 solemnia
1073 2954 1318 3027 populos
1368 2957 1592 3010 stantes
1640 2952 1713 3008 ad

86 3048 478 3104 correctionem
502 3043 1280 3116 morum,poenitentiamque
1292 3043 1716 3098 commonendo

89 3141 304 3192 cunctos
332 3135 446 3208 piis
480 3133 812 3188 hortatibus
829 3133 898 3187 ad
927 3148 1183 3203 superna
1203 3131 1563 3204 capessenda
1585 3129 1715 3184 ani-

1819 561 1929 617 hoc
1986 563 2140 618 intra
2198 581 2260 620 se
2315 565 2573 632 miranti,
2635 565 2810 621 veluti
2862 567 3138 623 caelorum
3213 569 3464 644 claviger

1819 651 2024 707 beatus
2069 655 2269 708 Petrus
2301 655 2766 727 superveniebat,
2826 661 2884 710 et
2930 655 3091 710 illam
3146 657 3462 713 multitudi-

1819 756 1952 795 nem
1985 746 2189 796 sancta
2244 743 2658 799 communione
2709 745 2838 814 ejus
2896 746 3171 800 manibus
3226 747 3462 817 partici-

1819 832 2088 898 paturam
2145 846 2273 885 esse
2329 830 2540 885 aiebat.
2620 832 2802 895 Quam
2885 833 3294 902 pontificaliter
3373 836 3463 890 in-

1820 916 2047 987 dutam[
2103 917 2211 984 ed.,
2262 920 2513 983 Quem...
2600 921 2912 992 indictum]
2999 922 3152 978 idem
3257 923 3463 980 beatus

1818 1004 2042 1073 Petrus,
2081 1023 2211 1061 cum
2245 1011 2667 1080 protomartyre
2687 1008 3003 1080 Stephano,
3030 1011 3101 1066 ad
3125 1011 3305 1069 altare
3326 1030 3440 1086 prie

1821 1092 1987 1147 dicta
2019 1093 2271 1150 ecclesia:
2303 1112 2435 1150 cum
2469 1097 2744 1152 inetl'abili
2796 1103 3004 1153 cantus
3062 1099 3314 1157 melodia
3370 1102 3466 1158 de-

1821 1179 2130 1247 ducebant,
2162 1187 2219 1237 et
2251 1183 2431 1238 sacris
2462 1185 2711 1255 peractis
2760 1186 2989 1251 ofﬁciis,
3023 1204 3224 1243 omnes
3245 1191 3314 1246 de
3335 1193 3467 1261 ejus

1821 1269 2097 1324 manibus
2110 1271 2399 1326 vivificum
2421 1289 2638 1328 munus
2664 1275 3293 1345 percipiebant.Visum
3318 1296 3464 1351 quo-

1824 1371 1938 1427 que
1969 1356 2018 1411 ei
2053 1359 2242 1413 fuerat
2271 1361 2425 1431 quod
2459 1366 2589 1431 post
2611 1377 2834 1416 sacram
2856 1366 3328 1424 communionem
3350 1370 3465 1442 ipsi

1822 1449 2062 1501 sanctus
2079 1446 2285 1502 Petrus
2304 1448 2564 1521 quinque
2578 1450 2784 1504 calices
2799 1467 3005 1508 aureos
3025 1454 3312 1512 conferret
3329 1458 3463 1531 (25),

1823 1531 1986 1588 alteri
2022 1538 2217 1590 autem
2251 1552 2313 1591 se
2334 1538 2716 1608 subsequenti
2752 1545 2892 1604 tres,
2925 1542 3097 1596 tertio
3125 1558 3258 1599 vero
3280 1561 3466 1602 unum

1821 1620 2060 1678 calicem
2089 1623 2392 1680 tribueret.
2426 1626 2555 1680 Haec
2577 1643 2712 1697 ergo
2745 1627 2868 1682 suis
2905 1630 3291 1690 familiaribus
3321 1637 3469 1692 refe-

1824 1724 1978 1776 rens,
2012 1713 2109 1782 qui
2145 1714 2556 1784 portenderent
2586 1731 2784 1770 secum
2819 1718 3180 1788 mirabatur;
3210 1724 3310 1779 sed
3333 1727 3469 1798 quis

1823 1813 2024 1853 eorum
2059 1800 2232 1855 fuerit
2253 1801 2440 1857 exitus
2459 1803 2514 1856 in
2547 1806 2930 1874 sequentibus
2951 1822 3058 1861 suo
3075 1807 3200 1865 loco
3224 1811 3465 1873 dicetur.

1821 1885 1946 1942 Alio
1976 1886 2176 1943 itidem
2212 1894 2471 1962 tempore
2499 1891 2579 1945 illi
2611 1909 2711 1962 per
2741 1894 2930 1948 somni
2955 1895 3204 1962 quietem
3232 1901 3470 1960 videba-

1821 1978 1938 2042 tur,
1970 1978 2122 2047 quod
2156 1979 2323 2048 quasi
2347 1995 2596 2055 persona
2618 1982 2926 2049 cujusdam
2951 1983 3230 2042 deformis
3259 1991 3465 2047 vetula

1821 2077 1954 2118 eum
1987 2064 2317 2138 importune
2347 2069 2671 2139 impeteret,
2705 2075 2764 2124 et
2794 2071 2971 2126 veluti
3015 2069 3311 2146 familiari,
3361 2081 3464 2137 sed

1820 2154 2017 2208 tamen
2047 2155 2274 2211 sincero
2305 2154 2596 2228 colloquio
2637 2159 2746 2212 sibi
2809 2159 3052 2234 adiungi
3106 2173 3464 2237 exposceret,

1824 2243 1958 2306 Quae
1988 2247 2108 2298 tam
2140 2243 2415 2300 horrendi
2440 2245 2660 2310 vultds,
2695 2248 2954 2304 discissa
2983 2253 3185 2322 vestis,
3219 2255 3466 2318 hirsutis

1823 2330 2050 2402 capillis
2071 2336 2242 2405 atque
2258 2334 2503 2406 turpiter
2526 2336 2743 2391 erectis
2771 2338 3170 2407 videbatur,ut
3196 2343 3288 2400 vix
3305 2349 3472 2419 quid-

1824 2434 2001 2509 quam
2033 2419 2308 2477 humanie
2341 2424 2537 2478 forma:
2569 2425 2628 2479 in
2659 2441 2722 2480 ea
2777 2435 3234 2498 recognosceret.
3287 2436 3469 2509 Cujus

1825 2508 2212 2566 deformitatis
2243 2511 2748 2569 horrorenimium
2772 2516 3098 2587 perculsus,
3123 2537 3248 2578 eam
3283 2508 3466 2596 pluri-

1825 2613 1988 2652 mum
2019 2597 2246 2654 volebat
2271 2602 2502 2656 evitare.
2528 2603 2626 2657 sed
2659 2602 2788 2674 ipsa
2817 2609 2980 2659 tanto
3003 2609 3191 2681 magis
3213 2611 3296 2667 illi
3315 2615 3469 2673 nite-

1825 2685 1998 2740 batur
2026 2686 2312 2744 insistere.
2348 2691 2470 2755 Qua
2501 2691 2942 2762 importunitate
2958 2695 3146 2752 victus
3169 2700 3257 2754 vir
3275 2702 3467 2760 Domi-

1824 2773 1905 2840 ni,
1937 2774 1985 2827 ei
2011 2775 2244 2845 signum
2279 2777 2470 2832 crucis
2501 2776 2558 2832 in
2595 2779 2798 2834 faciem
2831 2780 3241 2855 imprimebat;
3273 2795 3334 2845 at
3367 2791 3468 2849 illa

1825 2862 1895 2916 ad
1927 2866 2142 2918 terram
2174 2863 2347 2919 veluti
2373 2871 2604 2921 mortua
2636 2883 2940 2938 proruens,
2974 2869 3029 2924 in
3054 2873 3465 2937 admirabilem

1824 2948 2321 3021 pulchritudinem
2355 2955 2945 3027 denuojresurgcbat.
2998 2959 3179 3032 Cujus
3224 2965 3470 3027 visionis

1823 3041 2042 3093 terrore
2071 3047 2462 3112 experrectus,
2496 3043 2567 3098 ad
2600 3050 2918 3102 nocturnas
2938 3052 3192 3107 surrexit
3211 3054 3464 3128 vigilias,

1825 3128 2135 3200 denuoque
2165 3129 2225 3184 in
2257 3129 2437 3202 hujus
2468 3132 2548 3187 rei
2579 3134 2965 3191 admiratione
2997 3141 3188 3211 sopori
3222 3145 3473 3204 reddidit

89 3223 249 3281 mavit
275 3229 332 3281 et
360 3225 433 3280 ab
462 3221 836 3279 imminentis
859 3221 1066 3276 mortis
1087 3202 1332 3276 articulo
1349 3219 1570 3276 sanctis
1591 3235 1710 3292 pre-
1746 3202 1790 3270 C
1829 3217 2129 3273 membra:
2165 3219 2253 3273 cui
2280 3219 2584 3276 videbatur
2611 3222 2670 3276 in
2702 3225 2926 3279 somnis
2947 3202 3152 3284 adesse
3172 3202 3470 3292 venerabi:

90 3311 237 3369 cibus
263 3311 554 3369 liberavit.
592 3311 792 3382 Itaque
821 3313 942 3365 toto
969 3310 1158 3365 noctis
1185 3308 1502 3365 interstitio
1546 3309 1720 3364 turba

91 3402 350 3458 comitum
378 3407 438 3458 et
467 3399 879 3473 patriensium,
911 3415 1162 3470 quorum
1197 3399 1515 3454 necessitas
1537 3399 1716 3453 inter-

92 3496 219 3560 erat,
249 3493 321 3548 ad
349 3492 480 3562 ejus
516 3487 837 3560 hospitium
861 3503 996 3543 cum
1026 3486 1418 3542 luminaribus
1439 3488 1714 3544 excubias

88 3578 460 3645 celebrabant,
496 3593 566 3632 ac
597 3593 768 3632 mane
799 3592 903 3648 per
933 3582 1273 3631 sanctorum
1306 3575 1534 3644 merita,
1585 3579 1713 3647 ejus

88 3671 354 3724 annuente
379 3665 690 3738 sutl'ragio,
724 3664 1014 3736 integram
1064 3665 1404 3735 sospitatem
1451 3670 1712 3736 reporta-

88 3755 227 3813 bant.

145 3844 232 3903 His
257 3863 390 3920 ergo
422 3844 622 3903 causis
655 3860 758 3915 per
786 3847 1032 3898 cunctas
1060 3841 1388 3898 Romanicaa
1404 3848 1598 3914 partes
1619 3860 1711 3899 ce-

82 3927 284 3990 lerrime
313 3933 663 4006 divulgatis,
686 3933 772 3985 vir
805 3929 1038 3986 Domini
1073 3944 1314 3986 summa
1341 3930 1713 3987 veneratione

81 4021 611 4095 excolitur,ejusque
625 4018 860 4074 dilectio
876 4016 1141 4074 omnium
1157 4017 1434 4073 cordibus
1447 4018 1713 4076 funditus

85 4105 401 4168 inculcatur.
435 4111 544 4167 Hic
575 4112 771 4164 autem
803 4123 951 4164 suus
980 4110 1107 4162 erat
1137 4122 1266 4162 mos
1311 4107 1589 4163 assiduus
1646 4113 1712 4164 ut

85 4203 349 4256 nocturnas
385 4198 573 4273 quieti
608 4197 872 4252 membra
888 4195 1240 4262 traditurus,
1265 4200 1604 4252 sanctorum
1628 4197 1712 4269 pi-

86 4288 337 4356 gnoribus
367 4305 498 4346 sese
519 4285 800 4344 attentius
829 4285 1292 4353 commendaret,
1321 4288 1379 4341 et
1409 4301 1443 4340 a
1467 4284 1708 4342 saecula-

87 4373 225 4431 ribus
250 4377 558 4434 absolutus
583 4374 742 4431 curis
771 4374 830 4429 in
843 4377 1046 4430 sancta
1065 4373 1555 4446 contemplatione
1576 4376 1705 4431 ani-

90 4475 228 4519 mum
259 4466 543 4523 relaxaret
567 4470 742 4536 atque
764 4463 825 4518 in
851 4463 982 4535 ipsa
1009 4463 1389 4519 meditatione
1437 4479 1707 4520 necessa-

1827 3303 1901 3358 lis
1932 3305 2113 3362 abbas
2125 3307 2494 3380 0dilo,quem
2529 3311 2697 3381 quasi
2719 3314 2962 3383 rogabat
2976 3316 3087 3370 sibi
3104 3324 3468 3393 portendere,

1827 3409 1954 3464 quae
1975 3400 2130 3450 esset
2149 3395 2330 3467 hujus
2345 3397 2583 3453 visionis
2600 3398 2972 3470 significatio.
3007 3404 3110 3466 Qui
3128 3405 3469 3470 laetissimus

1826 3485 1876 3541 ei
1898 3486 2000 3544 tali
2035 3486 2339 3556 respondit
2365 3485 2628 3542 oraculo:
2667 3491 2878 3544 Beatus
2908 3505 2970 3546 es
2999 3496 3084 3560 tu,
3132 3499 3189 3550 et
3216 3502 3276 3552 tu
3337 3502 3469 3557 ani-

1826 3594 1980 3634 mam
2010 3578 2138 3647 ejus
2167 3575 2238 3631 de
2268 3579 2456 3630 morte
2483 3573 2766 3631 liberasti.
2801 3581 2932 3632 Hinc
2982 3596 3094 3636 non
3153 3600 3282 3642 esse
3333 3589 3468 3648 ficta

1824 3667 2033 3739 probat
2048 3666 2257 3720 idonea
2285 3664 2542 3718 virorum
2574 3680 2641 3719 ac
2659 3668 3079 3727 venerabilium
3106 3676 3460 3751 testiﬁcatio,

1827 3755 2028 3811 domui
2057 3751 2326 3809 videlicet
2353 3751 2595 3808 Walteri
2619 3754 2939 3812 Leucorum
2963 3759 3205 3818 claustri
3228 3765 3458 3838 decani,

1824 3860 1930 3898 nec
1961 3860 2074 3898 non
2105 3842 2296 3897 intimi
2329 3841 2740 3898 consecretalis
2770 3845 2898 3915 ejus
2940 3848 3306 3921 Warncheri,
3366 3856 3468 3928 qui

1822 3937 2092 3988 asserunt
2125 3947 2187 3988 se
2213 3931 2448 3987 audisse
2477 3930 2618 3986 talia
2648 3949 2781 3987 cum
2817 3932 3090 4008 lacrymis
3123 3941 3196 3995 ab
3226 3941 3326 3998 illo
3378 3959 3466 4000 re-

1821 4021 1981 4090 ferri,
2014 4026 2070 4078 et
2100 4021 2240 4093 quid
2270 4020 2571 4092 signarent
2608 4021 3110 4093 quamplurimum
3167 4029 3465 4090 admirari.

1820 4118 1944 4174 Nec
1966 4109 2308 4168 incredibile
2327 4125 2456 4164 esse
2481 4109 2728 4175 videtur,
2755 4109 2894 4166 talia
2923 4113 2971 4168 ei
3006 4132 3038 4168 a
3067 4133 3301 4174 summa
3322 4121 3468 4177 divi-

1821 4204 2003 4260 nitate
2035 4202 2480 4273 prmmonstrata
2511 4196 2714 4265 fuisse,
2738 4214 2874 4257 cum
2905 4203 3077 4258 crebo
3100 4211 3385 4265 nocturna
3407 4210 3466 4266 in

1819 4293 1967 4349 lect.)
1998 4288 2274 4361 suspiria,
2308 4291 2366 4343 et
2398 4287 2732 4359 frequentes
2764 4291 3014 4360 pectoris
3042 4295 3352 4354 tunsiones
3400 4314 3468 4357 ac

1821 4387 2045 4438 stratus
2066 4393 2219 4450 saepe
2240 4393 2275 4431 a
2297 4376 2566 4432 veridicis
2587 4377 2964 4434 cubiculariis
2989 4388 3250 4454 repertus
3267 4385 3470 4460 irriga-

1819 4474 1918 4526 tus
1947 4465 2242 4540 lacrymis,
2271 4466 2592 4521 ostendunt
2624 4464 2791 4521 illum
2823 4467 3021 4525 divina
3041 4471 3264 4529 visione
3285 4475 3467 4533 fuisse

89 4548 220 4609 rium
244 4555 469 4628 corpori
502 4569 774 4626 soporem
804 4551 1148 4624 susciperet.
1183 4551 1245 4608 In
1273 4551 1380 4607 hac
1419 4569 1556 4625 ergo
1613 4552 1704 4626 pia
1735 4568 1784 4635 D
1817 4559 2084 4631 dignum.
2121 4553 2280 4610 Nulli
2305 4559 2501 4608 autem
2533 4554 2778 4611 dubium
2829 4562 2920 4612 est
2976 4560 3117 4630 quid
3173 4561 3468 4633 significet

89 4635 381 4701 intentione
411 4642 674 4716 quadam
703 4645 872 4697 nocte
898 4645 1231 4712 soporatus,
1265 4657 1368 4713 per
1394 4641 1586 4697 visum
1633 4642 1706 4699 ad

90 4727 441 4804 principalem
474 4730 783 4788 ecclesiam
818 4729 984 4786 urbis
1038 4729 1441 4803 Wangionum
1475 4730 1587 4803 (‘24)
1619 4736 1710 4788 est

87 4815 369 4886 adductus,
401 4821 504 4876 ubi
531 4819 1042 4892 contemplabatur
1070 4819 1243 4890 quasi
1287 4821 1707 4878 consistentem

87 4899 346 4965 infinitam
378 4909 826 4968 multitudinem
858 4907 1211 4974 albatorum,
1238 4925 1488 4980 quorum
1519 4911 1710 4982 major

88 5004 199 5057 pars
223 4996 528 5055 videbatur
557 5014 687 5055 esse
717 4997 1109 5063 sacerdotum,
1144 4998 1297 5054 inter
1329 5015 1478 5070 quos
1521 5016 1703 5055 unum

87 5087 509 5156 recognoscebat
542 5087 843 5158 quondam
868 5086 978 5142 sibi
1004 5086 1350 5142 familiarem
1372 5088 1705 5145 Bezelinum

89 5169 560 5243 archidiaconum,
587 5175 687 5248 qui
718 5177 846 5246 ejus
875 5191 1073 5232 comes
1105 5175 1166 5231 in
1189 5177 1448 5232 Romano
1496 5177 1704 5234 itinere

89 5269 294 5319 exuerat
320 5264 648 5321 hominem.
701 5264 885 5329 Quem
942 5264 1309 5337 interrogans
1366 5281 1493 5336 qua:
1548 5271 1705 5322 esset

91 5345 226 5405 lmlta
249 5353 597 5420 multitudo,
646 5353 869 5410 audivit
923 5353 1032 5410 hos
1088 5369 1294 5412 omnes
1337 5355 1700 5412 mundanam

149 5471 244 5561 (24)
290 5477 692 5561 Waugioputn
741 5478 1095 5561 civitasuseu
1143 5479 1489 5561 Wormatia,
1557 5486 1699 5561 urbs

93 5549 404 5619 episcopalis
435 5549 770 5633 notissima,
803 5552 913 5606 sub
939 5549 1322 5621 Mognuntina
1365 5549 1692 5628 metropoli.

149 5614 246 5691 (ὦ)
275 5619 431 5678 Hanc
459 5637 751 5679 Visionem
780 5625 982 5678 auctor
1002 5620 1153 5678 infra
1184 5624 1598 5691 interpretatur
1625 5629 1692 5683 de

149 5629 246 5700 t2?)
275 5629 431 5678 Hanc
459 5629 751 5679 visionem
780 5629 982 5678 auctor
1002 5629 1153 5678 infra
1184 5629 1598 5696 interpretatur
1625 5629 1698 5683 de

92 5696 253 5766 annis,
278 5693 493 5769 quibus
522 5698 648 5755 tam
669 5693 794 5769 ipso
815 5708 993 5768 quam
1005 5691 1120 5750 duo
1141 5696 1272 5768 ejus
1291 5697 1540 5772 proximi
1562 5715 1694 5756 suc-

1817 4645 2130 4720 praelibataa
2163 4641 2428 4698 mulieris
2459 4642 2625 4711 visio,
2652 4644 2991 4718 quicunque
3024 4647 3162 4722 legit
3190 4666 3337 4722 pene
3384 4651 3465 4707 si-

1817 4736 1956 4792 mile
1984 4732 2284 4790 somnium
2312 4731 2503 4804 Magni
2536 4731 2899 4790 Constantini
2948 4752 3050 4808 pro
3107 4740 3468 4797 restituenda

1816 4826 1960 4881 urbe
1990 4821 2264 4896 Byzantio
2295 4821 2426 4892 (26).
2492 4821 2636 4876 Nam
2698 4829 2921 4879 certum
2973 4831 3063 4882 est
3109 4827 3470 4886 horribiliter

1815 4912 2150 4970 extabuisse
2180 4927 2284 4982 per
2313 4910 2578 4964 diversas
2603 4911 2763 4966 orbis
2786 4917 2979 4983 partes
2999 4916 3463 4975 ecclesiasticum

1816 5003 2105 5062 decorem,
2139 4998 2258 5052 imo
2290 4997 2682 5052 Christianam
2717 4999 3082 5072 religionem,
3109 5009 3166 5059 et
3183 5021 3286 5075 per
3304 5021 3464 5074 eum,

1814 5089 2028 5147 Christi
2053 5085 2510 5142 adminiculante
2534 5087 2835 5159 sutfragio,
2858 5091 2926 5142 ad
2953 5090 3266 5161 pristinum
3292 5094 3462 5150 redu-

1813 5187 1969 5238 ctam
2004 5198 2132 5240 esse
2162 5179 2462 5234 honorem.

1882 5363 1953 5418 II.
2017 5365 2082 5416 In
2135 5360 2407 5414 conventu
2469 5356 2777 5412 Wormatiae
2829 5372 2980 5428 papa
3037 5358 3282 5430 eligitur.
3339 5359 3448 5414 Sub

1809 5500 2075 5542 cessoros
2101 5481 2504 5554 pontificatum
2532 5485 2729 5554 tenere
2759 5481 3062 5554 deberent.

1877 5557 1992 5625 (26)
2023 5549 2181 5625 Hanc
2205 5551 2570 5625 Constantini
2601 5551 2791 5625 Magni
2826 5551 3104 5625 visionem
3155 5549 3325 5605 refert
3352 5556 3455 5625 So-

1810 5619 2112 5686 zoinetnus
2144 5623 2294 5684 libro
2350 5639 2390 5679 ii
2447 5619 2726 5682 Historia?
2769 5619 3190 5694 ecclesiasticae,
3233 5635 3358 5693 cap.
3392 5621 3448 5684 3.
