3880 6378
387 417 502 478 487

1745 415 1808 473 S.
1855 411 2004 474 LEO
2049 411 2128 472 IX
2173 409 2405 472 PAPA.

3669 403 3778 502 λεδ

382 549 668 620 peregrini
698 546 892 602 habitu
933 547 1159 603 [tamam
1188 549 1340 618 petit.
1377 547 1553 602 Flavii
1609 545 2028 600 exuberantiam
2055 545 2106 610 Α
2141 541 2453 596 multitudo
2478 541 2864 614 undequaque
2887 511 3426 614 supervenientiium
3445 538 3776 595 comitatur.

385 638 716 708 comprimit.
753 637 976 690 Romam
1003 635 1238 691 advenit.
1277 634 1543 691 Canonice
1599 637 1660 689 in
1709 633 2022 704 pontiﬁcem

385 725 633 796 eligitur.
669 755 736 764 ——
779 725 1002 778 Interea
1030 725 1185 794 apud
1225 723 1610 794 Wangionum
1645 723 1846 776 urbem
1889 723 2022 774 ante

384 813 754 886 praesentiam
789 811 1024 883 gloriosi
1047 810 1278 866 Henrici
1321 811 1564 866 secundi
1623 811 2016 864 Romanorum

383 901 633 973 Augusti
652 899 716 954 ﬁt
729 899 1070 970 pontiﬁcum
1089 897 1564 969 reliquorumque
1579 913 1882 968 procerum
1904 913 2018 952 non

383 990 651 1046 modicus
673 990 1010 1043 conventus.
1045 987 1200 1041 Inter
1230 1003 1376 1057 quos
1409 986 1500 1042 hic
1529 986 1762 1040 Christo
1805 986 2019 1057 dignus

387 1077 596 1150 presul
627 1077 977 1132 convocatur
1001 1091 1012 1128 :
1037 1073 1251 1145 quippe
1265 1075 1391 1130 sine
1423 1075 1592 1144 cujus
1609 1072 1850 1128 consilio
1868 1073 2020 1128 intra

383 1165 750 1238 imperialem
781 1162 1004 1218 curiam
1036 1163 1180 1217 nihil
1205 1163 1401 1234 magni
1459 1163 1899 1234 disponebatur.
1951 1162 2019 1215 Et

379 1257 634 1325 repente,
668 1252 766 1307 illo
795 1250 943 1306 nihil
974 1251 1092 1306 tale
1116 1251 1526 1323 suscipicante,
1559 1251 1630 1306 ad
1664 1267 1812 1305 onus
1854 1267 2017 1320 apos-

379 1341 534 1398 tolici
557 1341 796 1397 honoris
809 1340 1252 1407 suscipiendum
1265 1338 1500 1410 eligitur
1521 1339 1814 1394 acunctis.
1856 1339 2014 1401 Quod

378 1448 526 1486 onus
541 1430 874 1486 humilitate
889 1432 1294 1488 commonente
1335 1428 1668 1483 diutissime
1703 1428 2014 1496 refugiens,

379 1520 520 1574 dum
541 1518 731 1589 magis
745 1535 810 1572 ac
825 1517 1008 1587 magis
1023 1516 1269 1588 cogitur,
1303 1517 1643 1572 triduanum
1675 1514 2014 1572 consulendi

379 1607 641 1679 deposcit
666 1606 946 1676 spatium,
963 1605 1020 1658 in
1046 1605 1416 1676 quojejuniis
1431 1622 1642 1661 vacans
1664 1609 1718 1660 et
1737 1603 2015 1660 orationi-

378 1696 490 1752 bus
520 1694 759 1750 omnino
788 1695 914 1748 sine
945 1693 1072 1749 cibo
1103 1705 1358 1765 potuque
1390 1694 1730 1765 permansit.
1756 1696 2014 1765 Cumque

387 1785 578 1840 denuo
608 1787 1019 1854 repurgaretur
1049 1783 1120 1837 ad
1151 1782 1496 1838 obedientiae
1543 1781 2008 1853 completionem,

378 1877 697 1944 spontanee
715 1888 909 1926 coram
934 1871 1205 1927 omnibus
1219 1889 1384 1928 suam
1399 1873 1542 1926 dixit
1561 1871 2006 1938 confessionem,

378 1967 622 2018 conatus
635 1961 802 2032 quasi
819 1978 850 2031 q
861 1960 1070 2016 uadam
1095 1977 1336 2016 suorum
1350 1960 1692 2016 enormitate
1705 1959 1986 2015 scelerum
1997 2003 2012 2028 ,

378 2066 750 2106 communem
807 2053 1140 2121 permutare
1210 2049 1572 2106 electionem.
1631 2049 1774 2112 Quis
1815 2053 2010 2104 autem

379 2143 554 2210 queat
595 2140 729 2209 ejus
757 2138 1164 2194 inundantium
1199 2139 1440 2194 ﬂetuum
1481 2138 1710 2205 referre,
1757 2153 1904 2207 quos
1953 2137 2010 2190 in

375 2227 610 2300 publica
639 2227 1003 2282 confessione
1056 2226 1266 2294 emisit,
1330 2243 1462 2281 cum
1521 2227 1697 2281 etiam
1747 2225 2011 2280 omnium

377 2317 586 2372 alfectu
619 2316 676 2370 in
705 2314 916 2370 nimias
948 2315 1237 2387 lacrymas
1269 2313 1646 2370 excitaverit?
1679 2315 1837 2370 Unde
1869 2331 2012 2370 una-

376 2405 614 2460 nimiter
662 2408 1004 2460 cunctorum
1055 2420 1152 2458 ore
1207 2403 1328 2457 haec
1381 2403 1476 2473 pia
1523 2420 1630 2457 vox
1673 2403 2008 2458 resonabat:

379 2493 534 2548 Nolit
559 2493 716 2548 Deus
747 2497 809 2547 ut
839 2491 998 2548 ﬁlius
1022 2497 1317 2546 tantarum
1347 2491 1737 2564 lacrymarum
1795 2495 2008 2563 pereat.

375 2581 592 2638 Videas
623 2598 758 2654 ergo
787 2581 946 2638 nullo
979 2581 1145 2635 modo
1175 2596 1234 2635 se
1252 2597 1420 2651 posse
1443 2580 1693 2652 effugere
1715 2578 2012 2650 imperiale

373 2675 729 2743 praeceptum
760 2676 816 2726 et
846 2686 1156 2725 commune
1183 2669 1448 2725 omnium
1481 2668 1854 2740 desiderium,
1917 2686 2008 2724 co-

381 2763 544 2814 actus
575 2759 834 2831 suscepit
865 2758 1197 2829 injunctum
1219 2758 1476 2814 ofﬁcium
1511 2759 1892 2830 praesentibus
1929 2757 2010 2812 le-

384 2847 535 2920 gatis
566 2849 984 2914 Romanorum,
1013 2848 1447 2915 eaconditione,
1477 2847 1526 2902 si
1559 2848 1790 2903 audiret
1831 2846 2010 2902 totius

375 2936 518 2991 cleri
551 2953 615 2991 ac
646 2937 890 2992 Romani
923 2935 1124 3007 populi
1144 2952 1516 2991 communem
1539 2953 1666 2990 esse
1689 2936 1812 2991 sine
1833 2935 2010 2992 dubio

377 3040 757 3079 consensum.
790 3024 998 3095 Sicque
1027 3025 1098 3078 ad
1133 3024 1426 3095 propriam
1453 3025 1774 3080 Leucorum
1794 3023 2014 3078 scilicet

375 3113 576 3168 sedem
600 3113 906 3183 repedans,
931 3127 1063 3166 cum
1093 3128 1328 3166 summa
1347 3113 1648 3168 devotione
1667 3113 1881 3167 ibidem
1901 3117 2012 3168 Do-

377 3201 520 3255 mini
554 3200 864 3256 celebravit
895 3199 1156 3255 Natalem
1213 3217 1346 3255 cum
1405 3201 1724 3256 coessentia
1762 3208 2012 3272 quatuor

2133 631 2153 684 Ι
2163 635 2288 686 nter
2317 647 2463 701 quos
2494 630 2755 701 quaedam
2791 629 3077 702 religiosae
3097 629 3224 686 vitae
3245 628 3464 684 ancilla
3480 627 3590 684 Dei
3617 625 3678 682 ei
3695 627 3777 682 ad-
3861 637 3863 654 '

2129 719 2324 786 haeret,
2357 735 2486 790 qum
2511 735 2644 773 eum
2667 717 2883 774 talibus
2905 734 2972 772 ex
2989 722 3274 790 praecepto
3291 716 3488 772 divino
3506 716 3776 772 admonet

2129 808 2318 862 verbis
2342 826 2353 862 :
2388 808 2516 862 Mox
2549 812 2611 862 ut
2631 807 2824 878 prima
2854 807 3101 878 vestigia
3124 806 3278 864 intra
3298 806 3498 862 valvas
3520 804 3772 860 ecclesiae

2129 895 2410 968 principis
2441 895 2840 967 apostolorum
2870 895 3160 967 posueris,
3197 912 3267 952 ne
3329 895 3414 952 sis
3465 895 3774 950 immemor

2129 985 2220 1040 his
2252 985 2462 1040 divinis
2479 985 2558 1040 uti
2581 985 2772 1040 verbis
2791 1002 2803 1039 :
2825 987 2948 1039 Pun:
2969 986 3099 1040 huic
3127 983 3317 1040 domui
3349 983 3572 1054 (Matth.
3597 982 3774 1054 x,t2),

2129 1077 2183 1128 et
2212 1075 2485 1130 omnibus
2515 1074 2918 1130 habitantibus
2951 1075 3010 1130 in
3043 1091 3128 1130 ea.
3160 1075 3345 1138 Quam
3403 1071 3774 1144 Dominicam

2119 1162 2448 1232 jussionem
2463 1159 3774 1234 ethumilitersuscepit,etdevoteadimplevit.

2127 1249 2459 1322 Venitergo
2508 1267 2642 1305 cum
2701 1254 2861 1304 tanto
2921 1251 3200 1306 comitatu
3259 1267 3438 1322 super
3484 1251 3772 1305 Teronem

2127 1337 2366 1393 fluvium
2395 1338 2532 1408 (29),
2563 1337 2661 1410 qui
2691 1339 2772 1394 ita
2810 1340 3120 1394 crescendo
3169 1339 3476 1412 proprium
3529 1341 3770 1409 praeter-

2125 1442 2364 1498 gressus
2395 1431 2518 1482 erat
2537 1427 2762 1482 alveum
2789 1431 2852 1482 ut
2881 1443 2983 1498 per
3013 1432 3234 1499 septem
3268 1427 3394 1484 dies
3445 1431 3648 1484 totum
3699 1426 3776 1481 ibi

2124 1516 2649 1586 cogeretremorari
2681 1515 2984 1588 populum.
3017 1516 3118 1570 Vir
3147 1519 3344 1572 autem
3389 1515 3648 1583 Domini,
3709 1515 3777 1586 de

2123 1603 2434 1660 afflictione
2464 1604 2649 1675 plebis
2677 1605 2775 1660 diu
2811 1622 3010 1660 secum
3049 1605 3466 1676 exspectantis,
3529 1609 3774 1660 mmstus

2122 1693 2350 1748 cceleste
2379 1692 2658 1748 auxilium
2682 1693 2908 1748 invocat
2929 1711 2998 1750 ac
3027 1694 3496 1750 benedictionem
3517 1691 3776 1750 ecclesia

2122 1783 2304 1836 sancti
2333 1781 2577 1838 Joannis
2609 1783 2666 1836 in
2701 1781 2892 1838 vicino
2945 1787 3286 1838 censtructze
3337 1783 3600 1840 inchoat.
3664 1783 3776 1838 Sed

2121 1875 2432 1941 antequam
2461 1871 2724 1926 divinum
2749 1875 2903 1927 esset
2928 1875 3231 1943 peractum
3255 1871 3524 1928 ofﬁcium
3573 1875 3772 1944 empta:

2123 1960 2597 2026 consecrationis,
2619 1961 2700 2015 ita
2729 1960 2941 2018 fluvius
2993 1965 3082 2016 est
3139 1961 3446 2032 mitigatus
3495 1960 3776 2018 demissis

2121 2048 2316 2115 undis,
2352 2051 2416 2102 ut
2445 2064 2578 2102 mox
2623 2064 2894 2104 securum
2939 2049 3049 2104 iter
3105 2049 3266 2104 amni
3311 2049 3772 2122 transgredienti

2121 2137 2447 2208 praebuerit.
2481 2139 2642 2202 Quod
2687 2138 2882 2194 omnis
2921 2155 3187 2209 praesens
3241 2137 3570 2194 multitudo
3595 2138 3772 2210 hujus

2123 2224 2274 2280 beati
2295 2225 2398 2278 viri
2423 2225 2646 2280 meritis
2660 2225 2972 2297 contigisse
2989 2226 3772 2299 afﬁrmavit.0mnipotentis

2121 2312 2298 2384 igitur
2329 2313 2636 2369 roboratus
2685 2313 3244 2381 solamine,Romam
3293 2315 3636 2388 appropiat,
3681 2316 3774 2371 cui

2120 2405 2240 2456 tota
2258 2403 2396 2457 urbs
2419 2419 2552 2458 cum
2575 2403 2909 2474 hymnidico
2927 2408 3204 2460 concentu
3222 2405 3456 2462 obviam
3468 2404 3560 2462 ire
3577 2411 3771 2476 parat;

2122 2491 2220 2544 sed
2236 2490 2359 2560 ipse
2372 2491 2546 2561 pedes
2561 2490 2878 2562 longinquo
2894 2493 2952 2546 iti
2964 2509 3095 2549 ncre
3108 2493 3284 2550 nudis
3299 2493 3526 2566 plantis
3539 2494 3774 2560 incedit,

2120 2583 2175 2634 et
2197 2579 2385 2650 magis
2407 2580 2476 2634 ad
2501 2581 2713 2636 mentis
2727 2582 3091 2638 devotionem
3112 2599 3292 2654 quam
3315 2584 3390 2638 ad
3412 2582 3670 2640 laudum
3687 2583 3778 2638 de-

2120 2667 2488 2724 lectationem
2511 2670 2776 2724 animum
2801 2669 3214 2736 inflectit.Quis
3233 2679 3428 2728 autem
3463 2673 3606 2743 ejus
3642 2689 3774 2728 con-

2119 2755 2240 2812 triti
2273 2757 2464 2812 cordis
2495 2759 2553 2812 in
2577 2759 2778 2814 devota
2807 2759 3066 2815 oratione
3083 2759 3498 2832 affectus,quis
3519 2761 3776 2833 denique

2119 2846 2330 2901 referre
2357 2852 2532 2914 queat
2562 2848 2870 2904 continuos
2901 2847 3294 2920 lacrymarum
3323 2849 3490 2906 velut
3513 2850 3773 2907 rivorum

2119 2935 2422 3000 decursus,
2457 2953 2587 2990 cum
2613 2936 2834 2992 nullius
2866 2937 3146 3008 cogitatui
3167 2939 3244 2994 sit
3265 2937 3662 3011 penetrabile,
3683 2955 3776 2994 ne-

2119 3023 2258 3077 dum
2293 3023 2479 3078 verbis
2511 3025 2782 3080 effabile?
2811 3025 3128 3096 Postquam
3161 3043 3299 3099 ergo
3320 3027 3670 3084 diutissime
3691 3044 3774 3084 se-

2119 3110 2310 3166 taliter
2330 3112 2557 3168 Christo
2578 3115 2852 3168 mactavit
2881 3113 2940 3169 in
2973 3115 3165 3170 cordis
3197 3115 3390 3183 altari,
3425 3139 3456 3166 ‹‹
3511 3117 3774 3174 hostiam

2117 3199 2328 3269 vivam,
2362 3206 2646 3267 sanctam,
2699 3202 2815 3257 Deo
2871 3202 3221 3274 placentem,
3250 3227 3278 3254 ‹‹
3313 3205 3498 3260 etiam
3549 3205 3772 3262 astanti

371 3289 736 3360 pontiﬁcum,
766 3287 1020 3360 llugonis
1043 3287 1264 3343 scilicet
1285 3289 1356 3344 de
1383 3289 1514 3344 Cisa
1543 3290 1654 3360 (27)
1677 3290 1818 3344 urbe
1837 3289 2007 3344 Italo-
2039 3278 2082 3342 C
2119 3288 2272 3344 clero
2302 3295 2358 3344 et
2387 3289 2620 3360 populo,
2654 3289 2930 3360 divinam,
2964 3308 3082 3363 qua
3111 3292 3440 3365 plurimum
3493 3295 3785 3350 afﬂuebat

373 3395 502 3434 rum
529 3377 704 3450 legati
738 3379 1131 3433 Romanorum
1163 3382 1220 3433 et
1249 3377 1522 3434 Everardi
1585 3378 2007 3449 archiepiscopi

371 3467 772 3530 Treverorum,
825 3465 1200 3522 Adalberonis
1231 3482 1464 3538 quoque
1503 3466 1776 3522 Metensis
1833 3469 2008 3537 atque

372 3554 712 3609 Theoderici
743 3554 869 3625 [ed.,
913 3554 1216 3625 Theodori]
1273 3555 1660 3612 Virdunensis
1721 3555 2005 3628 praesulis,

371 3642 512 3698 Inde
523 3641 853 3698 humilitate
871 3643 1382 3714 magistra,contra
1392 3645 1656 3700 omnium
1669 3644 2006 3717 apostolico-

373 3747 505 3784 rum
540 3747 785 3796 morem,
809 3736 1042 3802 sumpto
1071 3732 1183 3802 (28)
1214 3733 1518 3804 peregrino
1545 3732 1766 3798 habitu,
1795 3735 2006 3788 Roma-

374 3835 516 3874 num
549 3819 797 3891 arripuit
829 3821 956 3884 iter,
986 3821 1273 3875 indefessa
1307 3821 1486 3878 sacris
1525 3823 1884 3878 orationibus
1943 3843 2004 3876 ut:

371 3906 575 3962 divinaa
605 3923 823 3964 vacans
853 3908 1354 3980 contemplationi,
1379 3926 1496 3964 non
1524 3914 1644 3965 tam
1679 3929 1779 3981 pro
1811 3927 2006 3967 rerum

373 3997 821 4052 commissarum
841 3997 946 4052 sibi
957 4014 1156 4069 ,quam
1179 4015 1279 4070 pro
1302 4015 1442 4054 cura
1461 3998 2007 4067 animarum,nimiaa

367 4083 630 4140 intentus
658 4085 1052 4142 sollicitudini.
1089 4089 1152 4142 In
1185 4103 1302 4158 qua
1327 4087 1708 4144 meditatione
1731 4089 1882 4160 apud
1911 4105 2008 4144 ur-

378 4172 512 4227 bem
539 4175 862 4245 Augustam
882 4176 1490 4246 suspensus,divinam
1524 4179 1843 4248 promeruit
1873 4194 2008 4233 con-

381 4259 746 4331 solationem,
782 4264 922 4319 dum
951 4264 1010 4319 in
1071 4264 1420 4320 revelatione
1471 4266 1694 4321 audivit
1751 4265 2012 4338 angelica

372 4367 508 4408 voce
539 4367 810 4408 resonare
841 4351 1242 4408 harmonicam
1303 4353 1755 4411 modulationem
1799 4356 2012 4412 dulcis-

373 4441 521 4498 sime
543 4446 989 4497 consonantem:
1025 4441 1177 4498 Dicit
1200 4442 1624 4514 Dominus,ego
1655 4445 1842 4515 cogito
1856 4444 2009 4515 cogi-

371 4529 624 4586 tationes
652 4531 813 4602 pacis
835 4535 892 4586 et
907 4547 1022 4586 non
1055 4531 1422 4596 alﬂictionis;
1451 4532 1796 4587 invocabitis
1829 4549 1922 4588 me
1957 4538 2012 4588 et

2116 3377 2442 3448 ingreditur
2463 3380 2714 3450 proferre
2727 3379 3604 3454 exhortationemeperialem
3627 3384 3703 3440 de
3715 3400 3782 3440 se

2115 3465 2452 3522 electionem
2483 3467 2542 3521 in
2573 3471 2694 3524 tam
2721 3469 3008 3526 laborioso
3039 3471 3231 3528 officio
3287 3471 3452 3528 brevi
3503 3489 3784 3528 sermun-

2117 3555 2246 3610 culo
2276 3555 2627 3627 promulgat,
2657 3574 2860 3614 eorum
2902 3557 3288 3630 voluntatem,
3333 3560 3786 3634 qualiscunque

2115 3659 2252 3714 erga
2281 3660 2341 3698 se
2372 3643 2472 3712 sit,
2495 3645 2751 3715 pandere
2797 3646 3161 3719 expostulat;
3219 3649 3364 3704 dicit
3415 3647 3781 3706 electionem

2116 3730 2252 3784 clcri
2287 3734 2342 3785 et
2371 3731 2568 3803 populi
2599 3734 2919 3790 canonicali
2937 3735 3554 3793 auctoritatealiorum
3573 3738 3787 3811 dispo-

2117 3820 2386 3875 sitionem
2419 3821 2650 3891 praeire;
2684 3823 2940 3880 afﬁrmat
2977 3841 3040 3882 se
3068 3826 3324 3896 gratanti
3355 3825 3562 3884 animo
3588 3827 3652 3884 in
3673 3845 3790 3900 pa-

2115 3909 2289 3964 triam
2321 3909 2668 3980 rediturum,
2701 3912 2816 3968 nisi
2855 3913 2956 3969 ﬁat
3012 3913 3214 3970 electio
3269 3915 3400 3986 ejus
3461 3917 3790 3974 communi

2116 3997 2380 4054 omnium
2411 3998 2585 4056 laude
2614 4019 2626 4068 ;
2660 4002 2916 4058 ostendit
2933 4018 2996 4058 se
3017 4007 3285 4060 coactum
3308 4005 3384 4060 ad
3403 4007 3530 4060 tam
3545 4007 3790 4078 grande

2117 4101 2266 4142 onus
2287 4086 2730 4158 suscipiendum
2741 4089 3280 4163 venisse.Gmmque
3307 4091 3537 4149 videret
3557 4095 3790 4151 unani-

2118 4194 2274 4234 mem
2295 4176 2562 4234 omnium
2577 4177 3077 4249 acclamationem,
3093 4181 3168 4237 ad
3191 4181 3624 4240 correctionem
3649 4184 3797 4240 vita

2117 4272 2362 4340 emptam
2393 4267 2601 4338 repetit
2627 4265 3372 4342 exhortationem,supplex
3415 4275 3796 4330 cunctorum

2119 4357 2334 4430 expetit
2353 4355 2678 4412 orationem
2708 4361 2885 4428 atque
2917 4358 3374 4418 absolutionem.

2193 4449 2414 4518 Itaque,
2447 4445 2644 4502 divina
2669 4447 2894 4504 favente
2914 4448 3120 4520 gratia,
3153 4449 3382 4506 cunctis
3403 4449 3800 4521 applauden-

2119 4537 2302 4604 tibus,
2361 4539 2736 4592 consecratur
2774 4552 2840 4592 ac
2888 4535 3194 4592 Dominica
3235 4538 3802 4611 quadragesimalis

373 4634 479 4690 ego
540 4619 848 4674 exaudiam
919 4635 1072 4709 vos,_
1119 4623 1176 4709 et
1251 4621 1526 4675 reducam
1613 4621 2009 4692 captivitatem
2039 4645 2086 4709 υ
2120 4625 2292 4692 initii,
2326 4623 2510 4695 pridie
2535 4625 2672 4680 ldus
2707 4625 3026 4692 Februarii,
3079 4625 3420 4698 apostolicae
3482 4628 3802 4686 cathedra

371 4711 624 4764 vestram
655 4709 726 4764 de
777 4708 1004 4764 cunctis
1061 4707 1224 4764 locis.
1281 4711 1406 4774 Qua
1463 4709 1559 4780 pia
1614 4709 2010 4767 consolatione

382 4796 702 4864 animatus,
725 4802 782 4852 et
833 4797 905 4852 de
964 4813 1217 4868 superno
1281 4797 1576 4867 adjutorio
1633 4799 1846 4854 certior
1883 4799 2008 4870 jam

375 4884 588 4950 factus,
623 4889 874 4954 coeptum
930 4885 1040 4939 iter
1095 4887 1370 4956 perﬁcere
1431 4887 1790 4960 aggreditur,
1831 4892 2012 4959 utque

375 4972 522 5026 tanti
573 4971 768 5027 meriti
835 4989 1145 5044 personam
1229 4976 1490 5046 decebat,
1571 4994 1705 5034 cum
1779 4977 2012 5034 inﬁnita

399 5258 420 5264 Ἦ
453 5185 565 5264 (_2_7)
596 5185 1080 5264 $ic_h_abet_codex
1105 5189 1483 5264 Remigianus
1504 5196 1558 5246 et
1573 5190 1671 5264 alii
1693 5209 1835 5248 mss.
1857 5193 2010 5264 apud

382 5256 642 5330 Bolland.
678 5259 826 5314 Editi
881 5261 1094 5318 habent
1127 5256 1305 5330 Pisa:
1335 5265 1490 5318 sicut
1519 5266 1574 5317 et
1627 5256 1911 5318 Joannes-
1941 5265 2014 5320 de

382 5325 580 5407 Bayon
596 5330 664 5407 in
697 5332 948 5407 Historia
977 5332 1229 5407 Mediani
1263 5325 1595 5407 monasterii
1625 5349 1670 5407 ;__
1699 5335 1800 5388 sed
1849 5335 2012 5407 Hugo

380 5401 519 5486 tunc
549 5402 768 5486 Pisanos
799 5404 1063 5486 Ecclesiae
1091 5421 1204 5486 non
1240 5407 1502 5486 praeerat.
1530 5401 1774 5486 ‘N‘ull‘am
1817 5401 2012 5486 tam§n

382 5467 564 5549 Qisam
589 5475 790 5549 urbem
822 5473 1211 5549 episcopalem
1240 5467 1302 5549 in
1319 5471 1501 5549 italiae
1526 5474 1744 5549 tabulis
1765 5478 2015 5549 reperire

377 5544 564 5629 licuit.
599 5543 956 5629 Legendume
981 5543 1124 5601 ferte
1155 5543 1401 5629 Assisiq;
1429 5549 1568 5629 tunc
1597 5543 1848 5629 quippe;
1887 5549 2013 5629 Hgg

380 5618 650 5694 ejusdem
678 5613 838 5694 urbis
869 5613 1476 5694 episc0pus__vivebat,
1527 5613 1827 5694 quian‘nc
1878 5613 2017 5694 19Ξο

381 5685 590 5764 c'orpus
617 5690 675 5744 S.
713 5685 921 5764 Rufini
939 5685 1264 5764 transtulit,
1295 5688 1360 5742 ut
1389 5685 1585 5746 monet
1609 5687 1886 5764 Ughellus
1910 5693 2017 5750 Ita-

383 5757 680 5826 lite'sacraa
709 5761 866 5820 tome
887 5759 933 5832 Ι,
967 5757 1074 5820 col.
1105 5757 1235 5820 224.

2121 4713 2568 4769 inthronizatur.
2602 4713 2866 4777 Quantus
2885 4730 3020 4770 vero
3077 4715 3266 4770 tervor
3311 4714 3662 4774 devotionis
3719 4718 3804 4773 ad

2117 4800 2548 4874 Omnipotentis
2581 4801 2886 4858 servitium
2924 4801 2984 4858 in
3033 4819 3098 4858 eo
3149 4802 3488 4872 excreverit,
3555 4809 3802 4876 quanto

2119 4889 2364 4948 solertiae
2393 4889 2592 4960 vigore
2623 4890 2694 4944 ad
2745 4905 2838 4946 res
2895 4889 3324 4946 ecclesiasticas
3367 4890 3806 4964 disponendae

2119 4978 2412 5045 enituerit,
2449 4977 2580 5049 quis
2610 4978 2766 5034 brevi
2787 4977 3076 5050 explicare
3103 4977 3312 5048 valeat,
3335 4995 3474 5038 cum
3499 4997 3664 5054 pene
3685 4999 3806 5038 nec

2195 5192 2306 5266 (28)
2333 5191 2414 5249 Ex
2445 5190 2697 5266 hocloco
2715 5192 2891 5266 plane
2905 5193 3370 5266 revincitureoru
3381 5209 3441 5250 rn
3455 5197 3808 5264 sententia,

2123 5264 2224 5338 qui
2256 5264 2528 5341 asserunt
2559 5264 2806 5341 bennam
2835 5265 3098 5341 Cluniaci
3139 5265 3422 5341 habitum
3473 5268 3808 5341 peregrini

2123 5335 2470 5413 sumpsisse,
2504 5350 2574 5391 ex
2591 5335 2973 5413 Hildebrandi
2991 5337 3257 5403 consilio,
3281 5335 3558 5413 quieu—m
3584 5335 3818 5413 argue-

2123 5411 2223 5464 bat
2255 5408 2408 5479 quod
2425 5423 2743 5480 purpuram
2759 5409 3007 5480 gesserit
3028 5413 3345 5479 antequam
3365 5409 3575 5466 Romae
3595 5408 3814 5478 su'sci-

2123 5485 2383 5564 paretur:
2413 5479 2598 5564 Hujus
2617 5479 3246 5564 .commentinprimus
3287 5483 3820 5564 auctorﬁvidetur

2125 5549 2428 5622 esseOtto
2487 5549 2896 5622 Frisingensis.
2952 5549 3097 5608 Vide
3159 5552 3354 5607 Vitam
3411 5569 3448 5608 a
3499 5554 3816 5610 Brunone

2125 5621 2416 5696 Signieusj
2447 5621 2747 5696 scriptam.

2199 5692 2310 5770 (29)
2352 5692 3035 5778 .Tgero.ﬂuyips,nqui
3093 5709 3162 5754 ex
3215 5695 3537 5770 Apennino
3587 5699 3826 5758 monte

2131 5762 2320 5824 ﬂuens
2347 5763 2410 5823 in
2429 5762 2682 5824 Tiberim
2704 5762 3016 5824 delabitur.
