3880 6346
118 469 227 529 493

1032 460 1365 523 PROLEG.
1398 491 1476 508 —-
1504 462 1687 523 VlTA
1736 464 1802 523 S.

1850 464 2163 525 LEONIS.
2197 495 2274 509 -
2302 465 2451 524 LIB.
2499 464 2577 524 ιι.
3372 439 3491 531 ιθέι

117 602 191 675 gii
216 594 502 668 ascripsit,
533 599 589 650 et
618 609 752 649 cum
775 593 1051 648 omnibus
1074 594 1173 665 qui
1207 594 1448 647 aderant
1478 610 1745 663 surgens,
1777 596 1832 661 Α
1862 596 2089 665 plebem
2110 596 2179 649 de
2212 612 2317 649 sua
2334 595 2561 649 diutina
2580 594 2846 649 absentia
2863 595 3493 666 mmstam‘lmtificavit;

117 690 325 764 gratias
370 689 505 749 Deo,
560 684 695 738 inde
751 684 966 736 domno
1030 686 1231 735 sancto
1293 682 1554 751 Remigio
1613 700 1743 738 cum

116 793 312 851 magno
345 773 656 846 psallentio
691 771 1351 826 reddidit.l’ostmodnm
1380 775 1567 823 tamen
1603 790 1744 841 prm-

111 870 254 924 fatus
311 864 618 936 episcopus
672 860 1081 931 Lingonensis,
1114 858 1306 913 divino
1355 862 1746 915 commonitus

110 952 477 1017 instinctu,ad
514 951 799 1005 domnum
835 949 1007 1003 rediit
1041 964 1271 1019 papam,
1299 952 1353 1000 et
1384 965 1515 1001 cum
1544 948 1743 1018 ingen-

103 1047 253 1101 tibus
282 1040 557 1112 lacrymis
590 1038 823 1111 publice
860 1037 1107 1091 crimina
1139 1038 1465 1105 confessus,
1509 1042 1743 1108 sponta-

108 1149 266 1190 neam
298 1128 557 1200 suscepit
588 1126 1015 1198 pmnitentiam,
1050 1129 1106 1179 et
1140 1125 1380 1178 Romam
1426 1126 1596 1180 nudis
1643 1144 1745 1180 va-

104 1225 237 1278 dens
270 1219 542 1292 pedibus,
578 1218 648 1271 ab
690 1217 892 1270 eodem
926 1219 1125 1269 nostro
1180 1214 1271 1283 pio
1330 1220 1558 1284 pastore
1614 1232 1742 1285 pro-

105 1311 309 1366 meruit
340 1306 793 1363 absolutionem.
832 1306 896 1357 l-jt
928 1305 983 1357 in
1023 1303 1336 1370 redeundo,
1372 1303 1545 1357 nimis
1607 1305 1743 1358 atie-

96 1406 217 1455 ctus
258 1397 510 1469 jejuniis
560 1394 937 1465 corporisque
990 1392 1399 1459 maceratione,
1468 1394 1522 1445 in
1592 1394 1743 1448 bona

96 1486 525 1562 perseverantia
546 1485 724 1538 vitam
759 1482 992 1552 reliquit
1022 1488 1362 1553 praesentem
1386 1484 1514 1553 (38).

158 1578 221 1631 V.
286 1575 599 1630 Concilium
672 1572 987 1641 Magzmtim.
1048 1575 1150 1625 Lco
1190 1573 1380 1640 Λυῃίίιι
1441 1571 1743 1626 demonia-

89 1684 205 1722 cum
231 1666 454 1720 liberat.
489 1694 557 1702 —
592 1660 728 1715 Inde.
762 1676 863 1731 per
911 1660 1122 1713 urbum
1175 1660 1738 1713 Mediomatricorum

88 1770 375 1822 remeans,
415 1751 600 1823 petitu
634 1748 981 1803 venerabilis
1013 1748 1241 1801 abbatis
1265 1749 1524 1814 Guarini,
1549 1766 1743 1803 conse-

87 1840 517 1900 cravitibidem
551 1838 735 1894 sancti
789 1837 1083 1908 pontificis
1132 1837 1353 1891 Arnulﬁ
1414 1837 1739 1903 basilicam,

84 1934 299 2003 ibique,
337 1932 615 1985 exoratus
642 1944 675 1981 a
702 1927 915 1980 domno
948 1926 1228 1995 Sigit'rido
1270 1926 1381 1995 (it!)
1444 1926 1737 1981 Gorziensi

88 2022 319 2087 abbate,
366 2017 701 2089 composuit
723 2016 779 2068 in
813 2016 1177 2069 veneratione
1208 2015 1440 2085 gloriosi
1475 2017 1743 2086 martyris

90 2106 363 2181 Gargonii
390 2104 828 2161 nocturnalium
854 2104 1353 2173 responsoriorum
1379 2104 1739 2159 dulcisonam

85 2194 586 2252 melodiam.Hinc
606 2190 873 2263 generale
894 2193 1044 2262 apud
1063 2192 1741 2261 Magnntiamconcilium

84 2286 307 2349 habuit,
346 2285 409 2339 in
445 2300 563 2355 quo
596 2280 890 2353 Spirensis
927 2280 1138 2351 praesul
1180 2281 1415 2335 Sibicho
1463 2284 1593 2351 (40),
1630 2283 1738 2336 cri-

76 2375 273 2430 minali
302 2377 473 2429 reatu
506 2369 1027 2438 accusatus,voluit
1060 2387 1119 2423 se
1143 2386 1463 2440 expurgare
1488 2372 1737 2426 tcrritico

79 2467 466 2519 sacramento
526 2460 813 2517 Dominici
873 2458 1169 2530 corporis;
1223 2460 1343 2523 sed,
1405 2465 1469 2513 ut
1539 2462 1735 2527 fertur,

73 2553 308 2608 maxilla
365 2553 503 2622 ejus
562 2550 779 2603 mansit
850 2552 1109 2602 contorta
1168 2548 1437 2618 paralysi,
1474 2551 1732 2619 quanrliu

71 2640 381 2714 prresentis
412 2641 544 2694 vita:
578 2638 832 2709 spatium
868 2638 1049 2691 duxit.
1087 2638 1246 2701 Quod
1280 2638 1405 2691 ideo
1456 2638 1549 2692 hic
1608 2640 1735 2693 bre-

66 2732 206 2787 viter
251 2729 427 2785 volui
485 2728 789 2791 adnotare,
848 2732 911 2781 ut
962 2726 1338 2781 audientibus
1382 2728 1481 2779 fiat
1530 2733 1731 2781 notum

66 2836 236 2891 quam
272 2816 568 2874 horribile
609 2817 686 2870 sit
730 2816 908 2869 etiam
968 2831 1175 2869 secura
1230 2816 1583 2870 conscientia
1634 2817 1735 2870 hu-

55 2908 334 2977 jusmodi
363 2906 670 2978 judicium
706 2905 884 2967 adire,
927 2921 1090 2958 sacra
1148 2904 1371 2957 dicente
1399 2904 1732 2975 Scriptura:

59 2997 412 3053 llorrerzdum
445 3004 526 3050 est
565 2993 812 3048 incidere
844 2995 901 3046 in
934 3009 1126 3046 manus
1160 2994 1253 3046 Dei
1284 2996 1511 3046 virentis
1551 2995 1728 3061 (Ilchr.

55 3104 103 3153 x,
135 3088 251 3158 3i).
280 3087 550 3142 Demum
584 3084 839 3139 domnus
873 3099 1025 3153 papa
1061 3083 1216 3151 apud
1262 3082 1507 3152 Augiam
1532 3084 1640 3153 (41)
1674 3084 1729 3136 in

55 3176 270 3232 honore
342 3174 598 3229 vivificae
650 3172 842 3226 crucis
902 3170 1207 3225 ecclesiam
1271 3171 1579 3237 dedicavit,
1632 3172 1727 3226 ubi

51 3266 242 3321 divina
276 3265 486 3338 pietas
523 3263 578 3316 in
606 3262 839 3333 proprio
864 3260 1080 3315 famulo
1112 3278 1275 3315 suam
1310 3262 1554 3331 gratiam
1572 3261 1729 3315 miri-

1859 684 1953 736 ubi
1986 701 2238 755 superna
2266 683 2452 754 gratia
2475 684 2603 753 ejus
2627 683 2893 739 mirabile
2916 684 3189 740 meritum
3220 685 3497 743 omnibus

1858 772 2189 842 publicavit.
2225 772 2525 843 Siquidem
2562 772 2871 843 prcedictus
2930 773 3270 831 Herimarus
3319 775 3501 832 abbas

1855 862 2098 915 ccenobii
2145 862 2330 916 sancti
2392 861 2638 933 Remigii
2688 862 3006 919 Remorum
3066 864 3390 935 pontificis,
3450 863 3502 919 ei

1856 951 2167 1019 quemdam
2190 949 2474 1021 scyphum
2502 950 2737 1020 pretiosi
2759 951 3005 1007 mazeris
3030 953 3139 1023 (42)
3165 954 3237 1008 ob
3270 952 3362 1009 sui
3386 967 3504 1008 me-

1856 1040 2100 1093 moriam
2135 1040 2447 1106 obtulerat,
2470 1055 2641 1110 quem
2674 1039 2761 1094 vir
2793 1044 3032 1097 sanctus
3056 1058 3159 1113 pro
3216 1040 3504 1098 charitate

1855 1129 2051 1182 dantis
2071 1129 2125 1182 in
2148 1128 2415 1199 proprios
2440 1146 2580 1183 usus
2603 1129 2712 1184 sibi
2736 1130 2949 1186 servari
2974 1131 3499 1187 constituerat.Sed

1856 1218 2109 1288 quadam
2134 1218 2255 1271 vice
2288 1218 2571 1284 minister,
2604 1218 2651 1273 ei
2688 1222 2887 1289 potum
2920 1220 3251 1288 daturus,in
3276 1220 3497 1276 multas

1855 1312 2048 1377 partes
2082 1323 2218 1360 casu
2245 1307 2601 1361 confractum
2634 1313 2942 1378 repererat.
2969 1310 3147 1380 Cujus
3178 1309 3495 1381 particulas

1854 1394 2073 1448 electus
2110 1395 2340 1449 Domini
2367 1412 2716 1466 quocunque
2736 1402 2899 1451 erant
2928 1397 3038 1452 sibi
3064 1398 3270 1453 deferri
3288 1414 3498 1469 praece-

1854 1484 1936 1555 pit
1966 1489 2021 1538 et
2054 1484 2201 1537 nihil
2236 1483 2349 1538 tale
2382 1486 2644 1539 futurum
2690 1485 3044 1556 suspicatus,
3089 1489 3329 1542 cunctas
3386 1503 3494 1542 suo

1852 1572 1977 1627 loco
2011 1572 2181 1642 quasi
2216 1572 2554 1627 delectando
2579 1574 3315 1646 reposuit,astantibusque
3340 1573 3499 1630 laeta-

1853 1662 2086 1715 bundus
2106 1660 2251 1714 dixit
2275 1678 2287 1715 :
2314 1662 2528 1716 Potens
2561 1666 2649 1716 est
2675 1662 3102 1733 Omnipotentis
3133 1662 3411 1735 majestas
3439 1663 3498 1719 in

1853 1749 2159 1820 pristinam
2210 1749 2606 1820 integritatem
2658 1750 2765 1805 has
2823 1752 3125 1808 restituere
3185 1752 3495 1809 fracturae.

1853 1841 1975 1903 Quo
2012 1838 2459 1907 dicto,protinus
2492 1838 2862 1894 consolidatae
2902 1845 3042 1895 sunt
3071 1844 3287 1913 partes,
3318 1841 3398 1896 ita
3428 1844 3495 1897 ut

1854 1929 1922 1981 ad
1957 1926 2295 1981 memoriam
2331 1927 2461 1982 facti
2494 1927 2729 1998 signum
2763 1928 3027 1983 fracturae
3057 1929 3130 1983 ad
3164 1929 3351 1984 instar
3381 1929 3493 1985 sub

1854 2017 2110 2072 tilissimi
2136 2014 2331 2086 capilli
2353 2016 2807 2088 circumquaque
2829 2020 3169 2089 appareret;
3203 2016 3489 2090 sed,quod

1854 2107 2041 2177 magis
2075 2105 2289 2161 mirum
2323 2110 2467 2171 erat,
2506 2106 2585 2160 nil
2617 2106 2771 2161 intra
2800 2107 2971 2178 positi
3009 2106 3255 2179 liquoris
3285 2106 3485 2163 efﬂue-

1852 2200 1955 2250 rct.
1996 2196 2177 2264 Hujus
2200 2194 2280 2248 rei
2314 2195 2478 2249 adest
2520 2194 2686 2249 testis
2743 2211 3057 2267 congruus,
3118 2196 3488 2251 venerandus

1850 2285 2013 2356 Hugo
2037 2286 2161 2354 jam
2194 2284 2386 2338 dictus
2417 2282 2837 2355 Chrysopoleos
2870 2284 3366 2357 archiepiscopus,
3390 2283 3491 2357 qui

1848 2391 1980 2428 cum
2014 2373 2286 2445 lacrymis
2319 2390 2379 2427 se
2411 2376 2755 2444 praesentem
2799 2373 3061 2430 adfuisse
3108 2377 3381 2440 testatur,
3437 2376 3493 2429 et

1847 2464 2049 2517 devoto
2074 2464 2224 2517 furto
2249 2478 2309 2516 se
2329 2462 2469 2516 illud
2505 2478 2607 2516 vas
2629 2465 2829 2517 sancto
2858 2461 2979 2516 viro
3000 2460 3318 2518 abstulisse
3335 2461 3492 2517 laeta-

1848 2558 1961 2606 tur.
1998 2554 2239 2623 Semper
2269 2556 2461 2605 autem
2510 2568 2733 2605 memor
2764 2550 2937 2606 officii
2971 2550 3082 2606 sibi
3115 2568 3149 2606 a
3188 2551 3306 2606 Deo
3335 2567 3492 2607 com-

1846 2641 2031 2707 missi,
2068 2646 2131 2694 ut
2165 2664 2190 2687 ‹‹
2227 2640 2415 2694 tidelis
2448 2656 2649 2695 servus
2679 2644 2735 2694 et
2793 2640 3052 2711 prudens
3113 2640 3171 2694 in
3218 2644 3492 2713 tempore

1844 2730 2190 2801 dispensans
2247 2746 2521 2783 mensura
2579 2728 2775 2795 tritici,
2816 2752 2843 2778 ››
2877 2728 2988 2784 iter
3044 2729 3302 2801 sumpsit
3357 2745 3489 2800 per-

1844 2825 2153 2890 agraturus
2188 2820 2331 2873 fines
2363 2817 2604 2889 Apuliae,
2637 2821 2702 2872 ut
2737 2816 3129 2873 Christianam
3189 2820 3488 2890 repararet

1844 2909 2204 2979 religionem,
2236 2925 2359 2979 quae
2392 2907 2606 2961 ibidem
2629 2906 2935 2961 videbatur
2966 2923 3112 2978 pene
3166 2906 3484 2979 deperisse,

1842 2998 2382 3068 maximequcintcr
2420 2996 2644 3050 accolas
2702 2995 2957 3067 regionis
3006 2999 3064 3051 et
3115 2999 3487 3052 Normannos

1840 3088 2208 3141 concordiam
2243 3102 2588 3158 componere
2607 3089 3053 3157 satagens,quos
3074 3085 3299 3140 dudum
3323 3086 3488 3156 adju-

1840 3182 1992 3231 tores
2025 3180 2225 3230 contra
2255 3180 2479 3230 exteras
2501 3178 2702 3247 gentes
2762 3173 3139 3246 susceperant
3191 3174 3488 3248 principes

1841 3266 2023 3337 regni,
2072 3266 2172 3321 sed
2226 3269 2365 3319 tunc
2414 3265 2766 3319 saevissimos
2825 3269 3103 3335 tyrannos
3160 3281 3225 3319 ac
3282 3263 3485 3337 patria

54 3355 152 3410 tice
184 3351 646 3410 ostendit.Nam
682 3350 835 3405 inter
868 3367 1030 3403 sacra
1076 3351 1389 3403 missarum
1443 3350 1726 3406 solemnia
1756 3340 1798 3407 C
1838 3361 2155 3411 vastatores
2194 3371 2309 3409 non
2357 3357 2563 3425 sponte
2611 3352 2999 3408 sustinebant.
3058 3353 3121 3407 In
3179 3352 3289 3409 hoc
3345 3367 3483 3423 ergo

49 3444 267 3501 ibidem
301 3441 642 3499 adducitur
671 3440 889 3494 catenis
923 3456 1105 3494 nexus
1139 3441 1221 3493 dre
1240 3440 1563 3507 moniacus,
1625 3441 1724 3512 qui

49 3534 134 3588 vix
210 3551 247 3589 a
310 3529 721 3587 multitudine
780 3533 1006 3600 poterat
1062 3529 1362 3598 coarctari,
1423 3530 1727 3601 alienaque

50 3623 339 3679 violentia
393 3636 739 3693 possessus,
774 3618 1095 3673 horrendos
1126 3619 1395 3673 emittens
1426 3620 1723 3687 stridores,

54 3712 374 3779 clamores,
405 3715 596 3782 atque
623 3708 907 3773 fremitus,
932 3708 1327 3779 hymnidicam
1362 3709 1537 3763 totius
1591 3710 1727 3764 cleri

50 3801 451 3859 harmoniam
499 3798 627 3856 suis
683 3798 827 3852 diris
874 3797 1174 3852 evincebat
1222 3798 1482 3852 vocibus.
1531 3801 1731 3871 Itaque

49 3891 271 3949 Christi
308 3906 541 3949 servus
566 3904 797 3943 sacrum
839 3886 1197 3958 incmpturus
1254 3904 1557 3954 canonem,
1615 3906 1729 3944 non

44 3980 247 4038 valens
285 3977 663 4052 hujusmodi
696 3976 812 4049 pati
854 3976 1342 4047 inquietudinem,
1403 3981 1602 4049 utpote
1659 3981 1727 4033 ad

45 4075 228 4127 Deum
262 4074 480 4127 totam
510 4067 842 4122 directurus
867 4071 1191 4131 mentem,a
1215 4065 1382 4137 longe
1406 4068 1571 4139 signo
1604 4086 1733 4123 cru-

38 4161 118 4216 cis
149 4160 351 4229 edito,
380 4173 584 4215 manu
621 4155 829 4210 indixit
860 4155 1159 4210 silentium
1187 4171 1198 4208 :
1250 4160 1306 4209 et
1352 4157 1524 4211 citius
1581 4157 1732 4213 dicto

40 4250 356 4306 obmutuit
386 4245 788 4315 daemonium,
823 4248 878 4299 et
921 4244 1119 4311 homo,
1177 4245 1425 4301 vinculis
1484 4246 1731 4314 solutus,

37 4357 244 4413 sospes
280 4337 554 4396 cunctis
586 4334 1019 4391 admirantibus
1050 4334 1285 4389 domum
1320 4336 1612 4407 propriam
1647 4353 1731 4391 re-

38 4431 302 4498 pedavit.

104 4520 200 4575 VI.
240 4522 513 4575 Romam
548 4529 814 4568 reversus.
857 4512 1132 4583 Scyphum
1187 4516 1427 4583 fructum
1475 4516 1732 4570 restituit.

35 4610 91 4662 In
125 4610 423 4681 Apuliam
462 4603 642 4660 vadit.
678 4603 954 4659 Clinicam
984 4610 1160 4657 sanat.
1197 4604 1501 4658 Concilium
1536 4604 1733 4675 Sipon-

1835 3450 2034 3500 sancto
2066 3460 2237 3516 opere
2275 3443 2522 3497 sollicite
2572 3442 2826 3496 intentus
2856 3441 3015 3496 venit
3060 3442 3477 3513 Beneventum,

1835 3534 1933 3590 ubi
1977 3533 2316 3604 aliquandiu
2368 3534 2783 3599 commoratus,
2842 3530 3076 3585 cuidam
3109 3529 3330 3586 clinicaa
3360 3530 3474 3603 (43)

1836 3623 2337 3694 divinaprazeuntc
2395 3620 2581 3692 gratia
2636 3618 2806 3673 vitale
2863 3619 3114 3691 praebuit
3168 3619 3473 3676 auxilium.

1837 3714 1982 3769 Nam
2001 3729 2103 3783 per
2135 3728 2317 3765 annos
2342 3710 2456 3765 fere
2479 3709 2813 3779 quindecim
2836 3708 3063 3764 diutino
3077 3708 3336 3766 confecta
3353 3709 3479 3765 lan-

1838 3802 2115 3875 guore,de
2146 3799 2377 3870 proprio
2410 3798 2672 3870 grabato,
2706 3797 2816 3852 nisi
2869 3796 3120 3854 aliorum
3178 3799 3482 3871 deportata

1840 3890 2133 3956 manibus,
2167 3889 2445 3959 nequibat
2473 3888 2662 3943 exire:
2697 3887 2778 3941 ita
2805 3891 3014 3942 cuncta
3058 3888 3184 3959 ejus
3215 3888 3480 3943 membra

1840 3978 2121 4053 paralysis
2150 3984 2308 4032 erant
2330 3976 2617 4031 dissoluta
2645 3976 3004 4048 mgritudine.
3038 3977 3138 4032 Cui
3171 3993 3272 4049 per
3316 3993 3479 4033 reve-

1839 4070 2111 4125 lationem
2147 4072 2446 4121 ostensum
2479 4070 2566 4119 est
2591 4068 2653 4118 ut
2682 4065 2751 4119 de
2807 4064 3048 4136 lympha
3104 4082 3222 4137 qua
3276 4067 3482 4121 beatus

1843 4163 2040 4232 pastor
2070 4173 2264 4212 sacras
2284 4154 2550 4209 abluerat
2581 4170 2792 4209 manus
2810 4158 2865 4209 et
2886 4158 3018 4226 post
3035 4154 3484 4212 celebrationem

1844 4248 2157 4303 missarum
2182 4245 2526 4312 hauriret,et
2549 4243 2767 4314 absque
2799 4260 2964 4299 mora
2984 4244 3325 4316 sospitatem
3343 4245 3486 4302 reci-

1845 4340 2023 4409 peret.
2045 4336 2166 4399 Qua
2186 4333 2493 4404 impetrata
2524 4335 2696 4403 atque
2720 4348 2854 4387 cum
2887 4332 3041 4387 fideli
3063 4351 3165 4405 spe
3186 4334 3485 4404 hausta,in

1843 4426 2162 4483 crastinum
2195 4439 2397 4494 sospes
2421 4439 2584 4476 sacra
2617 4421 2931 4477 missarum
2978 4421 3263 4478 solemnia
3318 4422 3481 4491 adiit,

1846 4522 1957 4571 Deo
1981 4517 2298 4583 sanctoque
2331 4512 2587 4583 pontiﬁci
2636 4511 2854 4581 gratias
2912 4511 3226 4566 redditura.
3287 4511 3484 4583 Itaque

1844 4605 1965 4661 zelo
1999 4606 2211 4659 sanctae
2255 4600 2549 4673 religionis
2584 4599 2805 4655 fervens
2835 4599 3047 4671 prazsul
3096 4601 3486 4668 venerandus,

38 4700 258 4754 tinum.
300 4699 573 4753 Romam
602 4693 992 4747 revertitur.—
1014 4691 1257 4746 Romam
1292 4693 1467 4763 igitur
1487 4693 1735 4762 rediens,
1770 4713 1815 4779 D
1846 4696 1999 4768 apud
2033 4693 2339 4764 Sipontum
2375 4690 2572 4744 habito
2604 4689 2868 4758 concilio,
2895 4690 3039 4745 duos
3088 4689 3360 4762 deposuit
3415 4690 3487 4746 ab

98 4824 217 4895 (38)
264 4821 458 4880 Obiit.
494 4818 558 4895 in
591 4817 1068 4895 coenobio_s_an_cti
1101 4816 1293 4871 Vitani
1322 4818 1740 4895 _Virdunensis,

33 4888 119 4968 cui
156 4888 457 4968 praeerat
494 4890 839 4968 iraterejus
862 4888 1272 4968 Walerannus,
1304 4890 1374 4968 de
1405 4908 1518 4968 quo
1564 4892 1747 4968 multa

30 4959 216 5023 babes
249 4981 476 5031 supra
518 4960 581 5015 in
613 4960 746 5014 Vita
804 4959 955 5014 beati
1006 4960 1274 5014 Richardi
1325 4959 1587 5031 ejusdem
1636 4963 1746 5019 loci

32 4983 216 5023 nanes
249 4985 329 5023 su
395 4983 476 5019 ra
519 4983 581 5015 In
625 4983 746 5014 Vlla
805 4983 955 5014 ueau
1007 4983 1274 5014 iucuurtu
1325 4983 1587 5031 ϐμιεαρω
1637 4983 1746 5019 1061

32 5040 301 5095 abbatis.
341 4983 877 5104 geripsitlibrum
926 5033 999 5087 De
1057 5049 1294 5103 corpore
1351 5039 1407 5087 et
1463 5036 1749 5104 sanguine

31 5111 277 5167 Domini
309 5110 643 5164 adversus
668 5104 1211 5174 Berengarium,qui
1236 5122 1268 5158 a
1290 5112 1486 5161 nostro
1508 5104 1750 5163 Acherio

34 5184 241 5238 editus
278 5188 411 5237 ost.

98 5256 222 5325 (39)
264 5254 355 5310 Ex
394 5245 701 5325 hoc-loco
745 5245 1110 5325 emendandi.
1146 5246 1600 5325 Sammarthani,
1653 5248 1753 5319 qui

32 5317 419 5398 Sigifridum
466 5321 638 5375 inter
658 5318 996 5398 (ioreienses
1020 5317 1259 5398 abba’tes
1284 5338 1395 5398 non
1429 5317 1751 5398 recensent.

19 5390 123 5454 Dey
143 5398 402 5455 Gorziaa
447 5391 851 5463 monasterio,
880 5390 1035 5463 quod
1070 5406 1102 5463 a
1157 5390 1572 5463 Chrodegango
1631 5392 1754 5463 epi-

20 5486 202 5543 scopo
224 5463 531 5526 Metensi
564 5462 978 5543 fundatumest
996 5459 1053 5513 in
1073 5460 1347 5543 honorem
1371 5459 1428 5516 S.
1460 5459 1755 5543 Gorgoni},

24 5533 201 5611 Cl]th
226 5554 498 5612 corpus
543 5550 589 5612 .a
617 5550 775 5612 papa.
792 5533 1141 5612 obtinuerat,
1162 5533 1427 5612 diximus
1448 5535 1513 5612 in
1547 5534 1756 5612 saeculo

29 5602 383 5687 superiori;
425 5604 558 5665 ubi
592 5602 779 5661 sancti
808 5602 1053 5660 Joannis
1078 5604 1251 5673 hujus
1282 5604 1387 5659 loci
1411 5606 1638 5663 abbatis
1666 5605 1758 5659 Vi-

30 5686 154 5740 tafn
186 5686 556 5742 dedimus.

90 5760 215 5832 (40)
282 5744 802 5832 εἱεθϋοῐξιρρκθιρ
834 5746 933 5828 alii
980 5746 1295 5832 appellant.
1361 5747 1756 5832 Reginobaldo

17 5818 339 5900 successit
361 5818 565 5891 anno
581 5818 740 5890 4039,
769 5818 1229 5894 Spirensemque
1244 5818 1563 5879 Ecclesi’am
1586 5819 1757 5879 annis

1855 4819 2125 4876 undecim
2157 4815 2604 4870 administravit.

1926 4893 2045 4963 (sit),
2067 4888 2300 4963 Celebre
2330 4887 2471 4963 olim
2530 4885 2972 4963 monasterium,
3003 4885 3175 4963 vulgo
3217 4886 3496 4963 Richnotv,

1858 4957 2206 5036 qu'od'hodie
2232 4959 2397 5036 pauci
2424 4957 2686 5036 incolunt
2707 4958 3074 5036 monachiob
3106 4957 3374 5016 mensam
3407 4959 3501 5016 ab-

1860 5029 2012 5089 batis
2041 5029 2402 5103 episcopatui
2432 5030 2859 5085 Constantiensi
2895 5029 3141 5085 unitam.

1931 5107 2040 5177 (42)
2076 5102 2678 5177 Bolland._marnwris,
2712 5102 2944 5177 exiCoAd.
3005 5103 3285 5177 miss._ut
3317 5103 3416 5177 ait,
3448 5109 3504 5177 at

1861 5172 1976 5231 non
2010 5172 2201 5229 Solum
2227 5174 2366 5227 editi
2402 5174 2502 5226 sed
2552 5179 2608 5226 et
2637 5191 2746 5228 ms.
2782 5174 2971 5229 Codex
3021 5172 3207 5228 sancti
3257 5172 3503 5231 Remigii

1863 5248 2038 5303 habet
2068 5248 2365 5305 materiis;
2392 5261 2512 5316 quo
2546 5246 2779 5299 nomine
2827 5244 3057 5300 videtur
3086 5244 3334 5316 exprimi
3387 5243 3498 5316 aii-

1864 5320 2017 5391 quod
2044 5312 2530 5391 pretiosumligni
2563 5333 2768 5391 genus.
2789 5316 2933 5370 Nam
2962 5312 3498 5391 Bruno'_Sign_ien_sis

1865 5383 2021 5445 hunc
2044 5383 2328 5459 scyphum
2363 5383 2623 5459 ligneum
2654 5388 2834 5443 fuisse
2859 5387 3147 5454 asserit,et
3164 5383 3496 5459 Desiderius

1864 5430 2221 5527 Casinen‘sis,
2256 5476 2355 5514 seu
2380 5430 2690 5523 \iictorlll,
2721 5458 2865 5513 illud
2895 5475 3014 5523 vas,
3032 5430 3288 5528 piiculurn
3316 5455 3494 5528 ligna-

1864 5537 2012 5587 rium
2034 5525 2391 5603 appellat.De
2412 5531 2699 5601 ejusmodi
2716 5530 2946 5602 scyphis
2966 5525 3212 5598 Cangius
3243 5525 3304 5578 in
3330 5525 3495 5578 Glos-

1873 5605 2051 5669 sario,
2085 5605 2155 5658 ad
2187 5619 2387 5657 vocem
2418 5604 2701 5656 Mazerim‘.
3120 5666 3133 5669 _
3216 5654 3217 5657 η

1939 5664 2050 5748 (43)
2081 5676 2175 5748 Sic
2201 5674 2593 5748 dicitur,quo_d
2625 5673 2695 5748 in
2714 5670 3081 5743 lectojugiter
3101 5664 3488 5731 decumberet,
3533 5715 3536 5721 ,

1866 5743 2011 5816 κλίνη
2034 5743 2259 5819 ’ςυίρρθ
2287 5745 2483 5801 lectum
2512 5743 2722 5816 signat.
