3880 6356
385 468 510 537 ωδ

1768 479 1832 538 S.
1883 473 2028 535 LEO
2072 470 2152 534 IX
2201 471 2422 533 PAPA.

3701 467 3798 528 4%

402 606 596 663 ofﬁcio
634 607 1184 684 archiepiscopatus,
1209 609 1306 682 qui
1337 625 1469 665 cum
1500 609 1762 664 mercede
1777 612 2044 662 sanctum
2073 607 2128 672 Α
2159 607 2395 661 econtra
2424 600 2628 659 vexillo
2649 601 2845 658 cruxis
2873 600 3049 668 edito,
3071 615 3280 656 omnes
3335 615 3370 654 a
3429 595 3620 670 longe
3668 601 3797 654 stare

403 702 852 770 assumpserant
906 699 1318 768 ministerium,
1365 697 1501 755 vitio
1559 697 1826 754 elationis
1883 713 2038 752 unus

329 795 339 804 '
407 785 678 844 ambiens
719 788 1040 860 praecellere
1081 787 1348 845 alterum.
1373 787 1534 845 Unde
1564 786 1803 858 repetito
1833 802 2037 858 gressu

386 864 657 930 2Romam
687 875 874 944 rediit,
894 875 992 931 ubi
1013 893 1266 949 superna
1321 873 1654 931 admonitus
1689 873 2037 928 revelatione

401 961 641 1019 beatum
671 965 988 1022 Gerardum
1021 983 1137 1020 sua:
1169 964 1346 1032 sedis;
1381 965 1700 1020 Leucorum
1749 960 2035 1028 videlicet,

398 1049 538 1107 olim
555 1052 860 1124 praesulem
881 1053 942 1108 iu
959 1069 1202 1109 numero
1220 1056 1554 1108 sanctorum
1577 1050 2036 1122 computandum

389 1139 958 1214 'statuit.Eodemque
979 1158 1132 1198 anno
1152 1141 1213 1197 in
1236 1141 1487 1213 patriam
1505 1156 1828 1212 regressus,
1849 1138 2036 1210 ipsius

397 1231 630 1285 sanctos
659 1234 822 1286 artus
851 1246 986 1286 cum
1017 1246 1252 1288 summa
1283 1229 1468 1303 gloria
1523 1228 1844 1284 transtulit.
1905 1229 2038 1292 Quae

396 1317 594 1374 omnia
619 1319 874 1376 dilucide
898 1323 1040 1374 sunt
1069 1324 1304 1376 exarata
1335 1319 1392 1374 iu
1441 1319 1703 1388 ejusdem
1750 1318 1880 1370 Vita
1927 1316 2038 1386 (44)

399 1409 456 1460 et
487 1407 808 1464 miraculis.

469 1493 590 1550 VII.
614 1497 914 1567 Episcopus
943 1498 1051 1568 ipsi
1107 1496 1482 1552 contradicens
1533 1497 1780 1566 punitur.
1814 1496 1944 1548 IIem
1989 1498 2040 1547 et

403 1583 789 1640 Ravenneniis.
818 1615 886 1626 ——
911 1587 1047 1640 Erat
1077 1589 1269 1642 autem
1293 1585 1430 1640 huic
1459 1584 1577 1640 viro
1617 1584 1714 1638 Dei
1749 1600 1863 1638 non
1916 1598 2038 1636 mo-

405 1670 537 1728 dica
555 1673 908 1730 concertatio
939 1677 1140 1730 contra
1194 1690 1527 1746 pervasores
1577 1689 1770 1728 rerum
1829 1673 2040 1727 sanctae

390 1757 682 1816 Romanae
721 1761 896 1830 sedis,
974 1759 1340 1834 maximeque
1391 1766 1590 1818 contra
1648 1761 2036 1816 Ravennatem

405 1849 768 1922 episcopum,
801 1851 1012 1923 spiritu
1047 1851 1332 1923 repletum
1363 1851 1739 1906 contumacia:
1773 1853 1826 1904 et
1867 1848 2044 1904 rebel-

2147 693 2454 766 praecepi't;
2488 693 2588 748 sed
2619 691 2780 747 illam
2813 708 2949 746 mox
2975 689 3327 746 immundus
3358 703 3655 760 pervasor
3692 687 3799 743 neli-

2147 783 2294 854 quit,
2324 787 2382 838 et
2412 800 2556 838 sana
2579 777 3100 837 menteincolumis
3117 781 3190 835 ad
3221 777 3474 852 propria
3489 776 3794 849 repedavit.

2147 871 2444 925 Sollicitus
2477 874 2672 926 autem
2705 871 2776 924 de
2809 868 2998 924 salute
3029 867 3368 923 animarum
3400 866 3684 939 primum
3709 865 3799 922 sibi

2147 959 2357 1030 special
2368 961 2473 1014 iter
2484 958 2930 1014 commissarum
2941 957 3160 1025 ,Romze
3174 955 3800 1029 positusvenerabilem

2147 1047 2544 1119 primicerium
2576 1047 2838 1102 Udonem
2863 1046 2974 1117 (46)
3007 1044 3182 1116 elegit
3223 1045 3339 1102 sibi
3398 1060 3798 1102 successoreu

2147 1140 2357 1190 sancta:
2389 1135 2544 1191 sedis
2568 1135 2915 1202 Leucorum,
2946 1137 3121 1206 atque
3151 1133 3225 1189 ad
3255 1150 3396 1190 eum
3428 1133 3557 1190 sibi
3616 1134 3804 1190 subro-

2147 1226 2295 1296 gand
2309 1241 2405 1279 um
2437 1223 2723 1296 imperiali
2751 1224 3044 1294 majestati
3075 1221 3382 1294 proprium
3413 1222 3648 1278 direxit
3667 1223 3804 1295 lega-

2145 1313 2739 1384 tum.Siquidem,ob
2787 1313 3074 1366 bonorum
3133 1327 3369 1366 morum
3430 1311 3805 1368 honestatem

2149 1407 2480 1472 sanctasque
2507 1399 2806 1472 religionis
2839 1400 3119 1454 fervorem
3152 1403 3209 1455 et
3239 1399 3346 1470 pias
3369 1399 3804 1456 devotionisin-

2150 1489 2543 1560 tentionisque
2565 1489 2950 1556 devotionem,
2985 1484 3155 1543 illum
3178 1489 3288 1544 hec
3317 1489 3525 1544 ofﬁcio
3571 1490 3806 1563 dignum

2140 1579 2465 1649 judicabat,
2497 1581 2552 1634 et
2583 1581 2821 1650 paterno
2852 1593 2988 1633 eum
3019 1577 3384 1650 amplectens
3413 1580 3645 1634 aifectu
3687 1596 3809 1652 pro-

2150 1669 2342 1740 prium
2367 1667 2550 1722 lilium
2581 1667 2889 1723 vocitabat.
2925 1667 3212 1739 Sperabat
3241 1683 3482 1739 quoque
3513 1669 3658 1739 ejus
3686 1685 3808 1742 pru-

2150 1758 2491 1828 dentia;qua
2523 1757 2580 1812 in
2603 1755 2816 1812 divinis
2839 1755 3239 1828 humanisque
3268 1757 3602 1814 afﬂuenter
3622 1757 3809 1831 pollet,

2151 1846 2344 1918 perlici
2377 1845 2620 1917 possc,si
2651 1846 2789 1918 quid
2825 1847 3022 1902 minus
3051 1845 3222 1918 plene
3242 1846 3582 1919 peregisset
3613 1847 3676 1902 in
3706 1865 3811 1904 sua

402 1937 614 2006 lionis;
643 1939 736 1993 cui
770 1937 1035 1994 nonnulli
1071 1939 1342 1996 favebant
1369 1939 1630 2012 palatini,
1661 1938 1857 2012 gloriae
1896 1937 2040 1992 invi-
2076 1975 2124 2040 B
2155 1936 2458 2007 primitivu:
2482 1935 2638 1990 sedis
2662 1934 3158 2007 augmentatione.
3183 1935 3351 2000 Quod
3368 1935 3554 1991 etiam
3577 1953 3738 1992 nunc
3756 1953 3814 1992 ex

405 2027 607 2082 dentes
623 2026 824 2082 domni
851 2027 1174 2100 apostolici.
1207 2029 1465 2093 Quorum
1499 2032 1674 2100 caput
1701 2027 1761 2082 in
1793 2029 2048 2082 fomento

405 2114 710 2170 discordias
738 2118 863 2172 erat
889 2116 1026 2172 Nizo
1049 2118 1162 2188 (45)
1192 2117 1498 2190 episcopus
1527 2117 1850 2188 Frisingiae,
1877 2133 2051 2188 super

405 2219 582 2275 quem
611 2203 808 2262 divina
825 2203 1012 2262 virtus
1035 2205 1376 2276 hujusmodi
1402 2205 1753 2261 horrendam
1769 2205 2048 2261 ultionem

410 2292 650 2365 dignata
675 2298 764 2348 est
793 2295 1116 2351 ostendere.
1148 2295 1293 2351 Nam
1328 2311 1432 2366 pro
1453 2295 1746 2366 responsis
1780 2295 2050 2366 imperia-

408 2380 564 2437 libus
592 2380 652 2436 in
684 2381 906 2440 Italiam
939 2383 1218 2450 directus,
1264 2384 1594 2438 Ravennam
1630 2383 1880 2447 devenit,
1905 2389 1960 2437 et
1991 2383 2049 2437 in

409 2469 662 2526 favorem
685 2471 1036 2527 Ravennatis
1056 2473 1472 2528 detrectaroria
1487 2472 1660 2527 verba
1681 2477 1880 2527 contra
1898 2472 2052 2526 hunc

412 2559 652 2616 beatum
671 2561 926 2632 proferre
945 2561 1298 2633 cmpit,iuter
1319 2561 1648 2633 quaz,ducto
1680 2561 1788 2616 sub
1821 2565 2054 2632 gutture

413 2649 706 2722 digito,ad
751 2649 873 2705 haec
924 2649 1266 2722 blasphema
1324 2651 1620 2722 prorupit:
1682 2649 1798 2705 Hoc
1855 2654 2056 2721 guttur

415 2737 615 2810 gladio
647 2739 1044 2807 abscindatur,
1076 2739 1190 2796 nisi
1221 2755 1355 2796 eum
1394 2739 1604 2812 deponi
1637 2739 1820 2794 fecero
1851 2739 1922 2794 ab
1953 2739 2054 2794 ho-

416 2842 558 2882 nore
587 2827 1106 2900 apostolatus.Quo
1138 2829 1519 2894 dicto,eodcm
1551 2827 2054 2900 momentoipsum

393 2914 804 2971 intolerabilis
833 2915 998 2972 dolor
1016 2921 1216 2987 guttur
1236 2917 1533 2985 invasit,et
1563 2917 1934 2986 impaenitens
1965 2916 2056 2972 die

417 3001 592 3058 tertio
617 3002 800 3058 vitam
829 3004 992 3059 obiit.
1024 3005 1506 3077 ArchiepiscOpus
1539 3009 1730 3060 autem
1763 3005 2057 3061 Ravenna-

393 3089 572 3146 ‘tium
594 3090 668 3146 ob
685 3089 1138 3164 incorrigibilem
1155 3093 1669 3165 praesumptionem
1685 3097 1772 3148 est
1803 3111 1836 3148 a
1858 3099 2056 3150 sancto

419 3195 570 3254 papa
640 3179 1183 3238 anathematizatus.
1244 3181 1493 3253 Ideoque
1549 3182 1834 3254 imperiali
1881 3183 2056 3254 jussu

418 3267 812 3341 Ausburgiam
840 3273 1241 3337 vocatus,cum
1267 3270 1499 3342 justitia
1529 3271 1770 3325 redditis
1801 3288 1926 3342 quae
1966 3273 2052 3327 in-

2157 2023 2412 2096 plurima
2442 2028 2602 2096 parte
2627 2023 2934 2090 ﬁt,Cbristi
2965 2029 3262 2080 annuente
3294 2023 3620 2098 suffragio,
3641 2029 3718 2093 et,
3757 2029 3813 2080 ut

2156 2130 2288 2168 vere
2307 2113 2688 2183 credimus,in
2715 2113 2841 2168 dies
2863 2129 3000 2185 erga
3019 2113 3339 2170 Dominum
3363 2119 3675 2171 accrescet
3697 2115 3813 2186 ejus

2159 2207 2361 2258 sancta
2393 2203 2644 2258 devotio.
2677 2202 2784 2256 Sed
2834 2219 2992 2258 nunc
3025 2203 3154 2274 ejus
3205 2202 3489 2260 laudibus
3549 2220 3816 2277 superse-

2159 2292 2436 2356 dendum,
2470 2291 2606 2362 quia
2635 2291 2827 2346 omnis
2859 2291 2987 2347 laus
3010 2292 3068 2346 in
3102 2293 3218 2347 ﬁne
3249 2293 3527 2349 securius
3561 2292 3810 2350 cantabi-

2159 2385 2274 2435 tur.
2311 2381 2430 2434 Non
2467 2379 2728 2434 modicus
2761 2397 2992 2452 quoque
3023 2381 3073 2436 ei
3102 2380 3292 2436 inerat
3331 2382 3529 2438 fervor
3603 2384 3664 2438 in
3713 2399 3809 2437 au-

2161 2469 2348 2540 genda
2381 2467 2690 2540 republica.
2755 2469 2977 2524 Idcirco
3029 2469 3344 2542 Ilungarise
3404 2471 3732 2545 principes,
3783 2487 3810 2526 a

2163 2559 2422 2613 Romano
2453 2574 2638 2629 nuper
2670 2558 2915 2629 imperio
2975 2558 3353 2629 dissidentes,
3388 2561 3812 2633 multiplicibus

2161 2647 2368 2718 legatis
2398 2647 2641 2712 adierat,
2673 2663 2744 2701 ne
2788 2647 3179 2704 detrectarent
3232 2647 3412 2706 solita
3459 2649 3820 2723 subjectione

2162 2735 2502 2807 imperatori
2538 2735 2728 2807 prisca
2749 2735 3072 2808 persolvere
3102 2737 3347 2807 tributa,
3382 2740 3546 2812 quod
3587 2745 3648 2796 et
3699 2756 3824 2796 con-

2163 2829 2488 2891 senserant,
2521 2825 2568 2880 si
2598 2829 3017 2896 praeteritorum
3041 2827 3510 2884 commissorum
3535 2829 3628 2885 eis
3641 2845 3827 2885 conce-

2163 2915 2397 2970 deretur
2414 2915 2507 2968 ind
2521 2913 3162 2988 ulgentia.Quapropter
3185 2920 3395 2974 sancta
3411 2922 3826 2975 commonente

2164 3002 2374 3076 pietate
2389 3013 2622 3059 οοειιωδ
2645 3009 2732 3059 est
2751 3004 2916 3060 tertio
2938 3004 3243 3077 antiquam
3263 3006 3522 3079 patriam
3542 3012 3828 3081 repetere,

2165 3097 2241 3160 et,
2275 3109 2377 3164 pro
2409 3109 2638 3148 reorum
2673 3093 3044 3150 miseratione
3092 3094 3190 3164 qui
3249 3099 3460 3151 contra
3507 3097 3827 3170 imperium

2165 3187 2462 3237 moverant
2493 3180 3130 3254 bellum,persuasoriis
3162 3184 3436 3255 precibus
3486 3185 3828 3258 imperiales

2167 3287 2335 3326 aures
2356 3275 2638 3342 expetere.
2671 3272 2780 3326 Sed
2813 3271 2952 3342 quia
2983 3271 3234 3328 factione
3265 3276 3695 3345 quorumdam
3741 3293 3831 3331 cu-

411 3357 576 3430 juste
603 3362 955 3430 pervaserat,
983 3358 1404 3416 absolutionem
1435 3363 1522 3414 est
1553 3363 1745 3432 petere
1802 3366 2052 3418 coactus.
2087 3345 2128 3412 C
2168 3359 2398 3414 rialium
2421 3360 2519 3431 qui
2537 3359 2798 3415 felicibus
2831 3359 3016 3416 sancti
3040 3361 3148 3416 viri
3192 3361 3544 3419 invidebant
3581 3365 3830 3429 actibus,

422 3447 570 3511 Quia
598 3463 733 3502 cum
764 3447 900 3504 licet
929 3447 1102 3504 corde
1132 3449 1467 3504 contumaci
1496 3453 1628 3504 ante
1659 3449 1835 3521 pedes
1875 3451 2062 3506 sancti

423 3536 1265 3609 stratusjaceret,cunctusque
1281 3542 1464 3594 coetus
1483 3539 1854 3610 praesentium
1873 3541 2062 3610 ponti-

399 3652 407 3660 -
425 3624 604 3678 ﬁcum
621 3623 674 3680 ei
695 3623 1121 3680 absolutionem
1138 3627 1506 3698 peterent,ait
1536 3627 1620 3682 vir
1637 3627 1843 3682 beatos
1865 3644 1878 3684 :
1899 3651 1926 3678 ‹‹
1961 3630 2062 3685 Se-

419 3713 678 3769 cundum
709 3715 838 3786 ejus
887 3715 1249 3771 devotionem
1279 3717 1500 3772 tribuat
1551 3717 1634 3770 illi
1692 3719 2060 3790 omnipotens

414 3805 758 3860 cunctorum
773 3803 1056 3860 scelerum
1069 3803 1802 3862 absolutionem.»lllevero
1815 3825 2062 3880 surgens

416 3909 552 3948 eum
573 3893 1022 3950 subsannatorie
1045 3893 1574 3951 subrideretadbuc
1597 3895 1870 3966 superbia
1886 3899 2058 3953 tumi-

412 3981 546 4050 dus,
568 3982 934 4038 venerandus
964 3986 1165 4054 pastor
1193 3982 1252 4038 in
1289 3983 1574 4055 lacrymas
1594 3983 1910 4052 resolutus,
1969 3986 2060 4042 in-

415 4069 547 4140 quit
567 4074 788 4128 secreto
818 4071 1370 4128 circumstantibus:
1409 4093 1436 4122 «
1470 4073 1626 4128 Heu!
1664 4077 1932 4130 mortuus
1969 4080 2060 4132 est

414 4156 597 4213 miser
624 4157 752 4214 iste.
786 4181 815 4208 ››
837 4160 952 4215 Nec
971 4177 1136 4216 mora
1162 4179 1174 4230 ;
1210 4159 1306 4216 ille
1337 4161 1614 4233 languore
1645 4162 1975 4234 corripitur,
2001 4169 2059 4220 et

409 4245 507 4302 vix
535 4245 595 4302 in
627 4247 873 4319 patriam
897 4253 1184 4319 revectus,
1205 4249 1323 4306 vita
1339 4253 1395 4306 et
1423 4250 1661 4317 honore,
1695 4267 1810 4324 quo
1865 4255 2052 4309 tume-

409 4335 513 4392 bat
541 4334 805 4394 celeriter
831 4337 1112 4409 privatur.

478 4425 626 4482 VIII.
653 4427 758 4482 Leo
787 4425 1178 4484 daemoniacam
1212 4428 1426 4484 liberat.
1463 4429 1698 4486 Udonem
1751 4431 1860 4485 sibi
1915 4432 2056 4488 Tulli

405 4514 993 4588 substituitﬂngaros
1049 4519 1370 4589 imperatori
1423 4520 1780 4574 reconciliare
1861 4525 2048 4578 tentat.

406 4605 616 4661 Futura
637 4605 788 4660 mala
811 4606 1094 4678 praevidit.
1125 4639 1192 4646 —
1219 4606 1524 4663 Concilium
1551 4611 1821 4665 Mantuae.
1856 4610 2052 4666 Μονιαί

2171 3449 2555 3521 suntAugusti
2569 3465 2738 3504 aures
2753 3450 3031 3504 obturatas
3045 3450 3317 3522 precibus
3331 3451 3835 3526 domniApostoli-

2170 3537 2376 3608 ci,ideo
2397 3538 2654 3594 Romana
2672 3537 3001 3610 respublica
3016 3539 3444 3610 subjectionem
3469 3544 3651 3616 regni
3665 3543 3834 3598 Hum-

2170 3627 2341 3700 gariaa
2364 3627 2700 3699 perdidit,et
2719 3627 2910 3684 adhuc
2931 3627 3087 3684 dolet
3115 3628 3374 3686 finitima
3403 3631 3630 3702 patriae
3693 3651 3835 3706 prae-

2169 3716 2259 3771 dis
2291 3720 2346 3771 et
2384 3716 2667 3772 incendiis
2697 3717 3005 3773 devastari.
3051 3721 3201 3774 Dum
3251 3721 3451 3776 autem
3512 3737 3633 3793 pro
3675 3721 3832 3794 regni

2171 3821 2310 3878 pace
2341 3805 2583 3860 sollicite
2613 3805 2886 3861 laborans
2914 3805 3134 3863 ibidem
3164 3807 3519 3879 aliquandiu
3570 3827 3833 3868 morare-

2169 3898 2282 3960 tur,
2316 3893 2509 3949 divina
2554 3895 2983 3966 praedestinatio
3015 3897 3066 3952 ei
3126 3897 3354 3954 somnis
3414 3899 3693 3957 revelare
3741 3915 3835 3954 vo-

2165 3984 2276 4040 luit
2299 3983 2440 4055 quid
2470 3983 2579 4039 sibi
2612 3985 2876 4040 futurum
2908 3987 3374 4058 portenderetur.
3402 3989 3561 4046 Nam
3596 3991 3834 4046 videba-

2166 4077 2262 4128 tur
2291 4073 2403 4128 sibi
2433 4073 2608 4145 quod,
2642 4078 2804 4129 stans
2837 4073 2896 4130 in
2928 4075 3103 4146 edito,
3129 4075 3459 4133 familiares
3493 4095 3650 4136 suos
3671 4080 3748 4135 ad
3779 4095 3834 4133 se

2164 4163 2235 4218 de
2264 4161 2520 4234 periculo
2553 4163 2953 4234 confugientes
2985 4164 3291 4236 reciperet,
3312 4165 3527 4239 eisque
3559 4169 3686 4224 sub
3717 4167 3834 4240 plu-

2161 4251 2295 4307 viali
2323 4256 2501 4318 veste,
2535 4267 2660 4322 quas
2691 4267 2873 4324 cappa
2899 4253 3205 4321 vocitatur,
3229 4253 3510 4327 inclusis,
3533 4257 3829 4329 sanguine

2161 4357 2360 4397 eorum
2391 4339 2502 4395 sibi
2525 4344 2712 4396 vestes
2757 4339 2917 4396 inﬁci
2977 4342 3359 4415 conspiceret.
3416 4346 3552 4410 Qua
3601 4346 3827 4403 visione

2159 4434 2350 4486 certus
2383 4429 2640 4486 redditus
2670 4430 3132 4488 mmstitudinem
3162 4431 3275 4488 sibi
3307 4433 3568 4506 suisque
3607 4437 3820 4492 affutu-

2159 4519 2546 4588 ram,et,sicut
2561 4519 2817 4574 triticum
2848 4519 2910 4575 in
2931 4521 3313 4577 areaDomini
3344 4525 3826 4590 recondendum,

2156 4609 2228 4664 ad
2257 4607 2636 4664 tentationem
2670 4623 2797 4664 sese
2828 4613 3118 4681 praeparat
3137 4611 3585 4669 sustinendam.
3626 4615 3827 4686 Itaque

408 4692 525 4749 loca
553 4709 712 4750 sacra
752 4695 1054 4752 visitantes.
1086 4725 1158 4736 --
1205 4695 1550 4768 Magniticus
1597 4702 1792 4754 autem
1853 4705 2052 4770 pastor
2077 4713 2124 4777 D
2157 4697 2441 4769 repedans
2472 4697 2530 4752 in
2565 4695 2810 4765 Italiam,
2847 4697 3159 4755 concilium
3188 4701 3348 4772 apud
3379 4701 3708 4760 Mantuam
3732 4703 3830 4759 ha-

410 4781 734 4838 Romanam
758 4783 1016 4840 revisens
1031 4784 1401 4850 sedem,dum
1431 4784 1808 4858 paschalibus
1834 4787 2045 4845 solem-

406 4869 522 4926 niis
551 4871 706 4943 apud
738 4875 1005 4928 sanctum
1038 4873 1421 4929 Laurentium
1453 4879 1609 4930 esset
1647 4875 2045 4934 celebraturus

405 4957 584 5013 divini
615 4959 1508 5027 sacramentioblationem,inter
1536 4979 1700 5019 sacra
1730 4965 2044 5022 missarum

407 5043 696 5100 solemnia
741 5045 793 5100 ei
816 5049 1136 5118 quamdam
1167 5049 1506 5107 obtulerunt
1537 5052 1836 5109 mulierem
1894 5072 2043 5127 qum,

407 5131 581 5203 plena
609 5131 1128 5202 daemonio,sanam
1163 5137 1437 5194 amiserat
1465 5144 1930 5208 mentem.Quam
1955 5145 2043 5201 in-

409 5222 705 5277 cessanter
723 5220 1173 5280 debacchantem
1201 5241 1462 5295 cernens,
1489 5227 1821 5302 frcmitumq
1834 5249 1901 5286 ue
1933 5233 2042 5287 cir-

404 5309 831 5368 cumstantium
863 5326 928 5368 ac
957 5327 1084 5369 eam
1138 5313 1395 5370 vinctam
1447 5316 1599 5371 trahi
1655 5335 1770 5373 non
1829 5321 2038 5389 ferens,

474 5523 584 5593 (44)
616 5523 775 5581 Hane
827 5523 1020 5582 Vitam
1081 5525 1358 5582 exhibent
1412 5525 1773 5584 Bollandiani
1821 5531 1914 5586 die
1970 5535 2040 5590 23

401 5595 640 5677 Aprilis.
671 5596 788 5678 Nos
843 5613 977 5680 vero
1028 5598 1104 5680 de
1129 5602 1184 5680 _S.
1207 5597 1524 5680 .Gerardo”
1545 5598 1770 5680 egimus
1828 5605 2038 5680 saeculo

401 5669 848 5742 superiori,pag.
873 5669 1106 5740 891,ubi
1128 5669 1378 5726 habetur
1405 5669 1564 5726 bulla
1581 5669 1708 5743 Ejus
1739 5676 2039 5734 canoniza—

400 5736 600 5808 tionis.
618 5753 763 5808 pag.
794 5741 918 5797 894.

473 5806 585 5887 (45(
609 5806 903 5870 Sirmondi
932 5813 1110 5872 editio
1145 5814 1428 5874 Visanem.
1456 5814 1697 5875 Nicerus
1735 5817 1950 5876 dicitur
2003 5837 2038 5878 a

2155 4787 2412 4844 bendum
2435 4785 2923 4854 constituit.Quod
2937 4787 3106 4844 factio
3139 4791 3547 4862 quorumdam
3572 4793 3830 4865 pontifi-

2155 4892 2287 4931 cum
2319 4875 2710 4931 serveritatem
2743 4875 2869 4946 ejus
2890 4877 3044 4946 justi
3069 4877 3285 4948 judicii
3307 4879 3670 4940 timentium
3700 4897 3828 4954 per-

2151 4965 2579 5020 turbavit.Nam
2603 4963 2837 5019 familias
2865 4981 3067 5022 eorum
3090 4967 3370 5024 fautrices
3394 4969 3828 5043 scelerum,su-

2153 5053 2338 5109 bitum
2373 5057 2572 5109 contra
2601 5053 2802 5108 domui
2832 5055 3132 5125 apostolici
3163 5057 3459 5114 familiam
3506 5064 3827 5118 moverunt

2152 5143 2494 5210 tumultum,
2555 5159 2756 5198 secure
2813 5147 3102 5200 astantem
3158 5150 3294 5202 ante
3351 5148 3691 5207 basilicam
3771 5149 3826 5204 in

2153 5250 2266 5304 qua
2287 5231 2585 5305 publicum
2600 5231 2922 5288 habebatur
2942 5233 3366 5306 concilium,ita
3380 5241 3448 5293 ut
3462 5239 3558 5294 vir
3576 5245 3829 5296 sanctus

2151 5326 2451 5394 cogeretur
2498 5337 2532 5376 a
2579 5320 2768 5376 medio
2798 5337 3076 5380 consessu
3107 5341 3370 5398 surgere,
3403 5332 3464 5384 et
3493 5335 3647 5387 ante
3703 5349 3834 5406 por-

2150 5535 2444 5612 Gual‘terio
2474 5534 2534 5590 in
2559 5533 2833 5612 Catalogo
2858 5534 3038 5612 episc.
3061 5537 3576 5612 Erisingensium.

2221 5608 2468 5704 case
2483 5606 3410 5704 .e3542§§.9.i0?fe§muiiem.
3435 5614 3568 5704 U.d°
3608 5617 3830 5704 dieitur

2146 5677 2368 5750 passim
2391 5679 2450 5734 in
2481 5677 2883 5750 compluribus
2912 5677 3345 5740 instrumentis.
3377 5689 3581 5744 Antea
3615 5691 3831 5748 biblio-

2147 5749 2440 5832 tbecarius
2471 5753 2532 5832 et
2555 5747 2940 5832 cancellarius
2963 5751 3156 5832 fuerat
3179 5754 3459 5832 Ecclesiae
3503 5759 3826 5832 Romanas,

2147 5827 2214 5880 ut
2243 5826 2400 5897 patet
2427 5839 2496 5882 ex
2519 5819 2682 5882 bulla
2709 5821 2768 5882 S.
2801 5821 3012 5884 Leonis
3043 5841 3148 5902 pro
3176 5826 3235 5886 S.
3263 5827 3620 5904 Mansuete.
