3910 6338
97 362 208 432 501

1043 366 1371 430 PROLEG.
1401 400 1472 412 ——
1505 366 1684 428 VITA
1737 365 1799 428 S.
1846 361 2155 427 LEONIS.
2190 399 2268 412 —
2297 366 2445 429 LIB.
2491 363 2569 428 II.

3391 365 3511 430 509

98 516 309 560 norum
354 498 452 559 his
507 500 782 560 exterrita
833 497 1032 576 gestis,
1066 500 1406 560 crudelitate
1458 499 1745 574 deposita,
1779 498 1830 566 Α
1861 513 1962 554 rus
2019 499 2355 572 subreperet
2412 496 2718 573 superbire,
2760 495 2870 557 hoc
2921 495 3106 557 voluit
3161 497 3341 558 latere
3399 499 3510 559 mi-

97 591 368 667 populos,
394 590 612 665 quibus
639 591 1033 658 cohabitabat,
1059 607 1123 647 ex
1155 596 1292 648 tunc
1317 595 1381 647 ut
1403 589 1752 663 compatrio-

97 685 183 737 tas
214 679 592 737 amicabilius
621 681 988 749 tractavit,ac
1021 680 1336 735 venerabili
1372 676 1752 752 papze,quoad

96 771 252 836 vixit,
287 769 349 824 in
383 769 544 824 omni
579 769 941 841 subjectione
972 769 1220 824 ﬁdeliter
1247 769 1572 824 deservivit.

163 859 429 930 XII.Ejus
446 861 543 928 pia
559 861 845 914 exercitia.
865 861 1211 930 Scripturam
1232 875 1444 913 sacram
1467 859 1642 913 Greece
1661 858 1753 912 ad-

95 946 617 1004 discit.-——Eximius
639 951 837 1003 autem
860 952 1060 1019 pastor
1083 949 1469 1002 Beneventum
1493 946 1750 1014 veniens,

97 1037 236 1109 ipsis
255 1035 620 1092 Normannis
643 1036 822 1091 etiam
847 1036 1102 1107 injussis
1133 1053 1235 1108 per
1265 1041 1451 1091 totum
1491 1035 1602 1090 iter
1618 1035 1756 1090 obse

97 1124 368 1197 quialiter
399 1123 567 1178 illum
603 1123 1042 1192 comitantibus,
1069 1142 1184 1179 non
1217 1125 1444 1179 modico
1469 1124 1585 1178 illic
1615 1123 1753 1178 anni

96 1214 280 1285 spatio
311 1216 404 1268 est
452 1216 870 1278 commoratus,
908 1213 1290 1284 semetipsum
1326 1213 1546 1267 sanctis
1592 1229 1756 1266 exer-

97 1319 227 1358 cens
248 1301 599 1367 virtutibus,
624 1302 924 1372 patientia,
948 1301 1182 1373 vigiliis,
1201 1301 1444 1371 jejuniis
1467 1304 1522 1355 et
1544 1299 1754 1355 oratio-

97 1389 608 1461 nibus.Siquidem
640 1405 871 1444 omnem
903 1389 1034 1444 lecti
1070 1389 1370 1444 mollitiem
1408 1389 1750 1459 refugiebat,

97 1479 214 1544 sed,
248 1481 493 1549 sumpto
525 1479 597 1533 ad
630 1494 864 1533 carnem
911 1477 1101 1533 cilicio
1132 1482 1188 1534 et
1231 1477 1407 1550 tapeti
1456 1480 1619 1532 terrae
1667 1477 1754 1531 in-

97 1570 269 1622 strato
309 1567 632 1631 recubans,
665 1565 842 1638 capiti
890 1565 1084 1637 lapide
1132 1567 1419 1637 apposito,
1453 1565 1756 1620 nocturnis

97 1654 248 1711 horis
279 1653 597 1726 paululum
623 1653 815 1709 somni
846 1653 1205 1721 insumebat,
1228 1654 1637 1725 reliquumque
1660 1671 1756 1709 no-

98 1745 198 1800 ctis
229 1744 495 1816 spatium
529 1747 655 1797 tum
687 1742 903 1815 integri
935 1742 1342 1797 decantatione
1372 1741 1638 1797 Psalterii
1691 1758 1758 1797 ac

98 1832 403 1887 innumera
424 1846 689 1903 genuum
713 1831 1020 1886 inflexione
1043 1831 1402 1886 excurrebat.
1430 1829 1586 1885 Idem
1611 1846 1753 1901 quo-

100 1937 204 1992 que
225 1919 582 1975 Psalterium
603 1935 705 1992 per
719 1919 983 1991 singulos
1005 1923 1273 1991 repetens
1292 1919 1419 1975 dies
1441 1935 1574 1974 cum
1602 1917 1756 1973 obla-

99 2008 248 2064 tione
278 2008 464 2064 divini
501 2007 794 2075 sacriﬁcii,
819 2024 1057 2063 cursum
1095 2007 1512 2079 multiplicium
1537 2009 1755 2062 oratio-

101 2115 232 2153 num
265 2097 567 2152 indefesse
613 2095 995 2168 transigebat.
1027 2095 1172 2152 Illud
1225 2097 1400 2151 etiam
1446 2099 1570 2151 erat
1599 2096 1656 2149 in
1689 2112 1754 2150 eo

102 2187 430 2242 mirandum
467 2185 649 2256 quod,
683 2184 838 2239 ultra
867 2183 1431 2256 quinquagenarius,
1457 2188 1620 2240 tanto
1653 2185 1758 2238 fer-

101 2275 258 2330 vehat
285 2273 488 2330 studio
522 2276 587 2327 ut
617 2273 948 2327 divinarum
981 2272 1285 2328 lectionem
1318 2272 1753 2344 Scripturarum

106 2363 289 2419 Graeco
337 2363 674 2418 addisceret
719 2360 969 2432 eloquio.
995 2361 1060 2415 Et
1105 2361 1384 2432 quoniam
1435 2361 1757 2416 visceribus

104 2451 322 2523 pietatis
355 2455 414 2507 et
446 2449 867 2505 misericordia:
916 2467 1095 2520 supra
1132 2467 1308 2520 quam
1357 2450 1512 2504 credi
1569 2453 1759 2520 potest

103 2541 390 2606 afﬁuebat,
419 2539 740 2593 innumera
760 2554 1086 2610 pauperum
1123 2537 1437 2592 multitudo
1469 2537 1758 2593 indefessa

102 2630 163 2684 ad
193 2630 318 2700 ejus
350 2627 690 2700 largitatem
736 2627 1102 2694 accurrebat,
1137 2626 1352 2697 quibus
1383 2626 1604 2697 absque
1635 2626 1758 2680 dis-

104 2718 343 2773 cretione
378 2715 721 2772 necessaria
756 2714 1148 2770 ministrabat.

163 2807 299 2862 XlIl.
321 2807 626 2877 Leprosum
647 2806 707 2859 in
729 2819 826 2859 suo
851 2805 988 2859 lecto
1003 2804 1246 2858 collocat.
1264 2805 1666 2860 Dzemoniacam
1693 2804 1760 2858 li-

104 2896 255 2950 berat.
281 2927 345 2937 --
363 2895 467 2950 His
503 2893 712 2965 itaque
739 2893 852 2965 piis
875 2893 1154 2948 insistens
1180 2893 1427 2960 actibus,
1452 2895 1589 2947 dum
1616 2909 1758 2964 quo-

103 2984 219 3039 dam
254 2999 380 3039 sero
408 2987 628 3038 cuncta
657 2983 786 3052 ejus
809 2981 1034 3036 familia
1061 2999 1238 3038 causa
1264 2982 1537 3056 nocturni
1572 2998 1759 3036 seces-

105 3071 264 3127 sisset
289 3071 546 3144 s0poris,
572 3070 700 3141 ipse
723 3070 934 3141 pravio
958 3069 1181 3125 lumine
1202 3087 1335 3124 cum
1360 3087 1538 3141 puero
1561 3071 1760 3125 deam-

104 3159 326 3214 bulabat
344 3175 449 3231 per
467 3174 723 3212 vacuum
748 3157 838 3212 sui
863 3157 1063 3228 palatii
1095 3159 1374 3229 spatium,
1395 3158 1655 3229 viditque
1677 3158 1764 3212 in-

1863 586 2162 657 raculum;
2196 593 2389 644 tamen
2442 607 2558 647 non
2599 591 2822 662 absque
2869 605 2930 649 re
2979 589 3089 646 sub
3140 592 3310 654 tanta.
3349 605 3513 646 com-

1862 677 2180 733 minatione
2230 680 2414 749 jussit
2463 679 2802 749 hujusmodi
2865 679 3036 736 celari
3095 679 3334 734 factum.
3364 679 3514 734 Rur-

1862 783 1963 822 sus
2021 768 2271 838 quodam
2306 768 2398 822 die
2441 768 2658 823 ibidem
2719 767 2880 824 solus
2939 784 3072 823 cum
3131 767 3255 824 solo
3305 766 3514 824 clerico

1861 861 2073 911 sanctae
2132 857 2466 927 psalmodiae
2524 857 2855 923 insistebat,
2889 874 3021 912 cum
3081 872 3213 913 ecce
3272 857 3514 929 quidam

1863 945 2119 1001 rusticus
2151 962 2348 1001 secum
2392 946 2662 1002 insanam
2693 947 2989 1002 deducens
3038 945 3220 1001 ﬁliam
3268 947 3516 1002 advene-

1863 1038 1986 1096 rat;
2023 1049 2196 1104 quam
2260 1034 2556 1090 multoties
2604 1035 2861 1106 pessimo
2916 1035 3175 1108 torqueri
3227 1035 3514 1091 daemonio

1864 1122 2186 1192 suspiriose
2226 1123 2534 1190 clamabat,
2568 1125 2810 1196 ejusque
2855 1124 3079 1180 meritis
3110 1123 3344 1180 liberari
3377 1140 3514 1180 cum

1865 1208 2141 1279 lacrymis
2199 1211 2564 1282 deposcebat.
2599 1213 2779 1283 Cujus
2834 1213 3105 1284 precibus
3162 1213 3294 1285 pius
3350 1216 3517 1285 pater

1867 1298 2091 1353 diutius
2125 1299 2319 1356 nitens
2362 1300 2773 1369 contradicere,
2796 1302 2979 1372 jussit
3008 1318 3142 1357 eum
3175 1307 3513 1357 sanctorum

1870 1387 2168 1459 suffragia,
2203 1404 2453 1460 quorum
2484 1388 2804 1444 innumerae
2851 1390 2930 1444 ibi
2980 1389 3350 1445 continentur
3377 1389 3512 1444 reli-

1865 1475 2040 1546 quiis,
2074 1475 2327 1548 supplici
2372 1481 2501 1532 voto
2545 1493 2801 1533 exorare.
2835 1479 2945 1532 Sed
2995 1477 3253 1533 rusticus
3282 1478 3341 1532 in
3375 1495 3513 1549 pro-

1865 1563 2054 1634 posito
2087 1564 2438 1632 obstinatus,
2470 1564 2589 1620 imo
2638 1565 2697 1619 in
2747 1565 2947 1620 solidae
3006 1565 3140 1620 ﬁdei
3199 1565 3515 1622 stabilitate

1863 1652 2150 1719 ﬁrmatus,
2184 1652 2414 1708 dicebat
2445 1671 2507 1709 se
2536 1654 2744 1709 exinde
2773 1670 2887 1709 non
2930 1669 3301 1710 recessurum
3333 1655 3516 1710 donec

1861 1741 1990 1810 ejus
2022 1740 2424 1797 benedictione
2445 1742 2705 1797 divinum
2741 1745 3172 1814 promereretur
3201 1741 3510 1799 auxilium.

1861 1828 2063 1899 Itaque
2094 1829 2182 1884 vir
2211 1833 2474 1897 sanctus,
2505 1829 2694 1901 ipsius
2741 1831 3183 1901 importunitate
3228 1831 3513 1899 devictus,

1865 1931 2112 1987 granum
2164 1917 2303 1974 salis
2354 1918 2412 1973 in
2460 1919 2723 1990 proximo
2771 1924 3066 1991 repertum
3116 1918 3414 1976 benedixit
3450 1935 3518 1976 ac

1863 2005 1922 2059 in
1957 2022 2021 2060 os
2053 2005 2257 2078 puellas
2301 2023 2433 2062 cum
2467 2006 2645 2062 divini
2696 2007 3057 2064 invocatione
3086 2006 3346 2064 nominis
3376 2025 3516 2080 pro-

1855 2094 2028 2164 jecit;
2084 2111 2354 2167 moxque,
2390 2096 2650 2151 daemone
2707 2113 2840 2152 cum
2900 2095 3210 2169 purulento
3268 2095 3514 2169 expulso

1864 2183 2171 2254 sanguine,
2203 2184 2372 2239 lzetus
2431 2189 2593 2256 pater
2648 2201 2782 2240 cum
2831 2185 3050 2256 sospite
3096 2184 3216 2240 ﬁlia
3269 2185 3510 2242 domum

1864 2272 2182 2342 repedavit.
2213 2274 2456 2329 Possent
2505 2277 2698 2329 autem
2739 2274 2812 2329 de
2853 2274 2964 2330 hoc
3011 2277 3212 2330 sancto
3258 2273 3516 2346 plurima

1863 2361 2210 2416 admiranda
2270 2361 2500 2428 referri,
2561 2363 2662 2418 sed
2722 2361 2986 2418 studioso
3040 2365 3131 2418 est
3185 2363 3513 2418 cedendum

1863 2445 2086 2514 lectori,
2118 2449 2205 2503 vel
2254 2449 2555 2505 incredulo
2584 2450 2860 2518 auditori,
2894 2450 3143 2522 ideoque
3172 2450 3336 2506 brevi
3385 2451 3515 2522 ejus

1867 2542 2260 2593 memorantes
2305 2539 2644 2606 transitum,
2678 2539 2853 2594 ﬁnem
2905 2543 3089 2611 empto
3137 2539 3514 2612 imponamus

1867 2641 2022 2696 operi
2041 2670 2046 2679 .

1939 2713 2078 2768 XIV.
2111 2715 2309 2769 Incidit
2341 2717 2400 2769 in
2430 2716 2680 2770 morbum
2721 2717 3036 2771 Beneventi.
3073 2718 3296 2771 Romam
3344 2716 3513 2770 venit.

1866 2801 2161 2857 Deducitur
2190 2804 2258 2857 ad
2279 2806 2581 2858 oratorium
2609 2805 2786 2859 sancti
2811 2805 2982 2859 Petri.
3009 2803 3134 2858 Oleo
3153 2818 3309 2859 sacro
3337 2809 3390 2858 et
3411 2803 3517 2858 Eu-

1866 2891 2133 2946 charistia
2161 2894 2432 2946 munitur.
2460 2893 2601 2949 Obit.
2629 2893 2900 2964 Sepelitur
2924 2891 3137 2947 --Boni
3168 2906 3304 2963 ergo
3336 2894 3516 2947 certa-

1870 2979 2045 3035 minis
2095 2997 2267 3036 cursu
2319 2986 2752 3048 consummato,
2787 2980 3200 3036 abundantiori
3251 2996 3515 3052 superna

1867 3067 2246 3125 beatitudinis
2274 3070 2330 3123 in
2364 3070 2487 3125 dies
2517 3071 2802 3126 zestuabat
2820 3069 3129 3135 desiderio,
3152 3072 3209 3125 et
3229 3072 3515 3142 tanquam

1870 3172 2002 3212 cum
2035 3158 2213 3212 Paulo
2261 3159 2510 3214 diceret:
2546 3159 2681 3215 Mihi
2708 3159 2946 3214 mundus
2990 3157 3291 3228 cruci/imus
3335 3162 3434 3225 est,
3465 3161 3517 3214 et

107 3247 301 3320 angulo
331 3229 636 3319 jacentem
699 3245 998 3318 leprosum
1045 3247 1251 3302 scissis
1302 3247 1634 3318 panniculis
1693 3263 1758 3301 ac
1790 3229 1832 3295 (ἶ
1865 3261 1959 3315 ego
2004 3246 2206 3301 mundo
2236 3247 2374 3316 (Gal.
2408 3265 2486 3312 v1,
2519 3249 2629 3318 M),
2664 3248 2748 3303 sic
2796 3247 3060 3303 funditus
3115 3246 3274 3302 curis
3331 3246 3512 3317 hujus

109 3333 384 3391 ulceribus
414 3334 701 3400 obsitum,
729 3334 924 3389 lurida
968 3335 1272 3405 putredine
1302 3335 1588 3400 tabidum,
1623 3334 1746 3405 qui,

109 3423 270 3478 nimia
314 3439 563 3496 pressus
604 3421 968 3494 aegritudine,
1002 3422 1281 3493 nequibat
1327 3439 1594 3493 gressum
1631 3440 1748 3476 mo-

113 3527 228 3567 vere
255 3513 464 3584 vixque
515 3515 745 3583 poterat
795 3527 863 3566 ex
911 3511 1078 3566 effeto
1127 3527 1364 3582 corpore
1395 3511 1569 3566 verba
1618 3527 1750 3582 pro-

117 3599 267 3654 ferre.
299 3601 403 3657 Cui
435 3599 809 3656 venerandus
841 3605 1004 3670 pater
1034 3599 1282 3671 genibus
1313 3599 1502 3653 afﬁxis
1533 3600 1633 3654 diu
1665 3603 1754 3654 est

115 3686 462 3744 familiariter
490 3687 747 3756 locutus,
772 3690 828 3742 et
857 3688 1109 3758 propriis
1140 3687 1464 3742 involutum
1494 3687 1754 3743 vestibus

117 3775 226 3831 suis
253 3777 451 3832 intulit
492 3776 763 3831 humeris
795 3776 866 3831 ad
899 3776 1113 3831 lectum
1148 3776 1244 3847 qui
1279 3775 1386 3831 sibi
1433 3775 1754 3847 pontiﬁcali

117 3879 257 3920 more
285 3865 481 3921 fuerat
512 3869 905 3936 praeparatus;
934 3863 1406 3935 intrinsecusque
1428 3865 1632 3934 januis
1662 3866 1759 3920 ob-

114 3952 300 4008 seratis
356 3969 424 4008 ac
487 3951 762 4007 ministro
796 3956 1086 4024 soporato,
1121 3952 1246 4023 ipse
1303 3952 1482 4006 solitae
1543 3952 1761 4007 institit

115 4039 432 4109 psalmodiis
462 4041 524 4096 in
573 4041 761 4096 vicino
795 4041 1069 4096 oratorio.
1105 4041 1350 4096 Domum
1408 4045 1541 4112 post
1572 4040 1757 4096 diuti—

116 4143 237 4183 nam
265 4129 470 4186 horam
512 4133 748 4184 assueto
801 4146 913 4185 usu
968 4129 1133 4184 humi
1185 4129 1508 4185 cubaturus
1565 4130 1756 4198 rediit,

116 4214 394 4288 leprosum
428 4233 611 4292 quem
661 4222 955 4273 exstructo
1007 4217 1294 4272 locaverat
1346 4222 1468 4273 toro
1521 4218 1761 4273 minime

120 4306 344 4376 reperit,
403 4305 725 4362 excitatum
784 4322 1034 4377 puerum
1103 4306 1423 4378 interrogat
1478 4323 1762 4377 quorsum

125 4407 330 4465 pauper
379 4394 612 4450 abierit.
649 4392 750 4449 Ille
779 4394 1066 4449 attonitus
1113 4399 1355 4449 cunctos
1404 4394 1613 4449 circuit
1662 4411 1763 4449 an-

124 4479 277 4550 gulos
305 4481 544 4548 domus,
578 4482 866 4538 ostiorum
911 4481 1158 4538 sollicite
1199 4487 1387 4538 tentat
1415 4483 1630 4552 aditus,
1664 4484 1765 4539 sed

1855 3333 1985 3388 vitae
2037 3336 2281 3390 curabat
2327 3336 2760 3403 abrenuntiare,
2805 3341 2870 3390 ut
2919 3335 2977 3388 in
3027 3351 3266 3406 corpore
3317 3335 3510 3390 adhuc

1857 3423 2084 3493 positus
2115 3424 2409 3478 videretur
2448 3424 2675 3479 beatam
2726 3423 3000 3495 angelica;
3050 3422 3509 3480 conversationis

1861 3511 2171 3582 puritatem
2196 3527 2477 3565 exercere.
2494 3511 2601 3564 Pro
2622 3510 3032 3566 defunctorum
3052 3527 3285 3583 quoque
3306 3511 3509 3583 requie

1860 3599 2333 3669 incorruptorum
2382 3603 2882 3654 sacramentorum
2931 3598 3304 3655 celebrationi
3335 3598 3508 3656 solito

1862 3686 2228 3758 frequentius
2268 3687 2626 3757 invigilabat.
2659 3688 2729 3742 Et
2771 3705 3111 3760 quanquam
3142 3688 3237 3744 hic
3265 3687 3432 3745 labor
3459 3688 3513 3745 ei

1864 3776 2068 3831 fuisset
2093 3775 2421 3846 praecipuus
2443 3779 2562 3831 toto
2583 3781 2843 3848 tempore
2860 3778 2950 3833 sui
2973 3776 3518 3846 incolatus,ferven-

1865 3865 1996 3920 tiori
2029 3869 2223 3919 tamen
2258 3864 2452 3919 studio
2493 3869 2550 3919 et
2588 3865 2909 3936 copiosiore
2955 3871 3223 3922 votorum
3271 3881 3517 3923 numero

1867 3953 2176 4009 insistebat
2207 3957 2324 4007 tam
2349 3952 2602 4024 glorioso
2625 3953 2782 4024 operi
2813 3953 2965 4008 circa
2985 3955 3140 4010 diem
3171 3954 3265 4008 sui
3295 3953 3514 4010 obitus.

1870 4043 1936 4096 Et
1954 4041 2229 4112 quoniam
2249 4040 2568 4095 divinitatis
2587 4041 2968 4112 providentia,
2983 4047 3108 4097 tum
3130 4041 3514 4115 indulgendo,

1868 4135 1996 4186 tum
2029 4130 2384 4184 verberando
2429 4133 2703 4200 operatur
2731 4130 2978 4186 salutem
3027 4131 3139 4186 sibi
3189 4132 3520 4204 obsequen-

1871 4220 2040 4285 tium,
2069 4219 2138 4273 ad
2168 4219 2402 4273 virtutis
2433 4217 2735 4273 cumulum
2757 4234 2892 4274 eum
2921 4221 3064 4275 adeo
3090 4218 3405 4293 ﬂagellavit
3436 4219 3518 4274 af-

1875 4307 2127 4362 flictione
2158 4306 2458 4362 salutifera
2489 4309 2572 4373 ut,
2598 4306 2824 4378 perdito
2846 4307 3038 4362 omnis
3069 4307 3180 4363 cibi
3212 4307 3523 4374 desiderio,

1874 4397 2183 4467 irrcpentis
2207 4396 2391 4450 morbi
2425 4394 2589 4450 dolor
2606 4411 2739 4450 eum
2763 4395 3104 4450 continuare
3132 4399 3366 4467 cogeret
3395 4412 3523 4466 qua:

1877 4483 2014 4539 olim
2038 4488 2244 4553 sponte
2265 4485 2567 4540 exercebat
2581 4482 3028 4554 jejunia,solius
3050 4482 3299 4555 lymphas
3322 4483 3528 4554 poculo

126 4568 306 4626 omnia
355 4570 663 4627 inveniens
711 4571 1000 4638 obserata,
1047 4587 1181 4625 cum
1231 4587 1467 4625 summa
1514 4573 1766 4626 admira-
1803 4595 1847 4658 Ι)
1881 4571 2138 4627 marcido
2191 4573 2413 4643 corpori
2479 4573 2772 4644 praebente
2831 4570 3248 4627 sustentacula.
3310 4572 3535 4628 Interea

127 4654 269 4713 tione
314 4659 665 4732 regreditur.
701 4658 819 4715 Hoc
847 4675 984 4731 ergo
1016 4659 1164 4714 facto
1197 4660 1470 4731 stupidus
1518 4662 1770 4716 domnus

131 4744 472 4815 apostolicus
522 4747 619 4802 dat
670 4747 824 4804 fessa
877 4747 1208 4818 soporifera:
1259 4747 1438 4820 quieti
1490 4750 1771 4816 membra,

130 4835 180 4886 et
219 4827 412 4892 nescio
465 4836 609 4908 quid
659 4833 842 4891 divini
902 4835 962 4891 in
1023 4836 1244 4892 somnis
1304 4853 1568 4906 cernens,
1602 4855 1774 4894 mane

132 4935 292 4989 puero
342 4940 479 4979 cum
534 4925 791 4981 terriﬁca
822 4924 1208 4980 admiratione
1248 4925 1496 4997 imperat
1545 4944 1616 4981 ne
1658 4928 1772 4995 cui,

135 5011 306 5077 quoad
356 5013 599 5081 viveret,
637 5012 758 5068 ullo
817 5014 991 5068 modo
1051 5015 1328 5084 panderet
1366 5016 1520 5086 quod
1580 5021 1772 5071 actum

134 5095 322 5154 fuerat.
367 5100 573 5167 Credo,
627 5101 711 5155 illi
771 5102 831 5156 in
883 5101 1108 5157 somnis
1157 5102 1446 5168 Christus,
1496 5109 1561 5158 ut
1611 5106 1776 5160 beato

142 5182 372 5244 Martino
421 5189 707 5261 pontiﬁci,
741 5191 870 5260 ejus
904 5191 1146 5244 indutus
1177 5191 1436 5246 vestibus
1487 5193 1776 5263 apparuit,

138 5279 228 5329 aut
265 5277 421 5332 velut
473 5277 790 5350 Martyrius
836 5279 1159 5334 monachus
1190 5281 1324 5350 (53),
1359 5279 1658 5351 leprosum
1710 5283 1780 5336 de

140 5362 250 5417 suis
278 5365 644 5421 exsilientem
697 5365 854 5422 ulnis
903 5367 1113 5422 coelum
1164 5369 1478 5423 ascendere
1526 5368 1688 5433 vidit,
1723 5374 1782 5424 et

143 5461 302 5506 causa
349 5452 726 5521 humilitatis,
760 5469 832 5508 ne
877 5455 987 5509 sibi
1033 5470 1135 5525 pro
1189 5454 1450 5509 humana
1496 5456 1669 5510 laude
1697 5456 1778 5508 vi-

1882 4660 2110 4716 evoluto
2143 4661 2279 4714 anni
2333 4661 2492 4727 orbe,
2527 4661 2785 4715 instabat
2814 4660 2941 4731 ejus
2988 4659 3372 4716 ordinationis
3410 4659 3537 4716 dies

1883 4749 2339 4813 anniversarius,
2393 4750 2451 4803 in
2513 4765 2628 4820 quo
2683 4748 2852 4805 solito
2911 4747 3172 4805 devotius
3220 4747 3538 4820 quotannis

1884 4837 2113 4893 Christo
2163 4838 2276 4908 piis
2316 4837 2624 4892 insistebat
2672 4839 2964 4909 precibus.
3018 4837 3294 4904 Quamvis
3340 4838 3538 4909 itaque

1885 4925 2187 4998 languoris
2218 4926 2578 4982 invalescens
2611 4925 2885 4983 molestia
2918 4925 3142 5000 fatigati
3165 4925 3380 4982 divinis
3409 4942 3541 4998 ope-

1885 5016 2050 5070 ribus
2089 5015 2349 5086 corporis
2396 5016 2514 5085 jam
2565 5014 2898 5070 debilitaret
2944 5005 3282 5087 praecordia,
3315 5015 3535 5088 Spiritu

1887 5109 2089 5160 sancto
2121 5110 2316 5158 tamen
2361 5104 2692 5172 roboratus,
2723 5121 2757 5158 a
2786 5120 2902 5174 quo
2942 5108 3100 5160 totus
3130 5105 3260 5174 ejus
3291 5105 3416 5162 vitae
3449 5103 3538 5159 di-

1888 5194 2185 5265 rigebatur
2241 5209 2471 5258 cursus,
2505 5208 2639 5246 cum
2697 5192 3027 5264 apostolicae
3086 5193 3388 5265 dignitatis
3435 5192 3538 5246 ho-

1890 5299 2029 5338 nore
2059 5299 2125 5336 eo
2165 5282 2256 5336 die
2305 5281 2621 5336 missarum
2671 5280 2972 5336 celebrans
3020 5280 3328 5351 solemnia,
3360 5285 3540 5334 Bene-

1889 5375 2190 5436 ventanos,
2224 5385 2358 5424 cum
2411 5369 2629 5440 quibus
2677 5373 2818 5424 tunc
2866 5369 3224 5434 morabatur,
3269 5365 3539 5437 gratiﬁca:

1892 5458 2248 5513 alfabilitutis
2279 5456 2622 5512 cxhilaravit
2651 5456 2864 5512 lmtitia.
2893 5459 2957 5511 Et
2987 5457 3094 5510 hoc
3126 5453 3233 5508 fuit
3263 5451 3536 5506 ultimum

204 5557 308 5637 i533)
339 5559 420 5614 De
449 5576 518 5637 eo
549 5560 673 5632 agit
705 5561 910 5616 beatus
941 5560 1254 5632 Gregorius
1285 5560 1528 5616 homilia
1557 5563 1625 5615 39
1656 5562 1712 5617 in
1736 5562 2069 5637 Evangelia.
2096 5565 2290 5619 Vitam
2321 5580 2455 5618 vero
2487 5563 2646 5618 illius
2677 5563 2910 5618 exhibet
2938 5559 3250 5617 Bollandus
3280 5558 3349 5612 ad
3383 5554 3535 5609 diem

155 5625 216 5679 23
244 5625 527 5688 Januarii.
