3880 6412
399 506 521 570 303

1776 513 1838 574 S.
1885 511 2038 573 LEO
2079 509 2159 572 IX
2200 510 2425 572 PAPA.

3706 508 3810 573 804

399 619 461 702 in
493 640 708 701 divinis
755 643 1134 703 sacramentis
1180 642 1549 718 obsequium,
1579 644 1746 718 quasi
1798 643 2038 702 viviﬁcis
2068 643 2126 712 Α
2154 646 2411 702 astantes
2441 640 2757 717 respiciens
2789 639 3038 718 singulis
3068 657 3172 719 pro
3207 641 3320 702 sibi
3350 639 3624 701 exhibito
3657 640 3812 699 obse-

399 731 733 790 valodicens
771 733 1080 806 mysteriis,
1114 734 1327 807 quibus
1367 751 1598 806 semper
1627 750 1688 790 se
1719 735 2042 806 prmbuerat

403 821 670 896 dignum.
705 821 1062 879 Certiﬁcatus
1093 827 1286 879 autem
1319 824 1390 878 de
1421 840 1541 879 suae
1580 823 1896 880 vocationis
1929 827 2040 879 ter-

401 911 583 981 mino,
629 911 874 968 Romam
918 927 978 966 se
1025 911 1158 966 ferri
1209 911 1342 966 fecit
1388 911 1600 966 lecticae
1647 911 1929 967 vehiculo.
1977 913 2040 967 In

403 1016 520 1076 quo
548 999 756 1056 itinere
787 999 870 1055 sic
890 1015 1022 1056 eum
1057 999 1384 1056 conciliavit
1403 999 1673 1056 divinitas
1701 1017 1817 1056 non
1849 999 2040 1056 solum

403 1088 550 1157 suis,
570 1105 770 1146 verum
799 1087 976 1144 etiam
1005 1088 1096 1144 his
1119 1089 1218 1160 qui
1244 1105 1431 1162 nuper
1451 1089 1680 1144 fuerant
1708 1089 1952 1156 inimici,
1976 1093 2043 1146 ut

401 1178 635 1251 copiosa
665 1194 876 1234 manus
921 1177 1412 1246 Normannorum,
1438 1196 1586 1250 quos
1634 1196 1814 1250 supra
1841 1178 2041 1234 retuli-

399 1284 534 1325 mus
563 1267 664 1324 diu
695 1283 828 1324 cum
859 1267 969 1323 hoc
1013 1267 1137 1324 viro
1185 1269 1462 1324 habuisse
1494 1267 1826 1336 dissidium,
1861 1269 2040 1324 totius

397 1357 580 1414 animi
609 1357 1012 1414 sincerissima
1042 1357 1342 1414 devotione
1381 1375 1444 1412 se
1487 1357 1732 1412 invicem
1764 1357 2040 1429 praeveni-

397 1449 529 1502 rent
560 1447 630 1502 ad
660 1447 788 1518 ejus
827 1447 1196 1518 obsequium.
1231 1447 1300 1501 Et
1337 1447 1577 1501 decebat
1615 1445 1817 1518 utique
1848 1447 2038 1502 fortis-

396 1535 618 1592 simum
650 1535 1016 1591 defensorem
1047 1534 1384 1590 Christianae
1432 1533 1726 1607 religionis
1769 1539 1853 1602 ut,
1887 1536 2040 1608 regis

399 1622 495 1681 sui
543 1621 758 1680 Christi
814 1623 1082 1679 aditurus
1136 1621 1370 1696 palatia,
1419 1623 1802 1678 deduceretur
1858 1623 2040 1680 nobili

399 1711 700 1783 triumpho
743 1712 1016 1779 victoriae,
1049 1716 1340 1784 praeeunte
1371 1711 1590 1767 scilicet
1629 1712 1888 1768 hostium
1913 1713 2039 1784 jam

401 1801 849 1874 subjugatorum
892 1801 1291 1856 mansuefacta
1327 1799 1722 1856 multitudine.
1756 1801 2042 1872 Aliquan-

400 1889 593 1946 tulum
645 1906 780 1963 ergo
830 1894 1225 1946 commoratus
1274 1889 1332 1944 in
1383 1889 1756 1946 Lateranensi
1805 1889 2040 1963 palatio,

398 1977 844 2051 prmstolabatur
873 1979 1016 2051 quid
1047 1979 1116 2034 de
1148 1995 1210 2035 se
1239 1982 1522 2034 statueret
1571 1978 1786 2035 interni
1815 1979 2039 2036 Judicis

399 2067 858 2124 clementissima
913 2067 1240 2140 dispositio.
1295 2071 1506 2124 Beatus
1564 2071 1758 2123 autem
1816 2067 2042 2135 Petrus,

397 2174 514 2214 non
545 2157 858 2214 immemor
885 2157 1095 2213 diutini
1137 2155 1369 2213 sudoris
1401 2173 1514 2228 quo
1545 2156 1657 2212 sibi
1696 2156 1755 2212 in
1792 2157 2042 2228 regendo

399 2245 533 2303 ovili
565 2245 832 2302 Ecclesiae
873 2245 1140 2302 adfuerat
1185 2249 1520 2317 cooperator
1566 2245 1658 2300 hic
1689 2245 1776 2300 vir
1823 2261 2042 2301 memo-

397 2334 626 2404 rabilis,
656 2350 791 2392 eum
831 2335 942 2389 sibi
987 2333 1236 2390 vicinius
1285 2333 1624 2390 deliberavit
1670 2335 2042 2407 conjungere,

401 2425 603 2496 utpote
655 2422 996 2494 participem
1043 2423 1308 2478 futurum
1361 2423 1653 2494 magnifici
1703 2423 1942 2479 honoris
1987 2429 2045 2479 et

401 2510 597 2585 gloriae
628 2527 804 2583 quam
837 2511 1055 2566 summi
1095 2510 1349 2567 Pastoris
1397 2515 1686 2582 praeeunte
1715 2512 1902 2584 gratia
1931 2512 2044 2568 Ro-

402 2615 588 2656 manae
646 2599 962 2672 impertivit
1009 2599 1296 2656 Ecclesiae.
1339 2599 1542 2656 Divina
1588 2599 1786 2673 itaque
1830 2601 2039 2657 revela-

401 2688 556 2746 tione
587 2691 676 2744 est
721 2687 960 2744 edoctus
991 2689 1144 2760 quod
1181 2705 1296 2744 non
1344 2687 1489 2744 alias
1537 2705 1671 2744 eum
1720 2694 2044 2746 remaneret

401 2777 590 2836 carnis
637 2777 934 2843 resolutio,
968 2777 1080 2833 nisi
1139 2777 1198 2832 in
1246 2777 1390 2834 locis
1437 2777 1589 2833 beati
1639 2777 1788 2834 Petri
1833 2778 2042 2834 vicinis

399 2866 670 2926 oratorio.
699 2869 818 2923 Nec
860 2882 1022 2922 mora
1053 2883 1066 2922 :
1101 2865 1570 2938 gratulabundus
1609 2883 1784 2938 super
1828 2867 1928 2923 tali
1959 2868 2042 2923 vi-

403 2956 587 3026 sione,
640 2969 820 3026 seque
874 2953 1202 3027 intelligens
1258 2944 1448 3011 vocari
1506 2953 1686 3010 divini
1741 2959 2042 3027 respectus

404 3043 800 3108 miseratione,
847 3042 1052 3098 lectica
1097 3043 1286 3098 denuo
1343 3043 1676 3110 subvectus,
1725 3043 2040 3100 oratorium

403 3131 559 3190 beati
589 3130 741 3188 Petri
769 3134 858 3186 est
885 3129 1205 3202 ingressus.
1242 3130 1324 3185 Ibi
1367 3148 1436 3186 ex
1466 3130 1583 3186 imo
1627 3131 1817 3188 cordis
1862 3133 2040 3190 fundo

398 3219 676 3294 lacrymis
707 3218 1210 3291 permanantibus,
1244 3219 1315 3273 ad
1358 3223 1540 3274 Deum
1591 3221 1902 3278 extendens
1933 3239 2041 3294 pu-

402 3326 529 3366 ram
573 3313 828 3365 mentem
885 3323 1019 3362 cum
1077 3307 1372 3373 manibus,
1405 3307 1734 3364 diutissime
1789 3309 2040 3366 clemen-

401 3398 544 3455 tiam
573 3396 803 3454 Domini
833 3395 1071 3452 secretis
1119 3395 1398 3451 invocavit
1444 3397 1734 3467 precibus.
1763 3397 1906 3453 Dein
1938 3399 2040 3455 de-
2072 3381 2114 3448 C

401 3488 557 3544 latus
595 3487 655 3542 in
696 3485 947 3542 vicinam
997 3484 1274 3556 episcopii
1327 3485 1588 3554 domum,
1636 3485 1906 3543 visitatus
1957 3491 2046 3543 est

400 3575 728 3651 frequentia
771 3573 1035 3630 ﬁdelium
1082 3589 1325 3630 summa:
1378 3573 1707 3631 dilectionis
1744 3576 1932 3647 gratia
1971 3577 2041 3631 ad

397 3682 536 3724 eum
574 3661 1014 3721 conﬂuentium.
1047 3664 1304 3728 Quorum
1347 3662 1445 3734 pia
1494 3663 1878 3721 consideratio
1910 3682 2040 3738 per-

398 3755 662 3828 pendens
709 3768 823 3808 non
855 3751 1078 3806 diutius
1107 3766 1243 3806 eum
1296 3751 1664 3807 retinendum
1712 3755 1902 3810 carnis
1948 3771 2037 3812 er-

394 3841 626 3918 gastulo
657 3839 910 3896 decrevit
951 3842 1033 3910 ut,
1067 3839 1344 3910 quoniam
1384 3839 1578 3912 plures
1607 3841 2034 3916 episcoporum,

379 3932 674 3995 abbatum
703 3931 1162 4000 ceterorumque
1190 3927 1450 3984 ﬁdelium
1481 3930 1877 3987 conﬂuxerant
1911 3935 2032 3988 tur-

380 4021 500 4090 ,be,
529 4019 616 4075 eis
645 4017 1032 4090 praesentibus
1061 4017 1443 4088 inungeretur
1471 4018 1620 4073 sacri
1643 4017 1752 4074 olei
1783 4019 2028 4092 liquore.

391 4109 579 4180 Super
608 4123 721 4178 quo
767 4107 914 4162 facto
961 4103 1318 4162 exhilaratus
1363 4123 1785 4179 usquequaque
1837 4110 2028 4166 muni-

392 4202 608 4270 tusque
660 4193 944 4250 Dominici
987 4193 1244 4266 corporis
1299 4197 1356 4250 et
1407 4193 1714 4268 sanguinis
1765 4213 2026 4255 commu-

371 4286 586 4354 nione,
619 4283 936 4340 Teutonica
961 4282 1181 4355 lingua,
1207 4286 1272 4339 ut
1303 4283 1494 4340 testati
1524 4287 1667 4339 sunt
1696 4284 1796 4357 qui
1825 4287 2025 4343 adfue-

382 4379 546 4444 runt,
575 4372 677 4430 tali
708 4388 842 4429 cum
873 4373 987 4428 Deo
1027 4371 1256 4429 locutus
1286 4376 1374 4428 est
1412 4371 1671 4428 oratione
1705 4390 1752 4428 τι
1787 4373 2023 4431 Misera-

383 4468 472 4524 tor
517 4463 782 4530 Domine,
815 4461 1077 4518 omnium
1136 4461 1504 4532 Redemptor,
1540 4460 1711 4516 unica
1757 4461 2018 4533 salvatio,

379 4555 430 4612 si
453 4552 684 4626 judicas
711 4551 976 4626 expedire
1007 4549 1192 4606 oculis
1232 4554 1345 4605 tuae
1389 4549 1710 4620 maiestatis
1741 4553 1804 4605 ut
1832 4551 2020 4608 adhuc

377 4641 674 4701 communi
723 4640 958 4698 utilitati
1002 4637 1350 4712 populorum
1395 4641 1631 4694 tuorum
1679 4637 2012 4709 inserviam,

2150 733 2287 806 quio
2319 733 2537 806 gratias
2580 732 2796 801 retulit,
2829 734 3099 808 fessaque
3139 733 3408 790 membra
3431 733 3509 790 ad
3541 732 3810 806 requiem

2150 839 2504 894 componens
2536 821 2899 880 tolerabilius
2947 821 3116 880 solito
3166 837 3228 880 se
3277 821 3544 880 dolerem
3599 819 3811 880 sentire

2149 909 2467 984 perhibuit.
2499 911 2757 968 Credidit
2793 911 3304 968 circumstantium
3343 910 3622 968 ﬁdelium
3669 911 3810 968 mul-

2149 999 2340 1056 titudo
2369 1015 2502 1056 mox
2531 1015 2666 1056 eum
2695 1001 3108 1074 depositurum
3139 999 3332 1058 carnis
3377 999 3654 1079 exuvias,
3691 1017 3811 1058 sus-

2149 1088 2500 1162 piriosisque
2535 1088 2896 1163 singultibus
2929 1089 3322 1164 proficiscenti
3343 1089 3562 1147 animas
3588 1105 3816 1163 compe-

2147 1181 2335 1235 tentes
2365 1177 2623 1236 solvebat
2669 1179 2996 1252 exsequias.
3031 1179 3292 1244 Quorum
3331 1195 3505 1236 voces
3555 1179 3815 1252 compri-

2149 1283 2314 1323 mens
2345 1267 2551 1323 beatus
2591 1266 2678 1323 vir
2709 1285 2722 1324 :
2753 1289 2780 1318 «
2813 1267 2951 1339 Hoc,
2987 1267 3202 1341 inquit,
3234 1267 3389 1339 quod
3421 1283 3590 1324 nunc
3623 1268 3814 1342 agitur

2149 1357 2374 1412 differte
2404 1356 2464 1411 in
2496 1357 2701 1412 horam
2732 1356 2960 1412 tertiam
2992 1356 3106 1412 diei
3137 1355 3429 1424 crastinas,
3461 1364 3813 1430 exspectan-

2149 1448 2234 1502 tes
2263 1445 2402 1517 quid
2433 1446 2504 1501 de
2534 1462 2626 1500 me
2675 1444 2899 1518 placeat
2945 1445 3379 1518 omnipotentis:
3429 1444 3558 1502 Dei.
3589 1469 3619 1496 ››
3654 1447 3815 1520 Vigi-

2150 1533 2380 1590 lantiori
2429 1533 2608 1606 igitur
2637 1533 2964 1599 affectione,
2995 1537 3228 1606 postero
3278 1532 3392 1601 die,
3425 1533 3628 1590 adfuit
3677 1535 3817 1592 hora
3862 1560 3869 1569 -

2147 1623 2321 1678 tertia
2349 1622 2583 1694 copiosa
2630 1621 2894 1678 fidelium
2941 1621 3298 1694 frequentia,
3327 1625 3386 1678 et
3413 1621 3578 1678 circa
3609 1623 3819 1680 horam

2150 1727 2386 1777 nonam,
2415 1709 2738 1767 resolutum
2766 1727 2939 1766 carne
2971 1709 3249 1783 spiritum
3279 1710 3589 1784 caelosque
3621 1717 3820 1786 peten-

2149 1804 2269 1856 tem
2334 1801 2631 1855 deducunt
2693 1797 3201 1856 commendatione
3249 1799 3666 1858 devotissima.
3729 1802 3823 1858 Af-

2151 1889 2366 1946 ﬂuente
2396 1892 2592 1944 autem
2624 1889 2805 1944 totius
2850 1889 3126 1944 Romanis
3165 1887 3354 1960 plebis
3403 1888 3820 1959 multitudine,

2153 1994 2287 2033 cum
2320 1994 2552 2034 summo
2583 1977 2800 2033 honore
2831 1978 2959 2049 ejus
2991 1976 3296 2034 celebrata:
3325 1980 3466 2034 sunt
3497 1979 3822 2052 exsequiae,

2152 2070 2230 2134 et,
2263 2065 2414 2122 sicut
2455 2067 2578 2138 ipse
2608 2065 2998 2138 disposuerat,
3032 2065 3299 2138 sepultus
3329 2070 3420 2123 est
3457 2067 3642 2140 juxta
3669 2069 3820 2125 beati

2152 2154 2444 2228 pontificis
2485 2154 2744 2228 Gregorii
2801 2155 2982 2211 altare
3043 2157 3176 2211 ante
3222 2155 3379 2212 fores
3427 2156 3723 2214 ecclesiae.
3757 2159 3822 2215 Et

2152 2243 2358 2300 merito
2390 2243 2446 2298 in
2491 2244 2696 2303 decore
2735 2242 3052 2316 sepulturae
3081 2241 3168 2298 illi
3218 2247 3410 2300 exstat
3458 2247 3818 2318 conjunctus

2153 2349 2327 2405 quem
2357 2331 2417 2386 in
2447 2331 2644 2387 divina
2692 2330 2972 2404 religione
3020 2349 3087 2388 ac
3133 2336 3348 2389 sanctas
3395 2333 3679 2390 Ecclesia
3731 2335 3818 2392 in-

2153 2420 2511 2478 stauratione
2556 2425 2644 2476 est
2691 2419 2939 2476 fideliter
2965 2420 3253 2480 imitatus.
3285 2421 3470 2494 Cujus
3519 2422 3712 2480 vitam
3763 2428 3816 2480 et

2152 2510 2521 2566 sanctitatem
2552 2509 2793 2582 quidam
2842 2509 3000 2566 brevi
3039 2508 3294 2567 disticho
3327 2510 3414 2567 sic
3462 2514 3556 2569 est
3605 2528 3818 2586 prose-

2153 2601 2322 2654 cutus
2354 2615 2367 2653 :

2274 2749 2470 2801 Victrix
2500 2749 2664 2813 Roma
2693 2746 2838 2813 dolet
2865 2759 3010 2813 nono
3043 2747 3274 2813 viduata
3291 2750 3494 2813 Leone,

2335 2813 2410 2861 Ex
2437 2811 2621 2861 multis
2650 2811 2808 2862 talem
2839 2821 2951 2862 non
2980 2810 3092 2874 [al.,
3121 2812 3232 2875 vix]
3265 2810 3520 2865 habitura
3547 2814 3791 2866 Patrem.

2149 2953 2466 3026 Exemptus
2495 2955 2584 3010 est
2621 2955 2818 3010 autem
2845 2952 2940 3009 hic
2969 2952 3056 3009 vir
3105 2953 3460 3028 magniﬁcus
3507 2957 3585 3013 ab
3637 2957 3822 3032 hujus

2148 3041 2276 3098 vitae
2325 3041 2646 3109 laboribus,
2691 3046 2856 3098 aetate
2905 3041 3478 3116 quinquagenarius,
3509 3061 3673 3102 anno
3725 3047 3822 3104 In-

2151 3129 2506 3187 carnationis
2561 3129 2872 3187 Dominicae
2940 3129 3256 3188 millesimo
3311 3132 3823 3208 quinquagesimo

2151 3219 2354 3291 quinto
2385 3220 2517 3290 (54),
2551 3220 2874 3276 Leucorum
2914 3219 3288 3292 episcopatus
3328 3220 3622 3294 vigesimo
3657 3228 3822 3282 octa-

2149 3324 2241 3378 vo,
2272 3307 2634 3380 apostolatus
2665 3311 2861 3364 autem
2891 3312 3070 3364 sexto.
3092 3307 3397 3380 Siquidem
3429 3310 3634 3368 Romae
3667 3313 3826 3370 sedit

2153 3397 2323 3454 annis
2345 3397 2621 3468 quinque,
2645 3395 2888 3468 adjectis
2909 3397 3142 3455 duobus
3172 3397 3479 3456 mensibus
3508 3405 3568 3456 et
3600 3418 3823 3459 novem

2153 3485 2381 3554 diebus,
2413 3484 2654 3558 impleta
2681 3485 2902 3542 visione
2929 3501 3106 3558 quam
3137 3503 3318 3559 supra
3348 3487 3421 3543 de
3455 3489 3826 3548 revelatione

2151 3573 2400 3630 calicum
2430 3572 2759 3630 retulimus.
2784 3573 2932 3632 Nam
2959 3573 3223 3647 quinque
3252 3573 3483 3646 calices,
3507 3577 3621 3634 eia
3641 3579 3824 3637 beato

2149 3662 2316 3719 Petro
2374 3662 2587 3730 collati,
2629 3663 2942 3735 signabant
2991 3662 3432 3736 quinquennale
3487 3667 3624 3738 ejus
3683 3667 3823 3726 vitis

2149 3751 2439 3824 spatium;
2464 3750 2673 3824 reliqui
2694 3754 2834 3818 tres,
2857 3750 2949 3808 sui
2971 3752 3330 3809 successoris
3351 3752 3614 3812 Victoris
3634 3755 3824 3816 trien-

2147 3841 2346 3908 nium;
2381 3855 2634 3911 sequens
2665 3856 2841 3907 unus,
2874 3840 3054 3896 beatas
3086 3841 3383 3898 memoriae
3413 3842 3722 3903 Frederici
3756 3847 3820 3904 in

2143 3928 2471 4002 apostolatu
2505 3929 2680 3986 unius
2709 3928 2848 3986 anni
2871 3945 3132 3986 cursum.
3152 3931 3262 3986 Sed
3289 3931 3576 4004 quoniam
3610 3933 3822 3994 adhuc

2141 4022 2365 4074 restant
2393 4016 2650 4090 plurima
2685 4017 2759 4074 ad
2811 4017 3126 4074 dicendum
3157 4034 3286 4090 quae
3335 4019 3409 4076 ad
3461 4019 3596 4092 ejus
3648 4025 3818 4080 tum-

2137 4107 2275 4162 bam
2307 4107 2458 4162 ﬁunt
2488 4105 2683 4162 divina
2712 4106 2928 4178 pietate
2965 4105 3271 4174 miracula,
3304 4107 3596 4165 Romanis
3629 4111 3819 4169 relin-

2139 4194 2376 4268 quimus
2413 4195 2721 4263 exaranda,
2755 4195 2815 4251 in
2846 4211 3099 4267 quorum
3149 4195 3354 4252 diatim
3403 4199 3822 4258 ostenduntur

2134 4283 2460 4356 praesentia.
2495 4284 2774 4340 Nostrum
2803 4287 2894 4341 est
2935 4285 3063 4356 ejus
3094 4285 3306 4342 merita
3346 4285 3580 4344 devotis
3613 4292 3814 4362 preci-

2133 4372 2245 4428 bus
2295 4389 2552 4444 exorare,
2583 4377 2648 4429 ut
2693 4373 2914 4429 viscera
2968 4371 3204 4446 pietatis
3251 4376 3309 4430 et
3353 4373 3812 4446 misericordia,

2132 4460 2349 4532 quibus
2376 4462 2434 4516 in
2465 4461 2741 4534 praesenti
2782 4461 3044 4520 abundat
3087 4460 3226 4530 vita,
3254 4478 3411 4519 nunc
3446 4462 3509 4520 in
3540 4481 3814 4540 superna

2129 4550 2356 4621 positus
2384 4549 2570 4622 gloria
2617 4549 2786 4606 nobis
2838 4550 3115 4623 dignetur
3162 4549 3424 4624 aperire;
3475 4559 3811 4626 quatenus,

2127 4640 2254 4712 ejus
2308 4643 2508 4695 sancto
2559 4637 2836 4710 sulfragio
2885 4637 3172 4708 scelerum
3224 4644 3577 4700 nostrorum
3631 4645 3813 4705 abru-

377 4748 622 4800 merear,
653 4747 774 4798 oro,
819 4727 990 4784 celeri
1035 4725 1326 4783 medicina
1371 4731 1483 4781 tuae
1533 4725 1882 4784 visitationis
1929 4729 2017 4785 in-
2049 4744 2096 4808 Ι)
2127 4728 2244 4802 ptis
2281 4727 2548 4796 nexibus,
2580 4743 2846 4800 supernae
2895 4741 3228 4784 mereamur
3275 4744 3407 4786 esse
3469 4732 3808 4807 participes

374 4821 586 4878 stantis
633 4818 994 4891 aegritudinis
1042 4817 1282 4873 evadere
1323 4815 1681 4884 molestiam;
1713 4816 1805 4873 sin
1857 4817 2015 4874 aliud

375 4907 597 4982 aliquid
641 4907 925 4962 deliberat
969 4909 1081 4961 tua
1133 4903 1453 4961 divinitatis
1502 4904 1884 4977 providentia,
1917 4907 2014 4964 de-

375 5011 597 5069 precor,
643 4993 917 5060 Domine,
953 4998 1020 5048 ut
1068 4993 1416 5065 quantocius
1467 4994 1818 5051 concedatur
1870 4996 2016 5052 mihi

373 5083 532 5140 exire
572 5081 752 5153 hujus
798 5081 1056 5154 corporis
1106 5081 1458 5138 habitaculo.
1493 5081 1698 5140 Finitis
1745 5085 2016 5157 precibus

2125 4816 2346 4890 gloriae,
2377 4833 2442 4872 eo
2474 4820 2768 4873 annuente
2797 4815 2899 4889 qui
2931 4816 2991 4872 in
3025 4815 3252 4874 sanctis
3281 4817 3410 4876 suis
3441 4817 3589 4878 facit
3620 4822 3808 4880 mira-

2127 4905 2286 4975 bilia,
2319 4923 2354 4962 a
2382 4904 2598 4978 quibus
2628 4904 2804 4962 etiam
2833 4904 2948 4961 sibi
2978 4907 3251 4962 cantatur
3280 4905 3414 4964 laus
3462 4911 3526 4966 et
3573 4912 3805 4984 gratia-

2125 5012 2258 5053 rum
2291 4995 2442 5052 actio
2474 4995 2534 5052 in
2564 4994 2776 5053 saecula
2804 4993 3175 5053 seculorum.
3199 4997 3411 5054 Amen.

444 5233 801 5310 (54)_Omnes
831 5233 1068 5290 omnino
1099 5238 1365 5310 auctores
1397 5235 1580 5290 sancti
1611 5235 1817 5292 Leonis
1847 5237 2073 5294 obitum
2106 5237 2176 5293 ad
2210 5253 2431 5294 annum
2464 5237 2600 5294 1054
2631 5239 2930 5306 revocant;
2964 5240 3098 5310 post
3121 5237 3292 5310 cujus
3323 5243 3588 5300 mortem
3625 5243 3804 5303 sedes

381 5305 543 5363 anno
561 5305 682 5363 fere
713 5306 939 5380 integro
968 5305 1213 5362 vacavit.
