3880 6418
459 431 574 496 811

1863 435 1926 498 8.
1973 435 2122 500 LEO
2164 435 2243 498 IX
2287 435 2519 498 PAPA.

3719 437 3805 500 512

462 573 654 630 benda
675 569 954 632 Romanis
974 571 1301 646 relinquere
1325 587 1451 644 quae
1473 571 1604 628 dein
1626 569 1781 644 Papa
1801 569 2098 628 Romanus
2127 570 2183 639 Α
2211 571 2356 628 Sunt
2379 587 2446 630 ea
2465 569 2662 630 omnia
2681 570 2741 630 in
2761 568 2940 630 tomis
2959 569 3352 631 Conciliorum
3369 572 3531 631 edita
3552 561 3656 631 sub
3675 572 3806 634 titulo

461 667 598 742 egit.
629 667 862 730 Verum,
896 668 1119 722 mutato
1150 661 1412 734 consilio,
1444 662 1820 736 postmodum
1853 679 1920 718 ea
1949 661 2099 718 libro

464 757 722 812 secundo
767 755 1084 828 proposuit.
1147 753 1339 809 Vitam
1382 753 1532 808 hanc
1599 769 1666 808 ex
1700 753 1840 808 Mss.
1878 751 2100 824 primus

463 845 648 902 edidit
668 844 924 901 Jacobus
955 843 1300 900 Sirmondus
1323 841 1474 914 typis
1494 841 1926 896 Parisiensibus
1947 857 2099 896 anno

463 931 732 990 MDCXV.
767 934 882 989 Nos
913 949 1038 988 eam
1086 931 1355 1004 pluribus
1382 930 1523 986 locis
1554 934 1787 986 auctam
1818 934 1873 986 et
1902 946 2098 986 emen-

462 1023 658 1080 datam
691 1023 900 1077 damus
917 1037 984 1076 ex
1009 1019 1226 1092 duplici
1249 1021 1441 1076 codice
1464 1020 1593 1083 Ms.,
1621 1019 1802 1075 altero
1823 1036 1889 1074 ex
1915 1019 2098 1092 impe-

461 1112 588 1168 riali
622 1111 972 1168 monasterio
995 1111 1052 1166 S.
1089 1109 1324 1165 Maximi
1349 1127 1524 1183 prope
1543 1109 1810 1164 Treviros
1841 1113 2094 1180 accepto,

459 1201 638 1258 altero
669 1200 903 1257 aliunde
932 1200 1303 1265 transmisso,
1337 1203 1393 1254 et
1425 1200 1617 1254 forsan
1650 1214 1718 1254 ex
1747 1197 2098 1254 bibliotheca

458 1289 796 1346 monasterii
828 1292 881 1344 S.
915 1288 1156 1345 Huberti
1186 1289 1244 1342 in
1275 1289 1564 1354 Ardenna,
1615 1287 1715 1342 ubi
1751 1288 1970 1342 scimus
2000 1304 2094 1343 ex-

454 1385 598 1436 tare.
629 1379 898 1436 Molanus
929 1379 986 1432 in
1019 1379 1144 1434 suis
1175 1377 1339 1433 Notis
1370 1377 1441 1433 ad
1474 1376 1724 1432 Usuardi
1755 1375 2092 1449 Martyrolo-

445 1470 618 1544 gium
647 1469 884 1535 indicat,
915 1491 941 1518 «
978 1469 1033 1522 in
1067 1466 1537 1523 Gerardi-montc
1567 1467 1637 1521 ad
1684 1467 1741 1521 S.
1773 1465 2090 1520 Adrianum

456 1559 788 1616 esseVitam
811 1555 1882 1629 ejus,percontemporaneum,duobus
1903 1553 2086 1610 libris.

525 1654 582 1706 2.
605 1649 790 1716 Alius,
819 1653 875 1704 et
906 1647 1142 1720 quidem
1174 1643 1438 1700 oculatus
1472 1642 1969 1715 testis,descripsit
1997 1660 2084 1698 ac-

458 1743 658 1796 curate
689 1738 980 1810 quomodo
1005 1737 1062 1791 S.
1091 1736 1194 1791 Leo
1216 1751 1277 1790 se
1300 1733 1504 1789 ultimo
1525 1733 1718 1788 triduo
1747 1731 2090 1804 praeparavit

457 1827 530 1883 ad
563 1825 786 1882 felicem
819 1825 1041 1881 obitum
1075 1842 1086 1879 :
1123 1823 1502 1894 adjungitque
1533 1820 1783 1876 illustria
1813 1826 1869 1876 et
1917 1818 2086 1892 plane

455 1915 722 1971 miranda
750 1912 1050 1979 miracula,
1093 1929 1221 1984 quae
1252 1910 1403 1966 intra
1433 1928 1493 1966 se
1523 1911 1596 1964 ab
1654 1912 1781 1980 ejus
1832 1909 2084 1964 transitu
2117 1943 2164 2008 B

452 2003 848 2078 hebdomadas
877 2002 1030 2057 ultra
1063 2000 1434 2074 septuaginta
1462 2000 1533 2055 ad
1565 2001 1695 2070 ejus
1749 1999 2084 2070 sepulcrum

452 2090 643 2150 Romae
675 2095 900 2165 patrata
931 2095 1086 2146 sunt.
1121 2091 1341 2146 Damus
1368 2090 1491 2144 haec
1522 2106 1556 2144 a
1586 2088 1754 2143 nobis
1785 2087 2083 2144 Florentiae

451 2199 602 2239 anno
631 2182 899 2239 MDCLXI
919 2181 1207 2252 descripta
1236 2197 1304 2236 ex
1333 2178 1527 2234 codice
1557 2177 1942 2232 illustrissimi
1990 2178 2084 2232 Se-

449 2271 670 2328 natoris
700 2269 884 2326 Caroli
918 2267 1153 2334 Strozzi,
1187 2269 1414 2339 signato
1468 2284 1630 2322 num.
1662 2267 1788 2332 690,
1821 2265 1919 2321 fol.
1941 2267 2080 2321 201:

449 2363 505 2417 et
537 2361 595 2415 in
624 2359 792 2415 titulo
823 2359 1146 2415 addebatur
1173 2374 1242 2414 ea
1261 2358 1571 2428 desumpta
1602 2372 1728 2411 esse
1759 2372 1826 2411 ex
1867 2354 2082 2410 Collec-

446 2449 604 2506 tione
633 2448 966 2505 Ofﬁciorum
1000 2447 1145 2502 Mss.
1178 2451 1254 2500 At
1286 2443 1568 2500 miracula
1597 2443 1764 2515 plura
1823 2448 1987 2499 erant
2023 2443 2081 2498 in

447 2539 556 2596 Ms.
589 2536 1106 2604 Hubertino,nobis
1139 2534 1278 2591 olim
1310 2552 1344 2589 a
1373 2534 1440 2588 D.
1474 2533 1799 2588 Romualdo
1831 2533 2085 2587 Hancart

448 2627 586 2684 dicti
616 2627 954 2684 monasterii
986 2625 1180 2680 Priore
1211 2622 1582 2691 transmissa,
1615 2639 1738 2694 qua:
1780 2622 1914 2677 inde
1955 2621 2083 2676 edi-

446 2722 663 2788 mus,et
677 2717 786 2773 sub
801 2717 974 2771 finem
994 2731 1061 2770 ex
1074 2713 1308 2786 praefato
1327 2709 1721 2766 Ms.nonnulla
1735 2709 2082 2782 supplemus

443 2807 846 2864 Ferdinandus
869 2799 1462 2877 Ughellus,tomonIl
1491 2798 1665 2854 Italim
1693 2800 1954 2865 sacrae,in
1978 2800 2081 2854 Be-

445 2890 1282 2964 neventanisArehiepiseopis,
1312 2890 1648 2962 pag.120,ex
1677 2887 1872 2944 codice
1901 2893 2079 2943 Bene-

445 2988 715 3051 ventano,
739 2982 950 3038 litteris
971 2978 1425 3052 Longobardicis
1447 2977 1863 3044 exarato,dedit
1881 2964 2078 3033 eadem

447 3075 519 3130 de
549 3061 728 3146 gestis
751 3070 943 3126 triduo
961 3073 1092 3125 ante
1114 3069 1420 3136 obitum,et
1441 3065 1737 3122 nonnullis
1756 3065 2078 3134 miraculis,

447 3163 548 3220 sed
563 3160 966 3226 contractiora,
987 3163 1042 3215 et
1059 3158 1194 3214 hinc
1214 3157 1347 3212 inde
1360 3156 1473 3211 alia
1490 3155 1687 3228 phrasi
1706 3155 2079 3228 amplificata,

449 3270 576 3326 quae
607 3249 920 3308 benevolus
950 3249 1152 3304 Lector
1192 3245 1400 3319 poterit
1430 3245 1646 3300 ibidem
1698 3245 1970 3316 reperire.
2001 3245 2080 3298 Ex

445 3311 601 3398 dicto
632 3346 826 3398 tamen
859 3343 1016 3394 tomo
1043 3311 1270 3410 Ughelli
1303 3336 1514 3390 damus
1547 3351 1672 3406 quae
1704 3311 1918 3389 ibidem
1944 3350 2078 3389 con-
2111 3311 2153 3378 (ἶ

443 3433 706 3489 tinentur
735 3431 804 3485 de
836 3427 1082 3484 ecclesia
1111 3429 1168 3482 8.
1200 3425 1406 3482 Leonis
1437 3424 1741 3481 Beneventi
1773 3427 1904 3494 post
1959 3423 2082 3479 obi-

443 3525 571 3577 tum
603 3521 730 3592 ejus
777 3522 990 3587 erecta,
1049 3520 1105 3570 et
1163 3512 1464 3570 nonnullis
1513 3512 1727 3568 ibidem
1782 3511 2082 3568 miraculis

446 3609 722 3684 patratis:
747 3623 995 3678 quorum
1018 3604 1186 3676 plura
1207 3603 1610 3658 subnectimus
1625 3618 1692 3657 ex
1711 3602 1865 3656 dicto
1887 3601 2084 3657 codice

447 3697 796 3754 Strozziano.
819 3694 1064 3766 Aliquod
1097 3710 1167 3750 ex
1194 3693 1286 3748 his
1315 3695 1636 3748 extractum
1667 3690 2082 3762 compendium

448 3786 697 3844 describi
727 3784 1064 3841 curavimus
1103 3783 1314 3850 Romae,
1347 3799 1381 3838 a
1429 3781 1592 3836 Petro
1649 3779 1782 3836 Calo
1839 3779 2078 3848 factum,

449 3876 602 3949 quod
631 3873 980 3931 omittimus.

515 3967 568 4020 3.
595 3967 748 4021 Inter
765 3961 1080 4018 familiares
1111 3963 1167 4016 et
1188 3960 1335 4016 fidos
1369 3959 1590 4014 amicos
1621 3958 1826 4014 habuit
1847 3981 1874 4007 ‹‹
1894 3959 1951 4014 8.
1972 3958 2080 4013 Leo

447 4053 926 4119 Hildebrandum,
949 4073 976 4101 ››
1016 4054 1218 4122 postea
1250 4071 1270 4099 α
1301 4053 1608 4104 Summum
1657 4047 1998 4103 Pontiﬁcem
2027 4051 2084 4102 ct

450 4143 790 4216 Gregorium
811 4141 908 4195 VII
933 4162 960 4189 ››
983 4139 1200 4194 dictum
1213 4137 1332 4210 ,qui
1356 4137 1584 4210 praafuit
1612 4136 1878 4192 Ecclesiae
1893 4136 1964 4191 ab
1978 4152 2080 4190 an-

449 4250 524 4290 no
557 4232 831 4288 MLXXIII
857 4245 1042 4301 usque
1058 4229 1128 4284 ad
1151 4225 1779 4298 ann.MLXXXV,quod
1800 4225 1944 4280 obiit
1970 4243 2083 4280 xxv

451 4321 606 4390 Maii,
631 4321 702 4378 ad
734 4320 951 4376 dictum
981 4318 1135 4374 diem
1167 4315 1572 4389 Martyrologio
1602 4315 2085 4371 Romanoinscri-

449 4415 604 4485 ptus.
627 4411 714 4466 Ab
741 4409 849 4465 hoc
870 4411 1071 4463 sancto
1103 4405 1377 4461 Pontiﬁce
1399 4403 1619 4476 accepit
1640 4402 2082 4475 nonnulla,quze

449 4500 780 4560 ediditlib.3
797 4498 1162 4570 Dialogorum
1175 4493 1714 4550 DesideriusAbbas
1727 4493 2082 4562 Casinensis,

449 4589 864 4665 posteaVictor
902 4587 1058 4658 Papa
1109 4584 1207 4640 ΙΙΙ.
1239 4584 1381 4639 Item
1441 4583 1498 4639 S.
1558 4584 1752 4638 Bruno
1798 4582 2083 4652 Astensis,

2209 661 2446 722 Concilii
2479 663 2782 722 Remensia
2812 679 2966 721 anno
2993 661 3223 722 MXLIX
3253 663 3466 731 habiti,
3509 679 3578 720 ex
3633 665 3804 737 quibus

2209 753 2494 811 nonnulla
2522 753 2858 824 inserimus,
2892 753 3100 811 ceteris
3131 753 3394 821 omissis,
3421 769 3558 810 cum
3581 753 3702 810 istic
3726 753 3806 828 legi

2208 843 2470 914 possint;
2505 860 2618 899 non
2650 858 3022 900 recensemus
3053 843 3187 911 alia,
3211 847 3268 899 et
3290 842 3518 916 passim
3532 846 3664 899 nota
3681 843 3808 900 chro-

2207 931 2358 1001 nica,
2383 937 2485 989 aut
2543 932 2688 990 alios
2743 936 3025 990 tractatus
3083 933 3186 1006 qui
3244 934 3374 1005 ejus
3435 931 3805 989 menimerunt.

2204 1021 2548 1094 Aliquorum
2581 1021 2706 1078 suis
2735 1021 2877 1079 locis
2906 1021 3262 1078 mentionem
3297 1022 3575 1078 facimus.

2277 1071 2548 1094 -.ι-ηπ-
2581 1071 2704 1078 η--
2735 1071 2875 1079 η---
2906 1071 3262 1078 ...---------_.
3297 1071 3575 1078 ,κη-η-

2276 1113 2328 1166 4.
2360 1115 2534 1167 Sacra
2551 1111 2844 1168 veneratio
2877 1127 3009 1168 cum
3042 1111 3136 1184 pio
3163 1115 3220 1167 S.
3283 1111 3497 1168 Leonis
3546 1111 3696 1167 obitu
3725 1129 3807 1167 οω-
3877 1071 3880 1222 Ι

2276 1204 2288 1222 ι
2345 1201 2406 1222 -‘L
2445 1200 2777 1222 ___-IL!_‘I!-S-
2816 1218 2932 1222 _____
2972 1218 3101 1222 __-_
3149 1201 3521 1222 _‘_.l_'_-_____l
3547 1201 3804 1222 ._-.'_____I__

2205 1201 2310 1272 pit,
2341 1201 2412 1256 ob
2445 1200 2788 1274 multiplicia
2810 1218 2937 1274 qua:
2971 1218 3105 1259 mox
3142 1201 3526 1274 contigerunt
3547 1201 3805 1258 miracula:

2204 1289 2356 1346 inter
2375 1307 2502 1362 quae
2516 1295 2849 1348 recensetur
2863 1291 3090 1364 lampas
3103 1291 3175 1346 ad
3189 1290 3350 1346 illius
3369 1289 3669 1347 tumulum
3686 1295 3809 1346 sexto

2204 1383 2335 1450 post
2365 1380 2587 1436 obitum
2637 1379 2729 1436 die
2775 1379 2970 1436 divino
2997 1381 3132 1453 igne
3163 1396 3431 1448 accensa,
3471 1383 3530 1436 et
3583 1381 3808 1452 sequenti

2205 1483 2402 1524 mense
2431 1485 2633 1525 cereus
2665 1469 2734 1525 de
2765 1470 2970 1525 tumba
2993 1469 3120 1539 ejus
3143 1472 3418 1541 acceptus
3451 1468 3549 1526 bis
3570 1469 3712 1526 ultro
3737 1485 3811 1524 ac-
3878 1519 3880 1538 ,

2203 1573 2436 1614 census.
2471 1559 2540 1614 Et
2571 1574 2687 1614 non
2720 1557 2911 1614 solum
2944 1558 3136 1614 Roma
3161 1559 3263 1614 sed
3286 1557 3604 1616 Beneventi
3622 1572 3744 1614 mox
3767 1558 3810 1614 in
3878 1541 3880 1560 ¹

2197 1646 2564 1703 veneratione
2595 1646 2722 1720 fuit,
2747 1647 2845 1704 ubi
2901 1651 3089 1720 coepta
3127 1650 3217 1704 est
3263 1648 3336 1703 ad
3369 1649 3505 1720 ejus
3561 1647 3808 1704 honorem

2195 1735 2383 1790 extrui
2407 1735 2735 1805 ecclesia,et
2763 1751 3026 1792 annuum
3058 1736 3272 1793 festum
3296 1736 3426 1807 ejus
3451 1735 3682 1811 publice
3703 1753 3810 1810 pro-

2197 1822 2448 1895 mulgari
2479 1827 2534 1879 et
2562 1825 2761 1880 devote
2791 1823 2922 1880 coli.
2947 1825 3088 1896 Ejus
3112 1824 3494 1881 festivitatem
3511 1825 3572 1881 in
3594 1823 3816 1881 Ecclesia

2195 1911 2484 1985 Signiensi
2516 1913 2866 1970 celebratam
2897 1913 3080 1970 fuisse
3110 1917 3363 1970 testatur
3379 1915 3440 1972 S.
3469 1915 3662 1972 Bruno
3685 1914 3819 1987 Episa

2195 2017 2375 2074 copus
2393 2001 3024 2074 Signiensis,Memoria
3046 2003 3331 2076 inscripta
3358 2003 3544 2060 etiam
3575 2009 3664 2061 est
3690 2002 3815 2060 anti-

2194 2089 2328 2162 quis
2360 2089 2784 2165 Martyrologiis
2809 2109 2822 2159 ;
2845 2109 2914 2148 ex
2941 2091 3158 2164 quibus
3190 2090 3429 2164 aliquod
3462 2090 3812 2160 Usuardi,sed

2195 2179 2392 2234 Remis
2424 2185 2680 2248 auctum,
2716 2181 2872 2236 unde
2903 2179 3177 2238 Molanus
3209 2197 3386 2237 suum
3419 2181 3628 2249 edidit,
3646 2181 3698 2236 in
3719 2197 3814 2252 quo

2193 2269 2304 2324 sub
2335 2268 2510 2324 ﬁnem
2543 2269 2783 2342 antiquo
2814 2269 3142 2326 charactere
3171 2270 3286 2326 ista
3315 2269 3525 2326 addita
3580 2273 3710 2328 sunt
3753 2268 3812 2324 ad

2193 2357 2346 2412 diem
2375 2375 2471 2412 x1x
2501 2357 2729 2430 Apriis:
2764 2380 2792 2408 «
2823 2359 3040 2414 Eodem
3085 2358 3178 2414 die
3209 2359 3365 2432 apud
3398 2359 3713 2416 Ecclesiam
3762 2359 3809 2414 8.

2192 2447 2345 2502 Petri
2376 2447 2591 2512 Romae,
2625 2446 2908 2520 depositio
2948 2448 3155 2504 Domni
3200 2448 3412 2505 Leonis
3473 2450 3642 2522 Papae
3677 2448 3809 2516 noni,

2195 2537 2291 2608 qui
2326 2535 2642 2592 Ecclesiam
2675 2535 2737 2592 B:
2773 2536 3021 2610 Remigii
3053 2537 3364 2594 dedicavit.
3396 2559 3425 2587 ››
3459 2539 3642 2610 Cujus
3671 2537 3810 2609 elogii

2193 2625 2352 2699 prior
2383 2641 2518 2697 pars
2550 2625 2846 2698 adscripta
2875 2630 2965 2682 est
3001 2626 3224 2682 Adonis
3255 2627 3671 2702 Martyrologio
3723 2625 3812 2680 Ms.

2193 2713 2494 2770 Leodiensi
2527 2712 2772 2769 caanobii
2807 2714 2864 2770 S.
2899 2714 3215 2771 Laurentii.
3245 2717 3308 2771 1n
3341 2715 3454 2772 Ms.
3484 2713 3818 2773 Bruxellensi

2191 2804 2250 2858 S.
2285 2802 2505 2858 Gudilae
2537 2802 2653 2858 ista
2672 2802 2968 2858 habentur
2999 2821 3012 2860 :
3058 2827 3086 2854 «
3118 2805 3337 2860 Eodem
3367 2804 3464 2862 die
3527 2807 3588 2863 S.
3639 2803 3819 2860 Leonis

2191 2891 2328 2948 noni
2359 2895 2525 2964 Papae
2556 2895 2613 2947 et
2641 2889 3042 2961 Confessoris;
3075 2892 3177 2965 qui
3209 2893 3474 2966 primum
3528 2893 3821 2966 Episcopus

2189 2979 2482 3037 Tullensis
2512 2981 2584 3036 ab
2616 2981 2970 3052 Imperatore
3002 2981 3248 3038 Henrico
3273 2983 3348 3038 ad
3377 2983 3672 3056 Papatum
3701 2998 3819 3056 pro-

2191 3073 2408 3138 motus,
2441 3086 2510 3126 ex
2538 3069 2646 3125 hoc
2675 3070 3093 3126 conscientiam
3124 3071 3350 3128 habens
3383 3072 3739 3146 resignavit:
3779 3075 3825 3125 et

2189 3161 2380 3215 denuo
2403 3159 2507 3215 rite
2523 3158 2903 3232 electus,post
2922 3158 3281 3216 laudabilem
3299 3161 3486 3218 vitam
3506 3163 3570 3219 in
3601 3160 3826 3219 ecclesia

2192 3247 2250 3303 S.
2281 3247 2430 3303 Petri
2461 3247 2810 3317 tumulatur,
2845 3247 3074 3304 clarens
3103 3248 3430 3306 miraculis.
3469 3273 3501 3300 ››
3561 3251 3826 3324 Ejusdem

2194 3336 2476 3393 memoria
2491 3335 2816 3392 celebratur
2834 3335 2894 3392 in
2917 3337 3294 3394 Ms.Romano
3315 3337 3498 3396 Ducis
3510 3337 3828 3412 Altempsii,

2193 3431 2249 3483 et
2277 3425 2645 3506 Ms.Florario
2677 3425 3049 3493 Sanctorum,
3071 3426 3209 3482 item
3235 3429 3390 3500 apud
3414 3427 3715 3486 Bellinum
3737 3432 3830 3483 Pa-

2192 3514 2351 3570 risiis
2373 3531 2524 3570 anno
2543 3515 2996 3571 l521excusum.
3012 3515 3828 3590 Maurolycum,Galesinium,

2191 3604 2508 3672 Molanum,
2541 3604 2907 3675 Saussajum,
2935 3603 3260 3672 Canisium,
3283 3610 3342 3662 et
3370 3623 3512 3662 cum
3539 3607 3616 3664 iis
3648 3607 3708 3662 in
3739 3607 3834 3662 ho-

2190 3693 2389 3750 dierno
2422 3692 2830 3766 Martyrologio
2863 3694 3124 3751 Romano
3155 3693 3250 3752 his
3299 3695 3497 3752 verbis
3531 3713 3548 3753 :
3585 3720 3614 3748 ‹‹
3651 3697 3834 3754 Romae

2189 3784 2246 3838 S.
2283 3781 2485 3838 Leonis
2514 3782 2680 3854 Papae
2739 3781 2899 3851 noni,
2952 3782 3238 3839 virtutum
3297 3789 3356 3840 et
3410 3783 3838 3843 miraculorum

2190 3869 2361 3928 laude
2392 3871 2664 3944 insignis.
2689 3893 2718 3922 »
2747 3871 3035 3928 Eumdem
3067 3873 3242 3928 refert
3261 3873 3321 3928 in
3343 3873 3666 3932 Natalibus
3699 3876 3836 3931 San-

2191 3966 2416 4018 ctorum
2447 3961 2871 4018 Canonicorum
2893 3963 3313 4018 Constantinus
3335 3962 3636 4022 Ghinius:
3665 3950 3839 4022 Bene-

2189 4050 2425 4106 dictinis
2451 4048 2754 4105 monachis
2787 4055 3181 4107 annumerant
3219 4051 3421 4122 Wion,
3487 4053 3838 4127 Dorganius,

2189 4138 2523 4210 Bucelinus,
2545 4139 2879 4196 Menardus.
2914 4140 3024 4196 Sed
3057 4139 3152 4196 hic
3177 4141 3429 4196 miratur
3458 4141 3568 4200 lib.
3595 4161 3614 4198 1
3639 4144 3842 4200 Obser-

2192 4229 2494 4286 vationum
2527 4251 2556 4277 «
2590 4227 2811 4283 nullam
2856 4228 3216 4284 mentionem
3277 4229 3404 4286 fieri
3453 4233 3844 4288 monacbatus

2191 4319 2371 4390 hujus
2401 4318 2460 4373 8.
2495 4315 2704 4372 Leonis
2721 4317 2782 4372 in
2803 4317 2932 4388 ejus
2948 4317 3103 4385 Vita,
3129 4341 3158 4368 «
3178 4321 3236 4374 et
3265 4324 3509 4376 excusat
3533 4342 3561 4370 ››
3587 4321 3847 4394 potuisse

2191 4409 2300 4465 hoc
2331 4405 2714 4480 praetermitti,
2745 4408 2812 4461 ut
2841 4404 2956 4462 alia
2985 4405 3192 4476 multa;
3218 4425 3348 4480 quat
3381 4409 3455 4464 ad
3489 4409 3685 4482 hujus
3710 4412 3846 4466 Pon-

2190 4495 2366 4552 titicis
2394 4494 2572 4550 vitam
2604 4497 2890 4566 spectant,
2923 4511 3051 4566 quae
3080 4499 3278 4552 tamen
3306 4496 3366 4552 in
3391 4495 3528 4554 aliis
3550 4498 3848 4555 historicis

2192 4584 2443 4658 reperire
2469 4579 2590 4639 est:
2639 4583 2751 4638 Sed
2782 4599 2897 4638 non
2931 4583 3158 4640 indicat
3187 4585 3429 4656 quibus.
3466 4607 3496 4635 ››
3551 4587 3852 4645 Arnoldus

448 4680 770 4754 Episcopus
800 4673 1149 4750 Signiensis,
1189 4673 1379 4728 Vitam
1425 4672 1683 4744 aliquam
1740 4670 2085 4742 conscripsit
2114 4687 2160 4752 D
2187 4675 2364 4730 Wion
2393 4671 2608 4744 allegat
2636 4671 3028 4727 Trithemium
3058 4671 3118 4727 in
3167 4672 3453 4730 Chronico
3499 4674 3853 4750 Hirsaugiae,

449 4771 510 4827 8.
537 4768 747 4826 Leonis
780 4767 866 4836 IX,
895 4766 1046 4820 inter
1075 4762 1295 4834 reliqua
1326 4779 1500 4834 Opera
1521 4763 1648 4834 ejus
1661 4761 1918 4817 Venetiis
1934 4777 2086 4816 anno

452 4859 674 4917 MDCLI
691 4871 984 4912 excusem:
1009 4868 1184 4925 quam
1188 4867 1284 4924 ,ne
1299 4851 1482 4908 moles
1495 4849 1907 4921 cxcrescat,hic
1919 4850 2089 4905 omit-

451 4947 655 5011 timus,
689 4960 820 4998 cum
846 4959 1030 5015 pauca
1060 4939 1258 5012 aliqua
1285 4959 1351 4997 ex
1373 4941 1527 4997 Actis
1551 4943 1948 5012 excerpta,aut
1971 4957 2004 4994 a
2029 4943 2086 4993 S.

453 5033 728 5106 Gregorio
765 5032 866 5086 VII
917 5035 1150 5102 accepta
1178 5030 1783 5102 indicentur,quorum
1831 5028 1892 5084 in
1929 5029 2092 5084 Notis

453 5121 808 5179 mentionem
824 5119 1439 5188 facimus,«Anselmus
1453 5118 1776 5175 monachus
1789 5117 2092 5174 Remensis

455 5210 562 5282 (uti
583 5209 802 5266 indicat
819 5209 1152 5281 Sigebertus
1165 5209 1233 5264 de
1247 5208 1639 5280 Scriptoribus
1654 5205 2090 5274 Ecclesiasticis,

443 5317 580 5373 cap.
616 5300 737 5370 153)
761 5298 1007 5370 Scripsit
1047 5297 1408 5353 itinerarium
1437 5295 1576 5350 noni
1614 5295 1822 5350 Leonis
1864 5295 2030 5367 Papa:
2062 5313 2096 5350 a

453 5391 639 5447 Roma
660 5389 720 5444 in
749 5387 1066 5457 Gallias,ad
1088 5387 1196 5442 hoc
1214 5384 1466 5440 maxime
1488 5387 1554 5438 ut
1575 5383 1898 5438 notiﬁcaret
1911 5401 2094 5456 quan-

455 5484 512 5535 ta
526 5479 869 5534 auctoritate
889 5475 1082 5530 Remis
1098 5475 1182 5529 vel
1205 5474 1261 5526 in
1287 5473 1415 5525 aliis
1440 5471 1682 5526 urbibus
1699 5473 1998 5544 Synodum
2013 5491 2096 5529 ce-

453 5567 722 5625 lebrarit:
755 5569 978 5640 quanta
995 5561 1228 5634 justitia
1257 5565 1314 5614 et
1335 5559 1652 5615 subtilitate
1683 5563 2096 5620 examinaverit

455 5672 662 5714 causas
719 5651 1186 5713 ecclesiasticas:
1220 5663 1337 5718 qua
1383 5647 1729 5705 discretione
1785 5656 2092 5723 peccantes

457 5735 804 5803 Cori-exerit:
839 5736 1132 5811 quomodo
1164 5735 1216 5792 ei
1244 5736 1428 5792 virtus
1458 5737 1556 5793 Dei
1587 5743 1894 5812 cooperata
1922 5741 2028 5798 sit:
2063 5764 2090 5792 ››

2195 4767 2253 4820 et
2281 4763 2542 4818 Fratrem
2574 4759 2951 4816 Franciscum
2983 4760 3213 4817 Yvanez
3242 4761 3610 4820 monachum
3675 4770 3858 4822 Bene-

2199 4851 2481 4908 dictinum
2513 4849 2839 4920 Hispanum
2869 4847 2930 4903 in
2951 4849 3218 4922 Epitome
3234 4849 3495 4907 virorum
3525 4851 3858 4910 illustrium

2199 4939 2432 4998 Ordinis
2463 4939 2520 4994 S.
2556 4937 2869 4993 Benedicti.
2901 4937 3119 4994 Verum
3158 4939 3372 4996 horum
3401 4943 3739 4999 auctoritas
3769 4961 3863 4998 va-

2200 5029 2392 5087 cillat:
2427 5027 2567 5100 quia
2591 5028 2732 5082 Acta
2751 5029 2884 5082 ante
2909 5027 3352 5100 Episcopatum,
3375 5036 3659 5088 accurate
3682 5050 3720 5090 a
3748 5031 3863 5086 Wi-

2201 5120 2362 5174 berto
2402 5115 2676 5186 indicata,
2737 5113 2895 5170 aliud
2945 5117 3215 5172 suadent.
3273 5117 3521 5175 Interim
3578 5125 3866 5194 optamus

2202 5207 2366 5263 illum
2385 5203 2586 5262 Ordini
2610 5203 3075 5274 Benedictino,ut
3090 5205 3300 5263 saltem
3335 5206 3535 5265 colant
3565 5213 3866 5284 tanquam

2203 5293 2562 5368 singularem
2617 5291 3066 5363 benefactorem,
3100 5295 3186 5350 uti
3243 5297 3454 5354 merito
3485 5315 3630 5356 eum
3665 5300 3872 5357 colunt

2201 5383 2474 5442 monachi
2507 5383 2824 5438 Remenses
2853 5386 2910 5438 8.
2960 5383 3211 5458 Remigii
3242 5389 3301 5442 et
3358 5387 3604 5460 quidem
3670 5390 3870 5446 ofﬁcio

2202 5472 2506 5531 duodecim
2520 5471 3188 5530 Lectionum.Tullenses
3210 5491 3314 5548 per
3331 5478 3519 5533 totam
3555 5477 3873 5536 dimcesim

2203 5563 2498 5620 celebrant
2529 5562 2744 5616 festum
2775 5561 2970 5618 ofﬁcio
3001 5563 3250 5620 solemni
3281 5565 3394 5623 sub
3427 5566 3548 5622 ritu
3581 5565 3824 5640 duplici
3861 5586 3872 5622 :

2199 5668 2454 5728 quorum
2485 5651 2842 5709 Breviarium
2867 5652 3154 5712 habemus
3177 5672 3328 5712 anno
3351 5655 3672 5714 MDXXXV
3697 5676 3877 5716 excu-

2201 5746 2354 5802 Sum.
2383 5739 2630 5800 Romani
2661 5739 2721 5799 in
2751 5739 3000 5799 Basilica
3027 5741 3312 5802 Vaticana
3343 5746 3404 5804 S.
3460 5747 3623 5803 Petri
3693 5749 3878 5806 etiam
