3880 6346
113 446 225 508 513

832 442 1163 506 PROLEG.
1195 472 1276 491 —
1302 441 1405 502 DE
1448 439 1512 501 S.
1543 437 1823 500 LEONIS
1870 437 1947 497 IX
1991 436 2110 496 PP.
2145 436 2788 502 COMMENTARIUS.

3386 440 3505 503 5M

118 576 299 634 ofﬁcio
332 575 553 648 duplici
584 576 715 646 ejus
749 577 964 633 festum
1004 576 1115 632 hoc
1145 574 1238 630 die
1278 575 1586 647 peragunt,
1620 585 1761 642 prze-
1791 568 1848 635 Α
1876 567 2023 622 tium
2056 568 2351 624 Februarii
2396 572 2528 626 anni
2562 572 2807 640 MXLIX,
2838 572 2884 628 si
2919 573 3008 645 (ut
3052 572 3261 630 dicitur
3291 574 3362 630 ab
3390 575 3510 630 An-

126 665 356 737 scriptis
388 664 449 720 in
492 665 673 722 Missa
719 666 914 723 Gloria
942 669 998 721 et
1028 665 1230 729 Credo,
1262 680 1327 719 eo
1360 663 1513 734 quod
1562 660 1763 715 etiam-

128 772 267 812 num
297 754 639 829 possideant
667 774 900 812 sacrum
933 756 1061 826 ejus
1085 771 1315 827 corpus.

189 846 244 899 5.
267 867 295 893 (ί
324 843 603 915 Sepultus
628 867 655 894 »
678 845 816 901 olim
851 846 982 912 fuit,
1008 867 1035 894 «
1061 844 1211 901 sicut
1230 843 1353 914 ipse
1374 839 1763 911 disposuerat,

114 937 282 1007 juxta
312 933 465 989 beati
498 934 795 991 Pontiﬁcis
816 933 1076 1006 Gregorii
1106 931 1285 987 altare
1316 935 1451 985 ante
1490 929 1641 983 fores
1673 943 1769 982 ec-

123 1023 334 1089 clesiae,
358 1044 386 1071 »
411 1023 497 1077 uti
529 1023 587 1078 in
619 1024 737 1079 fine
765 1024 909 1079 Vitas
931 1022 1111 1078 tradit
1129 1020 1447 1076 Wibertus.
1475 1020 1546 1072 At
1566 1022 1769 1073 Roma-

125 1129 232 1168 nus
257 1111 585 1167 Canonicus
607 1113 873 1183 ejusdem
904 1111 1180 1181 basilicae,
1202 1108 1302 1182 qui
1323 1108 1536 1165 saeculo
1566 1122 1771 1179 praece-

125 1200 277 1257 denti
312 1201 475 1268 vixit,
508 1200 566 1255 in
608 1201 996 1274 descriptione
1025 1199 1315 1255 Vaticanee
1361 1196 1613 1253 basilicrc
1657 1196 1771 1250 ista

126 1290 328 1346 asserit
352 1308 400 1345 ;‹‹
430 1290 541 1345 Leo
564 1292 718 1362 Papa
740 1309 928 1347 nonus
956 1288 1268 1361 requiescit
1295 1288 1444 1342 infra
1466 1286 1767 1341 ecclesiam

126 1384 183 1434 Β.
208 1379 376 1447 Petri,
404 1380 461 1433 in
496 1379 610 1451 pilo
645 1398 969 1436 marmoreo
1002 1394 1179 1451 prope
1211 1382 1435 1449 portam
1470 1377 1768 1431 Ravenna-

130 1469 295 1523 ticam
332 1484 344 1521 :
380 1468 452 1523 de
484 1485 598 1540 quo
631 1474 769 1524 sunt
799 1470 953 1540 apud
988 1486 1093 1523 nos
1125 1465 1309 1521 multa
1338 1470 1393 1520 et
1424 1481 1639 1535 magna
1670 1463 1773 1517 mi-

130 1556 339 1613 racula.
376 1556 479 1613 Hic
531 1558 794 1614 condidit
841 1557 1207 1630 privilegium
1249 1554 1672 1612 Canonicorum
1706 1554 1767 1607 B.

130 1645 275 1701 Petri
308 1646 379 1700 de
409 1646 856 1702 conﬁrmatione
886 1661 1127 1701 suarum
1167 1643 1581 1700 Ecclesiarum.
1608 1665 1634 1692 ››
1668 1642 1774 1696 Lu-

131 1735 248 1791 cius
263 1734 480 1790 Saccus
501 1734 559 1791 in
574 1736 965 1807 descriptione
987 1733 1263 1789 historica
1283 1734 1507 1788 Suessae
1526 1729 1774 1787 civitatis

132 1822 450 1895 (quaeinter
471 1823 727 1897 Capuam
752 1829 807 1880 et
828 1824 1087 1896 Cajetam
1110 1822 1167 1877 in
1195 1822 1513 1894 Campania
1533 1824 1619 1875 est
1641 1820 1773 1889 sita)

135 1912 299 1969 refert
330 1929 456 1984 cap.
479 1914 514 1966 7
542 1935 567 1963 ‹‹
595 1913 816 1983 Corpus
848 1914 906 1969 S.
938 1914 1146 1969 Leonis
1192 1913 1357 1982 Papae
1407 1910 1545 1965 noni
1570 1930 1575 1935 λ
1597 1909 1775 1964 fuisse

132 2000 238 2057 sub
267 1998 447 2055 Paulo
468 1999 516 2053 V
542 2018 694 2055 anno
726 2000 1003 2056 MDCVIII
1035 2003 1331 2070 repertum
1354 1997 1575 2068 absque
1597 1995 1777 2051 altero

135 2088 386 2157 brachio,
425 2090 580 2161 quod
615 2090 839 2144 Suessae
881 2092 1231 2154 asservatur,
1256 2090 1312 2142 et
1340 2090 1478 2141 tunc
1509 2085 1690 2140 fuisse
1716 2084 1776 2138 in

135 2178 590 2249 Gongregatione
604 2177 1000 2233 Cardinalium
1016 2181 1314 2233 ostensam
1331 2174 1782 2246 epistolam,qua

136 2268 430 2323 constabat
462 2283 564 2339 per
587 2268 887 2339 antiquam
911 2273 965 2323 ct
988 2267 1374 2322 indubitatam
1406 2264 1780 2320 traditionem

139 2355 349 2411 dictum
374 2356 681 2411 brachium
697 2357 985 2412 Sinuessa:
1005 2355 1309 2411 asservari.
1323 2354 1591 2425 nAliquas
1609 2353 1782 2408 etiam

140 2444 309 2516 hujus
350 2446 561 2500 Leonis
612 2445 888 2517 reliquias
936 2462 1063 2500 esse
1114 2443 1381 2499 Bononiae
1437 2443 1495 2497 in
1544 2442 1786 2497 ecclesia

148 2533 198 2587 S.
230 2533 533 2606 Stephani,
558 2536 739 2590 tradit
769 2530 1027 2590 Masinus
1052 2534 1109 2587 in
1130 2532 1387 2587 Bononia
1414 2530 1784 2603 perlustrata.

152 2622 395 2695 Corpora
426 2640 595 2679 sacra
625 2627 877 2696 quatuor
908 2624 1165 2679 Leonum
1203 2620 1546 2676 Pontiﬁcum
1578 2621 1787 2675 Itoma-

154 2728 352 2767 norum
422 2712 608 2768 luisse
670 2718 905 2768 ostensa
980 2711 1252 2767 Kalendis
1316 2709 1562 2781 Augusti
1636 2726 1788 2764 anno

153 2800 468 2869 MDLXXX,
492 2807 547 2857 et
569 2803 780 2857 iterum
803 2819 913 2857 xxv
935 2800 1067 2856 Maii
1092 2817 1242 2856 anno
1269 2798 1545 2854 MDCVIII
1568 2798 1788 2854 dictum

153 2894 232 2945 est
259 2907 313 2945 χι
342 2890 580 2963 Aprilis,
614 2892 683 2947 ad
720 2892 906 2947 Vitam
940 2892 997 2946 S.
1033 2889 1230 2945 Leonii
1271 2888 1466 2959 Magni
1500 2904 1630 2960 pag.
1662 2890 1752 2942 21.

157 2978 268 3045 §II.
302 2981 460 3036 Ratio
504 2983 783 3052 temporis.
820 2983 945 3035 Acta
974 2981 1152 3051 primo
1181 2994 1326 3032 anno
1366 2979 1433 3033 in
1466 2979 1790 3047 Pontiﬁcum

340 3071 601 3126 Romano.
637 3071 1031 3125 Controversiae
1059 3068 1347 3124 nonnullae
1376 3067 1592 3123 decisae.

215 3160 264 3214 6.
289 3159 471 3215 Natus
498 3164 588 3215 est
609 3160 667 3215 S.
696 3160 800 3215 Leo
824 3177 917 3213 xxi
943 3157 1102 3213 Junii
1130 3175 1280 3213 anno
1304 3157 1438 3224 ΜΙΙ;
1464 3156 1792 3228 quinquen-

156 3246 236 3302 nis
257 3253 319 3305 ut
340 3249 731 3306 instrueretur
755 3249 1007 3304 traditus
1032 3245 1340 3302 Bertholdo
1362 3246 1644 3317 Episcopo
1665 3243 1793 3299 Tul-

1876 657 2056 711 s'elmn
2092 658 2144 712 in
2196 659 2512 723 ltinerario)
2538 685 2563 710 (ι
2597 662 2903 734 dignitatis
2950 663 3264 719 Pontificiae
3310 664 3513 720 infulis

1876 747 2187 817 insignitus
2219 750 2389 803 fuerit
2419 750 2475 804 in
2510 751 2847 823 Hypapante
2876 752 3129 819 Domini,
3165 776 3185 801 ι»
3222 753 3341 808 sive
3370 752 3514 808 festo

1875 835 2300 893 Puriticationis
2330 839 2606 909 Deiparae,
2631 841 2763 895 dein
2788 841 3013 897 solenni
3040 841 3155 897 ritu
3179 864 3207 892 ι(
3229 841 3517 897 inthroni-

1876 930 2037 980 zatus
2084 943 2165 980 x11
2213 927 2505 982 Februarii
2539 929 2843 985 Dominica
2891 930 3082 1002 prima
3130 931 3517 1004 Quadragesi-

1877 1030 2003 1082 mea,
2027 1035 2054 1063 ››
2088 1014 2173 1069 uti
2203 1014 2261 1069 in
2293 1017 2420 1085 ejus
2448 1018 2606 1072 Actis
2636 1018 2815 1073 tradit
2844 1020 3159 1077 Wibertus.

1945 1176 2000 1227 7.
2032 1174 2135 1229 Hic
2176 1174 2373 1247 aliqua
2419 1180 2809 1235 controversia
2838 1181 3099 1237 oboritur
3144 1198 3279 1238 cum
3310 1183 3522 1239 Ottone

1880 1263 2236 1333 Frisingcnsi
2267 1270 2321 1319 et
2353 1265 2479 1320 aliis
2509 1284 2636 1322 eum
2682 1270 2919 1338 secutis,
2952 1271 3119 1342 quasi
3149 1294 3176 1322 ‹‹
3211 1272 3267 1328 S.
3302 1273 3413 1329 Leo
3445 1273 3519 1328 ad

1880 1354 2083 1407 Sedcm
2122 1355 2180 1406 B.
2212 1355 2361 1407 Petri
2393 1356 2736 1423 destinatus,
2764 1366 3061 1432 assumpta
3089 1379 3348 1434 purpura
3366 1366 3518 1418 Pon-

1878 1442 2078 1495 tilicali
2114 1459 2213 1512 per
2240 1442 2453 1498 Callias
2484 1444 2590 1499 iter
2618 1447 2849 1517 egisset,
2874 1454 2927 1502 et
2948 1448 3202 1505 Cluniaci
3231 1453 3302 1506 ab
3335 1451 3525 1507 Hilde-

1881 1531 2102 1585 brando
2124 1532 2474 1603 redargutus
2502 1551 2757 1606 purpura
2780 1538 3040 1607 deposita
3060 1540 3349 1612 peregrini
3366 1540 3526 1596 habi-

1882 1624 2009 1674 tum
2041 1622 2447 1692 assumpissct,
2478 1628 2533 1678 et
2562 1625 2781 1680 ducens
2812 1610 3011 1682 secum
3043 1610 3526 1699 Hildebrandum,

1885 1709 2126 1763 Romam
2166 1711 2437 1766 venisset.
2464 1734 2491 1761 »
2514 1713 2643 1767 Fuit
2690 1714 2819 1769 Otto
2870 1716 3261 1790 Frisingensis
3304 1718 3529 1792 integro

1884 1798 2093 1853 smculo
2118 1799 2340 1869 junior,
2369 1806 2636 1857 mortuus
2669 1821 2822 1859 anno
2862 1805 3157 1862 MCLVIII.
3180 1807 3366 1880 Magis
3394 1824 3531 1881 ergo

1886 1888 2240 1944 credendum
2253 1890 2513 1945 Wiberto
2538 1893 2671 1947 testi
2694 1894 3051 1966 oculato,qui
3072 1897 3531 1965 asserit,«Tulli,

1885 1983 2117 2049 sumpto
2140 1985 2440 2049 peregrino
2463 1980 2684 2049 habitu,
2707 1983 3033 2039 Romanum
3054 1984 3166 2041 iter
3184 1986 3530 2059 arripuisse,

1886 2072 1941 2120 et
1971 2068 2124 2138 apud
2159 2069 2363 2123 urbem
2383 2070 2704 2141 Augustam
2728 2074 2998 2143 Angelica
3018 2074 3416 2132 modulatione
3438 2091 3529 2132 re-

1889 2160 2146 2211 creatum
2182 2173 2195 2210 :
2223 2179 2249 2206 »
2281 2175 2469 2229 neque
2498 2163 2727 2231 tempus
2761 2161 2869 2215 fuit
2915 2163 3345 2233 intermedium,
3370 2165 3529 2237 quod

1889 2245 2081 2300 itineri
2113 2245 2479 2302 Cluniacensi
2513 2250 2946 2305 attribueretur.
2978 2253 3037 2307 S.
3070 2253 3261 2310 Bruno
3292 2254 3533 2326 Episco-

1893 2350 2002 2404 pus
2035 2333 2359 2403 Signiensis
2407 2335 2862 2393 Hildebrandum
2898 2340 3230 2397 Wormatize
3277 2341 3534 2399 adfuisse

1896 2422 2117 2488 scribit,
2152 2424 2208 2476 in
2243 2424 2369 2494 ipsa
2389 2425 2789 2496 designatione
2820 2430 2878 2485 S.
2905 2431 3104 2486 Leonis
3131 2432 3202 2486 ad
3225 2432 3538 2487 Summum

1899 2512 2305 2567 Pontificatum
2342 2530 2389 2567 ει(
2426 2514 2547 2569 Illis
2579 2516 2808 2587 diebus,
2842 2520 3040 2589 inquit,
3073 2526 3197 2577 erat
3225 2522 3305 2577 ibi
3338 2539 3539 2579 mona-

1897 2600 2043 2656 chus
2074 2602 2310 2672 quidam
2345 2604 2662 2676 Romanus,
2696 2606 3124 2666 Hildebrandus
3158 2611 3415 2681 nomine,
3438 2628 3540 2668 no-

1896 2690 2030 2745 bilis
2060 2689 2274 2746 indolis
2304 2692 2813 2763 adolescens,clari
2846 2697 3428 2771 ingenii,sanctmque
3448 2716 3538 2756 re-

1896 2780 2152 2851 ligionis.
2192 2782 2351 2836 Hunc
2383 2782 2559 2853 igitur
2596 2784 2803 2840 beatus
2848 2786 3165 2859 Episcopus
3211 2788 3434 2845 vocavit
3461 2790 3537 2846 ad

1899 2886 1979 2935 se,
2013 2875 2069 2924 et
2098 2871 2318 2941 rogavit
2362 2888 2492 2928 eum
2527 2876 2592 2926 ut
2629 2873 2807 2928 simul
2857 2874 3097 2931 Romam
3154 2878 3436 2934 rediret...
3467 2879 3539 2934 Et

1900 2965 2038 3015 tunc
2060 2960 2380 3032 Episcopus
2407 2962 2651 3018 Romam
2681 2963 2940 3032 veniens,
2965 2967 3303 3037 praedictum
3333 2984 3537 3023 mona-

1901 3048 2077 3103 chum
2110 3066 2310 3104 secum
2342 3050 2601 3117 adduxit,
2636 3052 2886 3108 multum
2915 3054 2972 3108 in
2998 3055 3107 3110 hoc
3138 3056 3263 3128 ipso
3291 3057 3353 3112 B.
3376 3057 3541 3113 Petro

1903 3138 2182 3207 serviens,
2215 3139 2368 3209 quod
2418 3138 2587 3195 illum
2618 3140 2916 3212 hominem
2960 3160 3159 3199 secum
3208 3146 3544 3215 reducebat,

1903 3228 2074 3297 cujus
2105 3226 2347 3283 consilio
2390 3231 2447 3283 et
2492 3230 2782 3302 sapientia
2831 3231 3091 3289 Romana
3134 3233 3391 3290 Ecclesia
3440 3233 3543 3291 ali-

154 3334 308 3410 lensi,
340 3356 404 3395 ac
451 3339 588 3396 dein
640 3340 817 3410 hujus
860 3336 1181 3393 successori
1229 3316 1603 3390 Herimanno.
1652 3334 1791 3390 Inde
1905 3317 2138 3410 Quand?
2172 3317 2421 3410 regenda
2461 3321 2517 3373 et
2554 3319 2935 3410 gubernanda
2963 3326 3103 3376 θτίιῐ-
3138 3322 3240 3377 Ηίο
3268 3326 3356 3377 est
3384 3324 3542 3405 enjm

158 3427 465 3485 translatus
494 3430 566 3485 ad
599 3428 794 3484 aulam
823 3426 1071 3482 Conradi
1098 3424 1483 3497 imperatoris,
1510 3428 1567 3479 et
1594 3423 1789 3480 Diaco-

158 3531 256 3572 nus
285 3517 492 3585 factus,
526 3535 678 3573 anno
710 3517 910 3572 MXXV
958 3516 1014 3570 in
1047 3513 1509 3586 Longobardiam
1544 3513 1788 3569 militem

156 3603 475 3664 Tullensem
510 3608 693 3663 duxit.
718 3609 881 3661 Anno
915 3608 1193 3676 sequente
1223 3603 1447 3659 MXXVI
1488 3603 1700 3658 absens
1731 3603 1787 3657 in

157 3693 496 3770 Episcopum
521 3695 856 3751 Tullensem
888 3694 1124 3763 electus,
1153 3710 1221 3747 ex
1246 3690 1410 3747 Italia
1440 3691 1619 3746 redux
1650 3689 1789 3745 Tul-

157 3780 267 3840 lum
296 3786 451 3842 venit
492 3785 585 3841 die
624 3783 981 3841 ascensionis
1023 3780 1259 3848 Christi,
1293 3784 1665 3836 consecratus
1697 3780 1789 3835 die

160 3888 207 3926 1x
233 3874 610 3947 Septembris.
644 3876 712 3929 Et
744 3873 862 3928 hazc
895 3891 963 3927 ex
992 3870 1135 3942 ipsis
1166 3870 1323 3924 Actis
1352 3872 1508 3924 certa
1536 3872 1675 3924 sunt
1704 3873 1789 3924 at-

158 3977 257 4033 que
286 3962 635 4022 indubitata.
662 3965 738 4018 Eo
771 3967 965 4017 autem
998 3958 1334 4015 Tullensem
1378 3958 1788 4029 Episcopatum

157 4058 336 4110 sancte
352 4054 636 4127 dirigente
660 4052 822 4108 fueru
834 4056 896 4107 nt
912 4048 1222 4106 Pontiﬁces
1244 4046 1512 4113 Romani,
1532 4047 1789 4102 Joannes

159 4140 292 4207 XIX,
325 4142 456 4199 dein
492 4143 838 4198 Benedictus
868 4140 975 4196 IX:
1010 4156 1124 4212 quo
1165 4155 1235 4193 ex
1273 4138 1419 4193 Sede
1460 4137 1790 4208 Apostolica

158 4228 335 4300 pulso,
369 4236 425 4288 et
454 4230 771 4288 schismate
809 4228 1069 4286 Silvestri
1111 4227 1185 4283 III
1225 4227 1566 4299 composito,
1602 4227 1788 4282 factus

159 4324 237 4373 est
262 4319 412 4392 Papa
445 4319 757 4392 Gregorius
780 4319 855 4375 Vl
877 4334 1029 4374 anno
1053 4317 1309 4373 MXLIV.
1334 4315 1550 4371 Verum
1579 4314 1671 4371 his
1691 4314 1790 4370 tri-

160 4404 258 4463 bus
277 4408 557 4482 depositis
579 4408 799 4465 electus
822 4412 910 4464 est
928 4407 1194 4463 Clemens
1216 4422 1258 4460 ιι
1278 4407 1448 4460 antea
1471 4404 1787 4476 Epistopus

159 4494 589 4571 Bambergensis
637 4515 789 4554 anno
838 4496 1065 4553 MXLVI
1099 4511 1111 4551 :
1146 4511 1260 4567 quo
1308 4510 1461 4549 anno
1509 4498 1788 4564 sequente

160 4582 396 4644 MXLVII
414 4591 667 4656 mortuo,
688 4587 896 4643 iterum
920 4585 1072 4641 sedit
1089 4583 1435 4640 Benedictus
1457 4582 1530 4637 IX
1553 4600 1564 4638 :
1586 4587 1789 4639 contra

167 4688 322 4745 quem
352 4676 571 4733 electus
593 4681 680 4733 est
702 4677 990 4733 Damasus
1024 4673 1068 4729 II
1100 4677 1233 4729 ante
1264 4672 1581 4745 Episcopus
1602 4673 1787 4728 Brixi-
1815 4691 1865 4759 D

168 4758 379 4833 Nensis,
415 4769 791 4823 consecratus
824 4782 974 4820 anno
1007 4762 1305 4830 MXLVIII,
1329 4762 1421 4817 die
1449 4779 1563 4817 xvu
1594 4761 1735 4818 Julii
1769 4779 1781 4817 :

161 4851 246 4905 sed
277 4869 405 4910 cum
451 4854 701 4911 sedisset
747 4854 869 4909 dies
900 4870 1061 4919 xxm,
1094 4851 1384 4907 extinctus
1433 4855 1539 4919 est,
1574 4855 1638 4906 ut
1666 4868 1787 4907 cre-

159 4937 562 5008 ditur,veneno.
581 4944 715 4999 Post
737 4944 891 4999 hunc
908 4943 1109 4998 eodem
1132 4940 1323 4996 adhuc
1344 4957 1497 4996 anno
1524 4940 1789 5013 designa-

159 5029 241 5084 tus
260 5031 314 5086 in
336 5033 627 5089 Conventu
652 5030 1091 5096 Wormatiensi,
1116 5029 1211 5084 hic
1241 5032 1439 5085 noster
1468 5029 1787 5102 Episcopus

165 5115 455 5193 Tullensis,
476 5126 616 5179 tunc
638 5128 831 5177 Bruno
853 5118 1170 5192 dictus,qui
1193 5136 1325 5174 cum
1344 5117 1498 5173 Tulli
1517 5119 1790 5175 Natalitia

160 5204 353 5267 Christi
386 5211 759 5282 celebrasset,
790 5229 943 5267 xxvii
975 5208 1307 5266 Decembris
1338 5207 1444 5263 iter
1474 5224 1787 5279 aggressus

162 5300 238 5352 est
279 5315 378 5371 per
424 5302 818 5370 Germaniam,
859 5300 1090 5374 quando
1135 5300 1406 5371 Augustae
1457 5297 1785 5356 Vindelico-

162 5397 275 5441 rum
297 5410 323 5439 ‹‹
356 5390 579 5447 audivit
608 5389 874 5463 angelica
910 5405 1045 5445 voce
1081 5401 1352 5444 resonare
1380 5385 1780 5445 harmonicam

161 5464 654 5537 modulationemf»
678 5480 818 5536 Inde
838 5480 947 5535 iter
970 5477 1319 5545 accelerans,
1343 5475 1416 5531 ob
1445 5475 1779 5534 inundatio-

161 5573 276 5620 nem
305 5583 591 5640 aquarum
619 5570 730 5627 fuit
751 5572 985 5626 coactus
1010 5584 1106 5641 per
1133 5573 1334 5641 septem
1357 5564 1472 5621 dies
1502 5580 1635 5621 cum
1664 5582 1773 5623 suo

160 5653 415 5713 comitatu
442 5658 800 5717 subsistere:
825 5663 884 5716 et
900 5660 1096 5716 tamen
1117 5654 1355 5712 hiemali
1383 5653 1483 5711 illo
1512 5658 1771 5730 tempore

161 5734 378 5806 Romam
408 5748 661 5826 appulit,
691 5750 891 5809 forsan
920 5748 1029 5809 sub
1051 5747 1228 5807 ﬁnem
1250 5743 1515 5806 Januarii
1534 5748 1636 5805 aut
1664 5745 1770 5807 ini-

1902 3406 2214 3477 Gregorius
2243 3406 2539 3478 Septimus
2566 3408 2739 3479 Papa,
2765 3430 2792 3459 »
2827 3412 2935 3465 etc.
2963 3409 3148 3479 Hujus
3180 3411 3375 3466 Sancti
3397 3390 3543 3467 Pon-

1900 3494 2072 3550 tilicis
2102 3495 2296 3549 Vitam
2328 3494 2570 3567 Scripsit
2601 3496 2815 3553 Paulus
2853 3496 3291 3554 Bernriedensis
3337 3504 3543 3558 auctor

1899 3602 2145 3651 coaevus,
2178 3585 2235 3639 in
2281 3602 2463 3657 eaque
2492 3585 2671 3641 tradit
2717 3586 2881 3642 illum
2916 3611 2943 3637 «
2977 3588 3344 3661 aliquantum
3392 3593 3539 3646 tem-

1899 3674 2055 3747 poris
2088 3692 2310 3730 moram
2359 3674 2564 3730 fecisse
2593 3675 2652 3730 in
2684 3676 2817 3732 aula
2845 3677 3079 3733 Henrici
3125 3678 3496 3750 Imperatoris
3525 3698 3539 3736 :

1896 3765 2049 3819 addit
2076 3764 2272 3819 deinde
2303 3769 2548 3819 Leonem
2589 3764 2802 3838 Papam
2835 3784 3078 3835 nonum,
3111 3768 3289 3839 hujus
3334 3768 3542 3826 lauda-

1896 3854 2032 3908 bilis
2062 3854 2169 3909 viri
2202 3854 2575 3926 prudentiam
2607 3859 2663 3910 et
2690 3856 3056 3913 sanctitatem
3088 3873 3157 3912 ex
3186 3858 3357 3914 corde
3377 3874 3543 3915 vene-

1888 3947 2110 4015 ‘ratum,
2135 3948 2190 3999 et
2220 3943 2614 4015 amplexatum
2647 3946 2774 4015 ejus
2804 3961 2907 4018 per
2937 3946 3131 4001 omnia
3161 3946 3405 4003 consilia
3437 3965 3450 4003 :
3483 3952 3541 4004 et

1897 4032 2045 4087 hanc
2078 4050 2276 4088 eorum
2317 4033 2686 4099 concordiam
2730 4033 3050 4105 plurimum
3086 4036 3143 4090 in
3175 4052 3313 4108 agro
3342 4036 3538 4093 Domi-

1897 4123 2026 4178 nico
2058 4122 2243 4194 spinis
2271 4122 2451 4178 erutis
2484 4122 2905 4181 fructiﬁcasse:
2934 4125 3155 4182 interea
3187 4125 3376 4193 illum,
3400 4127 3538 4183 sub-

1897 4211 2205 4266 diaconum
2229 4212 2298 4266 ab
2322 4212 2524 4266 eodem
2548 4212 2700 4284 Papa
2719 4214 3076 4281 ordinatum,
3101 4216 3456 4273 monasterio
3478 4217 3535 4273 S.

1898 4300 2079 4369 Pauli,
2098 4299 2505 4356 miserabiliter
2523 4301 3113 4374 desolato,przelatum
3134 4304 3372 4361 fuisse.»
3386 4307 3542 4362 Post-

1898 4391 2139 4445 modum
2164 4412 2191 4439 «
2211 4388 2532 4461 spiritualis
2563 4390 2834 4463 agricola,
2860 4392 3109 4448 Sanctus
3133 4394 3398 4450 videlicet
3428 4395 3538 4451 Leo

1897 4481 2070 4551 Papa,
2087 4480 2460 4535 considerans
2478 4488 2534 4535 et
2551 4480 2848 4537 admirans
2871 4481 3124 4537 multum
3142 4482 3398 4540 fructum
3419 4483 3537 4557 pal-

1898 4568 2059 4623 mitis
2115 4569 2314 4640 hujus,
2347 4585 2413 4625 eo
2444 4570 2596 4641 quod
2654 4568 2777 4641 ipse
2832 4576 3093 4627 maneret
3131 4572 3190 4627 in
3222 4571 3448 4629 Christo
3479 4577 3538 4631 et

1897 4658 2165 4714 Christus
2192 4658 2248 4713 in
2280 4658 2705 4729 ipso,dilatavit
2736 4659 2794 4714 in
2825 4676 2890 4715 eo
2914 4660 3273 4717 mansionem
3297 4661 3534 4731 Christi,

1895 4765 1998 4821 per
2028 4748 2460 4820 impositionem
2505 4748 2737 4804 Ordinis
2786 4749 3046 4819 Levitici;
3076 4754 3151 4817 et,
3184 4755 3248 4806 ut
3280 4751 3536 4808 fructum

1896 4837 2028 4910 plus
2055 4839 2284 4893 al‘l‘erret
2315 4838 2587 4893 Romanae
2620 4838 2905 4906 Ecclesiae,
2928 4839 3416 4897 Archidiaconum
3446 4841 3539 4897 in-

1896 4927 2140 4982 stituit.»
2169 4928 2291 4981 llzec
2326 4927 2425 4981 ibi.
2450 4928 2528 4981 Ex
2559 4927 2775 4999 quibus
2807 4928 3081 4984 omnibus
3109 4928 3440 5002 colligimus
3477 4930 3536 4987 S.

1898 5017 2148 5073 Leonem
2180 5034 2291 5071 non
2326 5015 2507 5071 fuisse
2539 5016 2597 5072 in
2629 5017 2782 5072 dicto
2812 5017 3019 5074 itinere
3041 5018 3322 5091 Cluniaci,
3351 5036 3540 5092 neque

1897 5106 2162 5174 inde,scd
2197 5123 2264 5161 ex
2294 5105 2429 5161 aula
2452 5106 2821 5177 Imperatoris
2852 5107 3168 5165 adduxisse
3201 5109 3538 5167 Hildebran-

1896 5198 2068 5265 dum;
2104 5211 2291 5267 neque
2321 5195 2499 5265 hujus
2532 5195 2953 5262 admonitione,
2988 5198 3253 5270 deposita
3283 5199 3536 5256 Cluniaci

1895 5302 2174 5360 purpura,
2206 5284 2601 5357 assumpsisse
2631 5286 2922 5357 peregrini
2955 5287 3430 5359 babitum,quem
3464 5289 3535 5344 ab

1891 5375 2056 5432 initio
2079 5374 2304 5431 itineris
2326 5378 2645 5447 acceperat.
2666 5374 2797 5430 Fuit
2826 5374 3254 5433 Hildebrandus
3274 5376 3532 5447 primum

1885 5465 2303 5540 tergiversatus
2332 5462 2623 5532 invitanti,
2653 5463 2933 5536 objiciens
2956 5488 2983 5515 «
3009 5465 3147 5537 quia
3175 5480 3286 5519 non
3317 5479 3532 5521 secun-

1884 5562 2026 5620 dum
2051 5556 2404 5621 Canonicam
2423 5553 2982 5621 institutionem,sed
3003 5569 3104 5625 per
3118 5550 3453 5610 stecularem
3475 5572 3533 5634 et

1880 5655 2104 5730 regiam
2134 5648 2501 5727 potestatem,
2526 5643 2848 5702 Romanam
2873 5641 3183 5700 Ecclesiam
3214 5640 3524 5730 arriperet.

1876 5728 1986 5808 Leo
2015 5761 2169 5814 vero,
2203 5744 2269 5799 ut
2295 5740 2418 5796 erat
2443 5738 2652 5794 natura
2680 5733 2922 5808 simplex
2950 5735 3121 5804 atque
3151 5728 3524 5809 mitissimus,
