3880 6360
410 503 526 572 515

409 731 696 790 voluerat,
730 726 966 781 ratione.
996 745 1022 773 »
1054 723 1183 779 Haec
1214 721 1425 775 Bruno.

484 865 538 917 8.
557 861 754 917 Altera
774 854 1163 914 controversia
1187 848 1519 908 desumitur
1547 862 1615 901 ex
1645 840 1928 900 Chronico
1958 837 2058 891 Ca-

413 951 634 1008 sinensi
666 947 872 1004 Leonis
917 940 1226 1000 Marsicani
1276 935 1545 1010 Episcopi
1573 930 1876 996 Ostiensis,
1905 941 2058 981 anno

413 1040 616 1096 MCXV
645 1037 764 1092 vita
810 1033 1012 1100 functi,
1041 1029 1141 1102 qui
1185 1027 1386 1083 scribit
1435 1025 1536 1079 lib.
1573 1040 1634 1092 ιι,
1666 1036 1791 1090 cap.
1823 1017 1912 1070 81.
1937 1038 1962 1065 ‹‹
1997 1014 2054 1068 S.

413 1132 661 1186 Leonem
709 1124 1068 1188 Pontificum,
1103 1119 1306 1174 eodem
1339 1132 1454 1186 quo
1486 1112 1790 1168 ordinatus
1821 1110 1910 1160 est
1956 1119 2056 1158 au-

411 1235 507 1288 no,
539 1215 817 1274 orationis
847 1211 1033 1285 gratia
1079 1213 1335 1263 montem
1375 1204 1706 1272 Garganum
1740 1194 1992 1268 petiisse.
2029 1212 2054 1240 ››

410 1307 624 1362 Verum
657 1304 714 1358 id
756 1299 1070 1371 contigisse
1124 1311 1276 1350 anno
1327 1288 1592 1362 sequenti
1639 1287 1791 1340 infra
1820 1280 2056 1354 patebit.

409 1395 651 1450 Videtur
679 1393 882 1447 auctor
914 1370 1005 1441 hic
1042 1400 1227 1439 annos
1267 1400 1300 1435 a
1333 1377 1609 1434 Paschate
1643 1370 1971 1440 incmpisse,
2005 1370 2062 1420 et

411 1485 496 1539 sic
529 1483 786 1554 primum
826 1477 1002 1533 etiam
1035 1487 1256 1528 annum
1301 1470 1360 1522 S.
1397 1465 1604 1521 Leonis
1650 1459 1977 1521 inchoasse,
2009 1458 2064 1508 et

409 1573 522 1628 hoc
545 1566 1182 1644 posito,consequenter
1205 1555 1437 1629 singula
1460 1555 1726 1609 accurate
1748 1547 1872 1604 suis
1893 1543 2063 1599 annis

416 1657 754 1716 attribuisse
784 1670 942 1720 eum,
965 1634 1127 1705 infra
1158 1645 1555 1702 ostendemus.
1586 1639 1823 1703 Verum,
1858 1638 1922 1688 ut
1948 1634 2061 1686 An-

416 1748 638 1804 selmus
681 1745 741 1800 in
779 1743 907 1814 ejus
963 1735 1262 1794 Itinerario
1324 1733 1512 1798 docet,
1543 1725 1788 1798 explevit
1812 1745 1838 1772 ‹‹
1871 1722 2062 1775 Romae

417 1829 950 1908 Quadragesimalis
985 1825 1265 1896 temporis
1299 1819 1544 1892 jejunia,
1579 1809 2066 1879 succedentiaque

418 1923 730 1982 Dominicae
759 1913 1204 1975 resurrectionis
1226 1907 1538 1966 celebravit
1557 1901 1898 1961 solemnia.»
1921 1897 2066 1952 Prai-

417 2017 574 2068 terea
603 2010 972 2066 Hermannus
1003 2003 1367 2062 Contractus,
1392 1994 1494 2066 qui
1539 1994 1739 2048 eodem
1771 2003 1924 2045 anno
1951 2001 2066 2057 quo
2095 1981 2144 2046 B

417 2102 476 2156 S.
509 2101 616 2155 Leo
648 2101 916 2152 mortuus
965 2097 1072 2157 cst,
1108 2086 1434 2144 monachus
1480 2079 1810 2154 Augiensis,
1845 2075 2067 2130 scilicet

417 2187 621 2255 MLIV,
652 2186 766 2241 ista
808 2181 1010 2238 scribit
1043 2196 1056 2234 :
1083 2200 1110 2227 «
1147 2178 1207 2232 In
1239 2171 1698 2243 Quadragesima
1736 2166 2062 2227 ordinatus,

418 2275 624 2334 Leonis
654 2273 793 2329 noni
826 2285 1038 2327 nomen
1062 2265 1300 2336 accepit.
1322 2261 1429 2328 Qui
1461 2259 1520 2313 in
1553 2256 1814 2330 proximo
1844 2251 2068 2306 Pascha

419 2363 776 2428 Udalricum,
801 2355 1110 2431 Augiensis
1143 2349 1390 2408 coenobii
1419 2346 1797 2411 Provisorem,
1822 2341 2064 2395 Romam

421 2453 768 2515 venientem,
812 2429 1055 2503 Abbatis
1112 2437 1514 2497 benedictione
1571 2429 1961 2495 consecravit;
2014 2431 2070 2482 et

421 2541 687 2616 ejusdem
722 2532 1055 2594 monasterii
1109 2527 1432 2603 privilegia,
1467 2521 1797 2593 antiquitus
1845 2535 1880 2572 a
1925 2517 2072 2571 Sede

420 2605 750 2706 A'postolica
792 2625 1026 2690 tradita,
1063 2637 1171 2677 sua
1217 2614 1562 2674 auctoritate
1611 2605 1979 2665 confirmavit
2015 2609 2072 2659 et

422 2717 738 2784 innovavit,
789 2713 1112 2770 Indictione
1151 2726 1212 2774 ιι,
1246 2723 1326 2762 νιι
1359 2701 1645 2758 Kalendas
1693 2695 1926 2769 Aprilis,
1955 2716 1980 2742 ››
2014 2693 2070 2747 id

424 2816 512 2868 est
541 2807 729 2882 pridie
757 2801 1070 2860 Dominica:
1102 2795 1473 2858 Palmarum;
1506 2805 1641 2860 ergo
1671 2788 1824 2842 hanc
1855 2781 2076 2838 Palma-

426 2915 559 2955 rum
581 2894 954 2952 festivitatem
978 2905 1093 2943 non
1118 2881 1428 2941 celebravit
1449 2878 1600 2933 dicto
1623 2891 1774 2931 anno
1797 2873 1854 2927 in
1877 2873 2075 2926 monte

427 2981 837 3054 Casino,quod
881 2995 950 3034 ex
997 2977 1187 3032 Leone
1233 2969 1558 3026 Marsicano
1615 2961 2070 3020 assumebatur:

429 3075 554 3142 sed,
588 3075 654 3126 ut
682 3070 832 3124 infra
861 3067 1108 3130 dicetur,
1141 3077 1292 3116 anno
1323 3055 1612 3127 sequenti.

497 3206 555 3259 9.
580 3224 609 3253 «
641 3201 797 3258 Idem
829 3199 1001 3269 Papa,
1027 3217 1054 3245 η
1089 3192 1280 3264 inquit
1309 3190 1678 3246 Hermannus
1709 3185 2076 3245 Contractus,

431 3318 459 3344 ‹‹
475 3295 532 3348 in
552 3268 1066 3358 hebdomadapost
1077 3281 1306 3348 Albas,»
1323 3279 1378 3334 id
1399 3281 1482 3333 est
1502 3279 1630 3348 post
1645 3272 2000 3330 Dominieam
2018 3268 2077 3323 in

1757 489 1821 550 S.
1867 481 2018 547 LEO
2059 479 2141 542 IX
2185 471 2419 538 PAPA.

417 640 708 715 patienter
737 637 787 693 ei
819 628 1098 692 satisfecit
1126 629 1350 688 reddita
1379 627 1450 682 de
1483 623 1772 688 omnibus,
1795 619 1944 674 sicut
1966 613 2059 669 ille
2087 614 2143 679 Α

3740 454 3836 514 516

2245 634 2269 658 ‹‹
2304 610 2390 663 10.
2416 604 2676 676 Denique
2707 601 2958 658 domnus
3005 597 3181 670 Papa,
3215 611 3250 649 a
3297 592 3673 650 Leucorum
3721 588 3836 644 urbe

2165 699 2484 770 digressus,
2519 694 2628 749 iter
2659 692 2730 747 ad
2771 691 3118 746 Remensem
3152 685 3393 741 ducens
3450 680 3683 736 urbem
3715 677 3834 733 arri-

2166 766 2322 860 puit;
2356 787 2411 840 in
2437 783 2630 856 vigilia
2651 784 2708 838 S.
2734 777 3034 836 Michaelis
3056 776 3128 832 ad
3149 771 3640 832 Curmolensem
3662 766 3834 824 villam

2165 876 2322 932 venit
2345 892 2358 929 :
2384 873 2476 928 die
2497 887 2630 927 vero
2652 867 2918 941 sequenti
2939 866 3011 922 ad
3036 866 3316 922 Sanctum
3340 858 3646 934 pervenit
3667 857 3838 912 Remi.

2167 965 2326 1036 gium
2337 957 2821 1032 ,Archiepiscopis
2835 956 2906 1010 tri
2917 956 3028 1010 bus
3044 945 3838 1015 comitantibus,Trevirensi

2165 1051 2454 1114 videlicet,
2489 1045 2880 1118 Lugdunensi,
2901 1039 3388 1107 Vesontionensi,
3417 1036 3695 1108 aliisque
3723 1033 3840 1088 viris

2169 1138 2614 1196 honorabilibus
2648 1152 2660 1188 :
2694 1134 2848 1188 inter
2877 1148 3024 1203 quos
3054 1135 3175 1185 erat
3207 1129 3493 1184 Joannes
3531 1123 3841 1197 Episcopus

2172 1226 2528 1290 Portuensis,
2557 1230 2613 1280 et
2644 1223 2848 1277 Petrus
2895 1219 3166 1275 Ecclesiae
3214 1218 3520 1272 Romanae
3564 1213 3842 1267 Diaconua

2171 1325 2227 1373 et
2255 1316 2440 1388 ipsius
2475 1311 2644 1367 l‘rbis
2684 1311 3012 1366 Praefectus.
3048 1307 3108 1362 In
3141 1306 3288 1360 atrio
3331 1302 3633 1358 Basilicas
3663 1298 3840 1370 dispo-

2169 1409 2330 1461 nitur
2359 1400 2770 1458 deeentissima
2797 1395 3114 1471 processio,
3138 1392 3462 1464 Episcopis
3497 1390 3724 1453 tribus,
3747 1387 3843 1442 Sil-

2170 1490 2500 1549 vanectensi
2520 1487 2806 1555 videlicet,
2823 1482 3247 1556 Andegavensi,
3263 1479 3667 1544 Nivernensi,
3691 1477 3844 1547 longe

2173 1583 2428 1653 digestos
2450 1575 2683 1634 ordines
2700 1571 3200 1636 antecedentibus,
3215 1573 3383 1623 textu
3393 1583 3594 1638 mque
3605 1566 3844 1635 Evange-

2171 1670 2234 1725 lii
2263 1685 2395 1724 cum
2428 1683 2582 1737 aqua
2613 1662 2914 1718 benedicta
2943 1664 3000 1716 et
3027 1661 3365 1715 aromatum
3390 1657 3591 1712 odore
3625 1653 3842 1709 ferenti-

2173 1759 2304 1813 bus.
2329 1757 2422 1811 Sic
2442 1755 2656 1824 Papam
2688 1750 3091 1806 advenientem
3122 1745 3476 1817 suscipiunt
3507 1759 3652 1799 cum
3677 1742 3842 1813 digna

2175 1843 2569 1900 modulatione
2592 1857 2606 1896 :
2631 1839 2750 1910 qui,
2774 1836 3000 1908 expleta
3019 1835 3299 1900 oratione,
3317 1834 3652 1889 adstantes
3673 1829 3842 1884 laetiﬁ-

2174 1933 2321 1990 cavit
2345 1928 2739 1986 benedictione
2755 1923 3174 1998 Apostolica,et
3193 1922 3408 1978 exinde
3435 1919 3758 1976 deducitur
3774 1916 3837 1973 ad

2175 2020 2423 2077 civitatis
2453 2017 2686 2074 moenia.
2719 2015 2800 2070 lbi
2835 2012 3140 2069 Remensis
3173 2004 3406 2078 Clarus,
3431 2025 3583 2065 cum
3613 2006 3838 2064 Archie-

2175 2111 2411 2184 piscopo
2433 2124 2540 2162 suo
2559 2099 3365 2176 aliisqueEpiscopisobviam
3391 2098 3834 2172 prOCBGODSJIS'

2176 2215 2288 2270 que
2316 2198 2384 2252 ad
2416 2193 2734 2250 Ecclesiam
2758 2193 2816 2248 S.
2842 2191 3032 2246 Mariae
3065 2189 3406 2244 comitatur.
3435 2187 3528 2242 Ibi
3561 2185 3832 2243 Sacerdo-

2175 2287 2393 2344 talibus
2415 2284 2722 2340 redimitus
2743 2280 3074 2352 insignibus
3107 2278 3399 2350 processit
3421 2277 3502 2332 ad
3532 2275 3830 2330 Missamm

2179 2375 2523 2432 celebranda
2555 2370 2838 2427 solennia.
2870 2369 2972 2424 Die
3014 2367 3405 2438 subsequenti
3439 2365 3519 2421 ad
3559 2365 3621 2420 S.
3655 2361 3828 2418 Remi-

2179 2467 2338 2538 gium
2373 2461 2668 2527 remeavit,
2695 2459 3100 2514 imminentem
3126 2455 3274 2511 tanti
3300 2455 3506 2510 Patris
3528 2450 3823 2510 solennita-

2179 2562 2294 2610 tem
2325 2557 2386 2608 in
2417 2550 2668 2608 crastino
2699 2547 3120 2603 celebraturus.
3154 2547 3277 2610 Quo
3309 2544 3410 2600 die
3455 2543 3616 2600 circa
3643 2541 3825 2596 horam

2180 2643 2430 2707 tertiam,
2449 2637 2754 2694 redimitus
2776 2635 2978 2690 infulis
2997 2633 3586 2702 Sacerdotalibus,ad
3605 2627 3823 2702 gloriosi

2182 2732 2367 2788 Patris
2399 2727 2645 2800 Remigii
2677 2724 3011 2796 sepulcrum
3036 2724 3299 2795 procedit
3319 2739 3464 2778 cum
3497 2718 3827 2793 thymiama-

2181 2821 2344 2875 teriis
2375 2822 2431 2874 et
2459 2816 2752 2902 crucibus,
2777 2814 3014 2869 sociatis
3045 2811 3156 2867 sibi
3189 2809 3670 2884 Archiepiscopis
3698 2821 3822 2879 qua-

2183 2914 2334 2977 tuor,
2379 2895 2649 2962 Remensi
2695 2902 2979 2969 videlicet,
3032 2899 3382 2969 Trevirensi,
3437 2895 3824 2972 Lugdunensi,

2183 2993 2628 3053 Vesontionensi
2658 3008 2791 3048 cum
2839 2989 3195 3062 quibusdam
3225 2989 3380 3057 aliis,
3417 2989 3529 3045 sed
3573 2992 3632 3045 et
3657 2985 3825 3058 ipsius

2185 3086 2294 3142 loci
2317 3085 2556 3151 Abbate,
2575 3084 2630 3136 tiu
2661 3098 2712 3134 m
2725 3095 2912 3151 noque
2936 3079 3179 3150 Hugone
3197 3077 3526 3134 venerabili
3548 3077 3714 3132 Patre
3731 3089 3824 3128 cc:-

2187 3174 2344 3230 nobii
2375 3173 2793 3234 Cluniacensis,
2828 3176 2884 3223 et
2915 3168 3073 3223 illius
3103 3167 3338 3222 Ordinis
3373 3165 3676 3238 plurimis.
3699 3165 3824 3220 Cum

2188 3264 2400 3338 quibus
2438 3261 2642 3316 litania
2689 3260 2904 3314 facta...
2938 3261 3214 3313 feretrum
3263 3256 3468 3312 Sancti
3501 3273 3538 3312 a
3566 3270 3671 3310 suo
3714 3251 3824 3306 loco

429 3342 658 3450 Albis;
676 3342 975 3450 Sir-nodum
1001 3389 1136 3429 cum
1161 3342 1464 3442 Episc0pis
1496 3342 1670 3422 italiae
1702 3363 1896 3418 Romae
1927 3359 2072 3414 cele-
2101 3344 2146 3414 C
2185 3351 2490 3427 paululum
2518 3349 2794 3405 removit:
2820 3351 2894 3416 et,
2921 3345 3020 3403 ubi
3051 3349 3455 3419 competenter
3484 3342 3821 3416 dispositum

431 3471 670 3528 bravit.»
687 3466 1012 3531 Scilicet,ut
1025 3461 1324 3516 Wibertus
1346 3457 1496 3512 intra
1515 3453 1782 3526 explicat,
1799 3451 2074 3506 adversus

431 3557 813 3622 Simoniacos,
833 3559 889 3610 et
919 3552 1235 3624 Episcopos
1265 3546 1408 3602 tales
1431 3543 1726 3617 deposuit;
1752 3541 1889 3595 item
1922 3537 2074 3594 deci-

435 3663 665 3705 marum
687 3659 861 3700 usum
893 3637 1268 3712 praescripsit,
1285 3640 1342 3691 et
1363 3635 1614 3690 incestas
1644 3630 1880 3702 nuptias
1899 3627 2079 3684 disci-

435 3736 539 3792 dit.
563 3733 738 3789 Varia
767 3731 941 3787 etiam
968 3729 1038 3783 de
1065 3727 1178 3781 hac
1199 3724 1428 3796 Synodo
1451 3722 1629 3777 tradit
1650 3721 1709 3776 Β.
1739 3719 1939 3774 Petrus
1966 3718 2080 3772 Da-

436 3823 668 3880 mianus
699 3821 756 3874 in
789 3815 1035 3890 epistola
1064 3814 1132 3870 ad
1169 3813 1480 3868 Henricum
1523 3810 1914 3865 Ravennatem
1946 3805 2082 3878 Epi-

436 3927 666 3984 copum,
697 3925 824 3981 quae
874 3903 1026 3978 apud
1080 3901 1391 3958 Baronium
1426 3902 1482 3955 et
1509 3899 1569 3953 in
1601 3897 1778 3953 tomis
1811 3894 2086 3952 Concilio-

435 4017 566 4058 rum
622 3998 924 4070 allegatur.
982 3992 1214 4057 Deinde,
1262 3993 1409 4044 teste
1467 3989 1669 4042 eodem
1732 3987 2085 4053 Hermanno,

437 4112 464 4140 «
485 4089 642 4144 idem
673 4087 829 4156 Papa
870 4085 930 4138 in
962 4079 1334 4136 hebdomade
1381 4078 1747 4133 Pentecostes
1779 4075 1952 4130 aliam
1986 4077 2088 4147 Sy-

437 4177 657 4234 nodum
684 4173 874 4244 Papia
907 4167 1298 4240 congregavit,
1325 4167 1575 4238 indeque
1601 4181 1702 4238 per
1723 4167 1980 4218 montem
2001 4165 2096 4225 Jo-

437 4267 528 4323 vis
547 4279 684 4320 cum
707 4261 976 4334 pluribus
999 4259 1394 4312 Romanorum
1429 4255 1486 4310 in
1517 4252 1936 4324 Transalpinas
1967 4271 2096 4326 par-

439 4361 528 4412 tes
562 4351 792 4410 devenit
822 4367 835 4406 :
867 4371 887 4398 ι
915 4361 980 4404 ac
1009 4345 1219 4418 primo,
1245 4348 1312 4398 ut
1341 4341 1545 4400 scribit
1569 4341 1883 4398 Anselmus
1913 4342 1970 4398 in
2007 4343 2098 4398 lti-

442 4441 694 4506 nerario,
713 4463 739 4490 «
761 4436 906 4494 adiit
940 4435 1376 4507 Imperatorem,
1398 4433 1457 4486 in
1480 4431 1712 4502 regione
1735 4447 2099 4487 commoran-

440 4539 558 4590 tem
588 4527 906 4588 Saxonica:
935 4547 962 4574 »
986 4522 1086 4596 qui
1129 4521 1302 4577 ambo
1330 4541 1358 4570 «
1379 4517 1672 4576 Coloniam
1709 4519 2098 4591 Agrippinam

443 4621 801 4679 advenerunt
820 4615 884 4672 in
899 4609 1306 4686 Apostolorum
1330 4607 1482 4664 Petri
1506 4611 1561 4662 et
1579 4607 1739 4662 Pauli
1761 4607 2026 4664 natalitio
2049 4627 2096 4664 ει»

2184 3444 2313 3510 fuit,
2338 3457 2470 3496 cum
2496 3437 2748 3512 praefatis
2765 3435 3232 3508 Archiepiscopis
3253 3439 3309 3492 et
3326 3435 3680 3498 Abbatibus,
3703 3445 3822 3500 sup-

2186 3530 2392 3604 positis
2415 3526 2673 3584 humeris
2694 3525 2837 3580 illud
2855 3525 3055 3581 devote
3071 3523 3404 3597 lacrymans
3421 3517 3823 3582 extulit...Col-

2185 3620 2372 3676 locato
2393 3635 2459 3674 eo
2481 3617 2540 3673 in
2563 3615 2806 3672 ecclesia
2825 3617 3036 3670 sanctae.
3057 3613 3160 3670 Dei
3179 3613 3498 3672 Genitricis
3519 3617 3697 3685 super
3716 3624 3834 3665 san.

2189 3715 2292 3766 ctae
2341 3707 2542 3765 Crucis
2593 3703 2794 3774 altare,
2829 3703 3316 3776 Archiepiscopus
3361 3702 3826 3761 Vesontionensis

2192 3801 2500 3854 Missarurr.
2523 3793 2786 3851 solennia
2815 3794 2885 3850 de
2913 3792 3100 3866 ipsius
3124 3793 3364 3866 gloriosi
3383 3794 3577 3852 Patris
3598 3793 3828 3850 celebra-

2194 3890 2275 3943 vit
2305 3885 2629 3942 festivitate.

2270 4002 2293 4024 ι‹
2319 3974 2524 4030 ll.Diei
2544 3973 2763 4028 interea
2779 3971 2974 4044 elapso
2991 3971 3424 4042 curriculo,nox
3445 3971 3826 4046 subsequitur:

2201 4082 2370 4120 mane
2397 4067 2586 4118 autem
2611 4061 2874 4117 Domnus
2895 4061 3048 4133 Papa
3069 4063 3402 4120 convocatis
3424 4061 3742 4138 Episcopis,
3758 4057 3832 4112 in-

2199 4159 2288 4210 tro
2312 4148 2616 4208 dedicandi
2641 4149 2978 4206 monasterii
3001 4149 3223 4217 abdita,
3247 4152 3504 4224 singulis
3526 4149 3751 4224 singula
3766 4143 3826 4202 ad

2204 4241 2663 4300 consecrandum
2687 4238 2974 4312 delegavit
2993 4237 3200 4296 altaria
3219 4245 3278 4296 et
3298 4241 3621 4298 missarum
3641 4237 3830 4295 solem-

2206 4333 2304 4388 nia
2322 4331 2476 4386 idem
2495 4329 2756 4385 Pontifex
2771 4345 2837 4384 ex
2855 4327 3236 4384 dedicationis
3253 4329 3567 4388 celebravit
3583 4325 3826 4386 festivita-

2205 4427 2280 4478 te.
2307 4421 2478 4476 Lecto
2499 4417 2826 4490 Evangelia,
2851 4415 3144 4490 pulpitum
3165 4421 3570 4478 conscendens
3589 4417 3828 4475 exhorta-

2209 4510 2382 4566 tionis
2413 4522 2742 4564 sermonem
2769 4505 2902 4561 fccit
2931 4505 3004 4561 ad
3035 4505 3522 4566 circumstantem
3550 4503 3822 4582 populum.

2211 4597 2399 4655 multa
2427 4615 2496 4654 ex
2524 4595 2709 4668 ipsius
2746 4593 2944 4666 templi
2986 4595 3451 4654 sanctiﬁcatione
3483 4593 3826 4654 concionatus

442 4711 778 4780 ibidemque
819 4705 878 4760 S.
912 4681 1024 4758 L-eo
1055 4699 1407 4756 Herimanno
1439 4695 1892 4768 Archiepiscopo
1930 4695 2090 4753 varia
2117 4715 2164 4782 D
2199 4687 2376 4782 ptilia
2419 4685 2636 4782 ndica-1
2686 4682 2845 4782 illam
2895 4681 3183 4740 celebrem
3240 4701 3370 4742 esse
3432 4683 3699 4759 praecepit
3743 4688 3826 4748 per

446 4797 744 4872 privilegia
773 4791 1087 4859 concessit;
1120 4793 1178 4845 et
1214 4785 1512 4843 Herimaro
1559 4785 1764 4840 Abbati
1815 4785 2086 4842 Romensi

446 4885 694 4944 ccenobii
724 4886 783 4940 S.
809 4879 1081 4953 Remigii,
1105 4877 1240 4934 istic
1271 4873 1501 4930 obviam
1533 4874 1704 4942 facto,
1729 4874 2015 4942 adrlixit,«
2043 4890 2102 4930 se

450 4978 508 5033 in
563 4972 934 5030 solemnitate
987 4969 1046 5023 S.
1091 4963 1388 5021 Michaelis
1445 4961 1788 5034 Archangeli
1832 4985 1860 5012 »
1892 4963 2103 5020 Remos

453 5087 482 5116 ‹‹
505 5061 917 5126 venturum,et
937 5055 995 5110 in
1019 5053 1264 5109 ecclesia
1283 5051 1348 5107 B.
1372 5051 1562 5106 Mariae
1593 5051 1905 5107 Missarum
1939 5068 2105 5108 sacra

455 5149 908 5205 celebraturum.
936 5144 1169 5199 Festum
1189 5157 1324 5196 vero
1346 5138 1582 5212 gloriosi
1625 5139 1810 5195 Patris
1833 5140 2102 5212 Remigii,

456 5233 697 5311 pretiosi
729 5231 986 5304 corporis
1027 5231 1154 5299 ejus
1195 5227 1526 5295 elevationi;
1561 5231 1616 5282 et
1646 5228 2100 5299 subsequentem

455 5326 608 5382 diem
643 5321 895 5378 basilicae
917 5315 1360 5384 consecrationi,
1381 5321 1602 5370 ceteros
1625 5315 1833 5370 deinde
1861 5321 1978 5370 tres
2000 5320 2102 5388 Sy-

454 5415 596 5472 nodi
625 5413 868 5484 deputat
896 5404 1290 5464 celebrationi.
1310 5405 1576 5460 Ceterum
1599 5403 1752 5474 Papa
1773 5402 2004 5459 Colonia
2023 5405 2106 5460 di-

458 5518 718 5578 gressus,
741 5497 975 5556 Tullum
991 5495 1052 5549 in
1077 5492 1438 5548 Exaltatione
1459 5495 1668 5546 sanctze
1691 5489 1890 5546 Crucis
1909 5491 2065 5546 venit
2088 5509 2100 5548 :

459 5577 598 5648 inde
627 5583 1175 5659 circumjecentium
1199 5580 1502 5652 regionum
1525 5577 1822 5650 Episcopis
1855 5583 1910 5634 et
1938 5579 2106 5636 abba-

461 5681 622 5738 tibus
649 5677 861 5735 litteris
893 5691 1013 5733 suae
1043 5668 1413 5730 auctoritatis
1445 5666 1711 5724 mandari
1742 5668 2014 5740 praecepit
2041 5672 2107 5724 nt

463 5769 527 5827 in
553 5767 786 5840 preﬂxa
813 5765 907 5822 die
946 5762 1058 5821 sibi
1105 5760 1494 5826 occurrerent,
1527 5757 1595 5815 ad
1631 5757 1927 5832 Synodum
1959 5755 2104 5814 cele-

464 5854 751 5919 brandam
776 5855 837 5913 in
856 5852 1100 5914 basilica
1117 5848 1340 5928 praefati
1362 5848 1717 5910 Francorum
1736 5844 2067 5927 Apostoli...

2198 4775 2502 4834 Remensis
2518 4771 2808 4845 Episcopii
2833 4772 3476 4831 confinia...Constituit
3504 4775 3673 4832 etiam
3694 4771 3750 4824 ut
3767 4760 3826 4818 ad

2211 4866 2412 4933 altare,
2445 4863 2599 4936 quod
2639 4862 2700 4918 in
2741 4860 2960 4918 honore
2988 4861 3402 4932 Apostolorum
3433 4865 3584 4921 Petri
3611 4864 3664 4918 et
3688 4847 3824 4912 Pauli

2210 4960 2268 5012 et
2313 4952 2626 5010 Ciementis
2671 4955 2730 5006 et
2777 4949 3180 5022 Christophori
3227 4952 3553 5026 Martyrum
3596 4939 3824 5024 gloriosi-

2213 5060 2325 5116 que
2399 5039 2758 5098 Confessoris
2816 5039 3064 5111 Remigii
3122 5048 3582 5110 consecraverat,
3631 5040 3683 5094 et
3732 5041 3822 5085 ηοιι

2210 5132 2526 5188 indiscrete
2555 5147 2588 5186 a
2621 5129 2952 5201 quibusque
2994 5129 3071 5184 sic
3085 5133 3147 5184 ut
3175 5129 3462 5188 hactenus
3492 5119 3822 5188 sacrosancti1

2213 5221 2493 5294 mysteria
2538 5221 2844 5290 agerentur
2887 5233 2900 5272 ε
2947 5217 3049 5272 sed
3098 5219 3428 5276 secundum
3477 5231 3686 5276 morem
3733 5207 3822 5262 ΗΟ·

2215 5329 2400 5366 mante
2459 5307 2715 5364 ecclesiae
2774 5310 2998 5377 septem
3057 5309 3468 5365 tantummodo
3526 5299 3822 5366 Sacerdotes

2212 5398 2508 5473 digniores
2561 5395 2634 5451 ad
2691 5395 2802 5451 hoc
2849 5393 3108 5451 ofﬁcium
3159 5396 3597 5468 deputarentur.
3644 5379 3824 5448 Deinde

2212 5485 2498 5560 explicitis
2545 5483 2762 5540 divinis
2811 5483 3057 5554 Ofﬁciis,
3087 5485 3423 5556 Apostolica
3469 5475 3823 5544 benedictione

2213 5575 2588 5634 sanctificans
2655 5571 2936 5645 populum
2993 5572 3240 5630 dimisit.
3309 5574 3415 5631 Die
3467 5591 3599 5632 vero
3654 5565 3817 5645 alteng

2215 5682 2338 5738 quae
2379 5667 2470 5743 est
2514 5642 2962 5736 quinto—Nonas
3010 5661 3298 5736 Octobris,
3348 5657 3674 5738 congregati
3713 5642 3822 5708 eumt

2214 5756 2274 5812 in
2315 5741 2638 5812 memorata
2676 5749 2920 5808 basilica
2958 5751 3228 5826 Episcopi
3264 5737 3497 5826 viginti,
3529 5765 3656 5810 cum
3683 5737 3818 5826 quin:

2213 5844 2496 5924 quaginta
2553 5841 2672 5903 fere
2733 5817 3058 5901 Abbatibns
3134 5817 3193 5903 et
3266 5817 3398 5905 aliis
3477 5817 3818 5904 Ecclesiasﬁoi
