3880 6414
57 532 165 594 517
258 584 265 589 .

766 520 1328 587 PROLEG.--DE
1371 524 1436 585 S.
1486 518 1744 588 LEONE
1788 526 1870 589 1X
1915 524 2036 587 PP.
2084 522 2739 592 COMMENTARIUS.

3338 526 3456 594 518

63 662 270 721 ordinis
295 655 1047 733 quamplurimis...0uibus
1077 657 1471 715 residentibus
1502 675 1691 715 surre—
1718 660 1772 727 Α
1806 658 1992 714 tribus
2023 660 2354 727 comedens,
2389 664 2519 732 post
2550 661 2863 733 prandium
2903 661 2963 716 in
2994 661 3327 733 Capitulum
3362 680 3458 718 ve-

62 755 139 809 xit
158 753 602 816 Petrus,sanctai
630 748 902 803 Romanae
924 747 1191 803 Ecclesiae
1214 748 1700 820 Diaconus,expo-

61 857 198 899 nens
219 840 292 895 de
319 837 539 909 quibus
568 836 629 892 in
658 837 889 908 Synodo
920 852 1112 891 sermo
1141 840 1297 892 esset
1345 836 1650 893 habendus
1686 852 1699 890 :

60 932 126 985 de
155 926 360 985 multis
388 924 657 981 videlicet
684 924 928 991 illicitis,
962 924 1020 979 id
1068 928 1175 990 est,
1228 925 1560 980 Simoniaca
1587 924 1701 979 hae-

62 1018 200 1085 resi;
234 1016 305 1072 de
334 1013 677 1070 ministeriis
706 1013 1118 1070 ecclesiasticis
1149 1018 1205 1069 et
1243 1013 1527 1069 altaribus
1576 1030 1704 1085 quis

61 1125 93 1163 a
110 1106 275 1163 laicis
300 1103 682 1170 tenebantur;
716 1103 788 1157 de
818 1101 1010 1174 pravis
1026 1102 1555 1158 consuetudinibus
1578 1119 1703 1173 qua

64 1197 130 1252 ab
169 1194 251 1250 eis
280 1192 341 1247 in
388 1191 553 1247 atriis
582 1189 963 1246 ecclesiarum
1013 1189 1482 1261 accipiebantur;
1515 1192 1586 1246 de
1615 1192 1704 1246 in-

64 1283 230 1339 cestis
278 1281 592 1354 conjugiis,
625 1286 680 1334 et
720 1280 804 1335 eis
835 1279 935 1349 qui
981 1278 1277 1350 legitimas
1308 1278 1706 1351 relinquentes

64 1388 263 1428 uxores
293 1369 643 1426 adulterinis
674 1370 885 1423 iterum
910 1368 1133 1439 nuptiis
1154 1369 1706 1441 implicabantur;de

61 1458 358 1517 monachis
388 1464 445 1514 et
475 1458 714 1514 Clericis
762 1474 796 1513 a
846 1462 1048 1513 sancto
1080 1458 1376 1529 proposito
1405 1462 1462 1513 et
1500 1458 1702 1513 habitu

62 1548 461 1606 recedentibus
506 1546 693 1603 :item
743 1547 813 1601 de
863 1543 1104 1601 Clericis
1150 1546 1435 1603 mundiali
1484 1546 1705 1601 militiae

62 1636 465 1704 studentibus;
493 1636 565 1691 de
596 1635 817 1707 rapinis
849 1650 1293 1707 pauperumque
1312 1635 1550 1707 injustis
1579 1652 1708 1707 cap-

62 1727 348 1794 tionibus;
384 1726 459 1781 de
487 1724 840 1779 Sodomitico
870 1723 1012 1779 vitio
1055 1727 1113 1779 et
1142 1724 1496 1795 quibusdam
1528 1724 1706 1780 haere-

63 1818 219 1873 sibus
247 1832 381 1888 qua:
412 1814 471 1869 in
501 1812 723 1870 eisdem
755 1812 1185 1885 pullulaverant
1214 1814 1534 1884 partibus.»
1565 1814 1707 1869 Hac-

62 1912 226 1961 tenus
252 1920 325 1960 ex
348 1903 654 1960 Itinerario
685 1903 757 1958 ab
790 1900 1065 1957 Anselmo
1096 1901 1312 1973 scripto
1332 1919 1434 1958 seu
1455 1902 1709 1959 Concilio

64 1992 330 2050 Remensi
361 1995 663 2063 excerpta;
699 1990 921 2061 reliqua
949 1989 1169 2046 ibidem
1200 1990 1313 2063 legi
1360 1998 1627 2062 possunt,
1653 1997 1712 2047 et

65 2100 185 2155 quae
214 2081 287 2138 ad
322 2080 707 2136 elevationem
735 2079 993 2150 corporis
1022 2084 1078 2133 Β.
1114 2078 1362 2151 Remigii
1394 2084 1450 2134 et
1479 2081 1710 2136 dedica-

64 2173 275 2227 tionem
309 2168 585 2225 Ecclesize
617 2174 904 2240 spectant,
934 2172 1108 2223 erunt
1136 2168 1207 2223 ad
1241 2168 1529 2225 Kalendas
1557 2176 1711 2225 octo-

63 2261 177 2315 bris
206 2257 587 2315 elucidanda.
622 2257 702 2311 De
734 2256 1082 2312 Simoniacis
1111 2261 1251 2312 tunc
1281 2258 1564 2329 depositis
1595 2259 1716 2335 agit

63 2350 207 2405 infra
235 2348 566 2404 Wibertus.

127 2440 213 2493 12.
265 2437 476 2492 Remis
523 2452 657 2490 eum
710 2435 1036 2507 profectum
1082 2436 1285 2500 Metas,
1342 2452 1716 2491 consecrasse

64 2526 365 2583 basilicam
393 2526 455 2581 S.
489 2523 800 2596 Arnulphi,
830 2528 887 2579 et
917 2524 1287 2595 responsoria
1314 2526 1716 2596 composuisse

64 2617 127 2671 de
157 2616 216 2671 S.
250 2613 553 2687 Gorgonio
582 2613 852 2685 Martyre,
885 2630 951 2668 ac
981 2612 1115 2668 dein
1156 2612 1467 2684 Moguntice
1514 2615 1717 2670 Conci-

66 2705 202 2760 lium
224 2704 564 2760 celebrasse
593 2702 771 2758 tradit
820 2701 1112 2759 Wibertus
1162 2701 1222 2756 in
1252 2702 1431 2757 Actis.
1455 2702 1717 2759 Adamus

64 2793 405 2849 Brumensis
423 2790 507 2847 1.3
525 2790 791 2847 Historiae
816 2789 1226 2847 Ecclesiasticae
1244 2792 1439 2862 cap.31
1466 2790 1721 2863 appellat

68 2905 90 2931 «
121 2882 381 2955 Syodum
414 2879 770 2954 generalem,
801 2879 1064 2935 habitam
1102 2879 1449 2951 praesidente
1497 2880 1720 2936 Domno

64 2970 421 3042 Apostolico,
455 2973 516 3025 et
544 2968 898 3041 Imperatore
937 2968 1205 3033 Henrico,
1238 2984 1372 3024 cum
1420 2968 1721 3041 Episcopis

67 3059 324 3116 Bardone
355 3057 820 3131 Moguntinensi,
855 3057 1188 3113 Eberhardo
1216 3058 1719 3125 'l‘revirensi,ﬂer-

66 3164 274 3205 manno
333 3146 695 3213 Coloniensi,
745 3145 1058 3201 Adalberto
1104 3146 1562 3217 Hamburgensi,
1612 3147 1722 3202 En-

67 3237 339 3309 gelhardo
370 3234 865 3308 Magdeburgensi
896 3233 1240 3305 caaterisque
1286 3234 1722 3290 Provinciarum

65 3315 505 3383 Sacerdotibus.
539 3324 601 3380 In
633 3341 700 3379 eo
722 3322 974 3379 Concilio
1006 3323 1246 3395 quidam
1272 3324 1563 3393 Spirensis
1592 3325 1723 3396 Epi-

1814 749 1898 802 nit
1917 767 1928 802 :
1950 750 2043 802 ubi
2082 750 2367 804 maximas
2401 751 2698 806 Fratribus
2720 768 2827 821 pro
2850 756 2970 806 tam
2995 752 3315 807 honorifica
3341 769 3465 807 sus-

1813 837 2074 908 ceptione
2104 854 2212 893 sua
2241 839 2460 910 gratias
2493 855 2693 912 agens,
2729 856 2797 895 ac
2828 857 2931 911 pro
2960 840 3205 901 viribus
3234 857 3468 913 semper

1814 927 2235 981 monasterium
2267 927 2457 998 ipsum
2494 928 2884 983 exaltaturum
2907 930 3470 1000 spondens,descen-

1813 1014 2207 1070 dit.Postridie
2236 1031 2368 1071 vero
2402 1016 2706 1072 ecclesiam
2736 1023 2792 1072 S.
2828 1018 3082 1072 Mauritii
3114 1018 3272 1091 apud
3302 1019 3466 1075 insu-

1813 1101 1932 1158 lam
1966 1119 2092 1175 quae
2125 1104 2357 1159 Limara
2387 1105 2621 1175 dicitur,
2655 1106 2725 1161 ab
2758 1106 2885 1177 ipso
2916 1107 3144 1162 Abbate
3193 1111 3468 1164 constru-

1815 1194 1989 1259 ctam,
2022 1198 2073 1245 cl
2102 1193 2161 1247 S.
2195 1192 2507 1249 Salvatoris
2537 1194 2595 1247 in
2628 1195 2916 1249 territorio
2943 1195 3203 1251 Atinensi
3248 1196 3464 1253 solem-

1816 1281 1968 1334 niter
1996 1279 2219 1347 dicans,
2253 1281 2494 1336 Romam
2528 1299 2790 1338 reversus
2822 1288 2925 1337 est.
2963 1286 3045 1338 Ad
3098 1301 3270 1355 quem
3324 1302 3462 1357 pro-

1816 1370 2005 1423 fectus
2035 1369 2621 1441 Abbas,privilegium
2657 1373 2728 1425 ab
2760 1389 2845 1431 eo,
2872 1375 3041 1441 juxta
3061 1390 3298 1428 suorum
3325 1391 3463 1446 prte-

1816 1458 2195 1513 decessorum
2229 1474 2471 1524 morem,
2498 1458 2916 1513 honorabiliter
2944 1462 3197 1530 sumpsit
3227 1479 3240 1517 :
3269 1462 3329 1516 in
3348 1479 3463 1535 quo

1816 1547 1970 1601 idem
2004 1551 2244 1601 sanctus
2274 1547 2539 1602 Pontifex
2571 1548 2965 1602 sandaliorum
3013 1565 3187 1604 usum
3236 1554 3293 1605 et
3343 1550 3467 1605 dal-

1818 1635 2042 1691 maticae
2100 1651 2166 1689 ac
2217 1635 2687 1691 chirothecarum
2740 1638 2801 1690 in
2852 1638 3155 1708 praecipuis
3197 1639 3473 1694 festivita-

1817 1725 1995 1790 tibus,
2028 1726 2148 1778 tam
2178 1723 2262 1777 illi
2293 1741 2470 1795 quam
2500 1725 2775 1781 omnibus
2825 1726 2883 1780 in
2935 1726 3045 1781 hoc
3091 1728 3353 1783 cmnobio
3382 1744 3472 1783 re-

1817 1811 2099 1883 gulariter
2131 1814 2563 1884 promovendis,
2615 1815 2688 1868 ob
2734 1814 3238 1871 honorificentiam
3282 1816 3471 1872 sancti

1818 1901 1997 1971 hujus
2044 1900 2153 1955 loci
2211 1902 2544 1973 Apostolica
2589 1903 2948 1958 Auctoritate
2995 1905 3304 1960 concessit.
3347 1907 3470 1970 Quo

1820 1989 1993 2044 etiam
2028 1994 2288 2061 tempore
2320 1991 2471 2044 idem
2493 1992 2858 2061 Apostolicus
2884 1992 3303 2048 monasterium
3323 2009 3461 2049 san-

1824 2083 1916 2133 cta
1943 2078 2289 2145 Jerusalem,
2321 2080 2474 2149 quod
2507 2080 2911 2134 Sessorianurn
2961 2080 3470 2152 appellatur,intra

1824 2166 2145 2221 Romanam
2178 2168 2379 2220 urbem
2407 2168 2607 2229 silum,
2632 2169 2753 2238 jam
2780 2168 2931 2223 dicto
2958 2170 3164 2224 Abbati
3185 2186 3317 2225 cum
3340 2169 3469 2228 Suis

1823 2255 2101 2310 omnibus
2126 2255 2365 2324 juribus
2388 2257 2629 2311 tradidit
2661 2274 2672 2311 :
2698 2257 2850 2311 etilli
2868 2258 3073 2313 exinde
3094 2258 3468 2332 privilegium

1825 2344 2062 2410 faciens,
2096 2344 2280 2398 solam
2331 2345 2441 2399 sibi
2473 2346 2716 2399 Abbatis
2748 2348 3242 2402 consecrationem
3274 2350 3472 2419 (quem

1824 2439 2020 2488 tamen
2053 2432 2388 2488 Casinensis
2420 2434 2602 2488 abbas
2633 2435 2891 2506 eligeret)
2923 2437 3255 2491 reservavit.
3289 2458 3318 2485 »
3347 2438 3478 2492 Fuit

1827 2523 1921 2577 hic
1953 2522 2152 2577 Abbas
2184 2521 2522 2578 Casinensis
2556 2522 2880 2591 Richerius,
2914 2524 3149 2581 natione
3201 2526 3476 2591 Bavarus,

1828 2627 2001 2683 quem
2032 2611 2275 2665 tradunt
2304 2615 2437 2665 ante
2468 2612 2621 2682 apud
2656 2612 3002 2667 Leodienses
3023 2614 3482 2681 Abbatem,Con-

1828 2701 1968 2755 rado
2003 2699 2340 2771 Imperatori
2373 2715 2595 2765 carum,
2628 2700 2683 2754 in
2721 2700 2898 2771 hujus
2930 2703 3206 2757 comitatu
3250 2705 3478 2759 venisse

1829 2788 2131 2857 Casinum,
2164 2792 2237 2855 et,
2272 2804 2465 2843 coram
2500 2788 2625 2859 ipso
2655 2788 2902 2843 electum
2954 2791 3012 2844 in
3058 2789 3341 2846 Abbatem
3374 2791 3471 2848 an.

1829 2894 2107 2943 mxxxvm,
2136 2877 2350 2931 obiisse
2381 2893 2476 2931 an.
2510 2876 2681 2941 MLV,
2716 2894 2777 2931 ιιι
2810 2878 2946 2932 Idus
2971 2879 3315 2955 decemby’s.

1902 2967 1988 3020 14.
2026 2966 2269 3020 Romam
2300 2980 2436 3036 ergo
2466 2981 2735 3021 reversus
2777 2987 2802 3020 α
2833 2971 3090 3022 Domnus
3119 2969 3277 3040 Papa
3306 2970 3475 3039 Leo,»

1832 3055 2028 3127 inquit
2056 3058 2427 3109 Hermannus
2447 3055 2817 3122 Contractus,
2847 3078 2875 3105 «
2908 3061 3039 3127 post
3058 3057 3281 3113 Pascha
3304 3059 3482 3131 Syno-

1831 3144 1973 3199 dum
1989 3144 2127 3199 item
2156 3144 2349 3198 Roma:
2372 3142 2937 3215 collegit,ubi,»teste
2958 3145 3485 3213 Wiberto,«Gerar-

1833 3234 2123 3294 dum.sure
2148 3232 2665 3298 Sedis,Leucorum
2689 3230 2986 3288 videlicet»
3000 3250 3102 3289 seu
3125 3236 3480 3303 Tullensem,

1839 3342 1862 3371 ι
1896 3321 2035 3377 olim
2060 3321 2392 3386 Praesulem,
2426 3320 2484 3374 in
2508 3337 2753 3377 numero
2773 3323 3113 3377 Sanctorum
3136 3329 3481 3396 computan-

68 3432 294 3488 scopus,
326 3412 578 3471 nomine
607 3412 817 3480 Sibico,
850 3411 944 3467 cui
974 3412 1194 3467 crimen
1225 3412 1494 3468 adulterii
1532 3413 1723 3485 impo-
1755 3397 1798 3463 C
1836 3411 1978 3465 dum
2011 3411 2275 3465 statuit.»
2308 3410 2593 3477 Secundo,
2627 3413 2693 3465 ut
2720 3412 2782 3465 B.
2816 3411 3298 3484 Lanfrancus,qui
3323 3414 3478 3471 dicto

66 3501 781 3572 nebatur,examinatione
810 3500 1093 3555 Sacriﬁcii
1125 3505 1411 3573 purgatus
1439 3507 1547 3557 est.
1573 3506 1724 3556 Prte-

1833 3498 2086 3555 Concilio
2118 3498 2399 3565 interfuit,
2434 3498 2657 3563 scribit,
2693 3499 2753 3552 in
2800 3500 3229 3555 Commentario
3276 3506 3481 3558 contra

69 3597 217 3649 terea
241 3590 443 3649 multa
474 3591 556 3646 ibi
588 3590 813 3645 sancita
832 3592 971 3645 sunt
991 3590 1060 3645 ad
1086 3590 1394 3645 utilitatem
1419 3591 1679 3647 Ecclesiae
1708 3609 1721 3648 :
1765 3603 1796 3634 ο
1833 3587 2245 3659 Berengarium
2277 3587 2348 3642 de
2369 3587 2617 3658 Corpore
2643 3591 2701 3642 et
2725 3587 3019 3659 Sanguine
3036 3588 3267 3644 Domini
3288 3607 3477 3663 cap.v,

68 3698 175 3753 pra
205 3682 438 3756 quibus
470 3678 801 3735 Bimoniaca
831 3678 1092 3746 heresis,
1121 3682 1179 3733 et
1222 3679 1472 3735 nefanda
1519 3681 1725 3736 Sacer-

68 3770 261 3829 dotum
294 3768 592 3843 conjugia
619 3766 978 3840 holographa
1006 3767 1221 3839 Synodi
1243 3784 1421 3823 manu
1448 3774 1724 3841 perpetuo

66 3859 340 3919 damnata
397 3862 567 3916 sunt.
618 3880 646 3908 n
687 3859 1062 3912 Hermannus
1116 3857 1459 3913 Contractus
1517 3860 1727 3915 asserit

64 3970 88 3996 ‹‹
118 3950 301 4007 fuisse
333 3947 647 4022 Synodum
682 3945 1070 4018 quadraginta
1103 3944 1537 4018 Episcoporum.
1574 3969 1602 3996 ››
1638 3948 1725 4003 [n-

60 4036 123 4093 de
148 4041 204 4095 S.
238 4062 269 4091 ‹‹
304 4039 574 4095 Leonem
605 4034 800 4091 adisse
828 4033 1256 4102 Alamanniam,
1291 4038 1348 4090 et
1376 4036 1573 4107 Augiae
1604 4038 1723 4093 fes-

57 4129 172 4183 tum
203 4128 265 4184 S.
298 4124 638 4185 Clementis
669 4128 728 4179 et
757 4122 1123 4179 Dominicam
1155 4128 1289 4179 ante
1317 4124 1644 4180 Adventum
1667 4143 1722 4182 vr

56 4213 344 4275 Kalendas
378 4213 729 4271 Decembris
758 4211 968 4284 egisse.
1004 4234 1033 4261 »
1065 4210 1242 4267 Addit
1271 4212 1565 4270 Wibertus
1607 4214 1721 4270 ibi-

55 4303 177 4361 dem
209 4329 238 4357 «
267 4302 612 4363 Ecclesiam
635 4302 694 4358 in
719 4301 940 4357 honore
969 4300 1205 4357 vivificaa
1226 4300 1426 4357 Crucis
1460 4302 1722 4360 dedicas-

53 4407 129 4459 se,
158 4399 216 4451 et
265 4395 435 4451 inter
468 4391 787 4448 Missurum
819 4389 1106 4446 solemnia
1135 4388 1561 4447 daamoniacum
1583 4391 1724 4449 libe-

51 4483 602 4548 rasse.»Inde,teste
627 4482 983 4547 Hermanno,
1004 4501 1032 4528 ‹‹
1050 4494 1152 4550 per
1189 4480 1514 4551 Augustam
1554 4480 1720 4550 Bajo-

51 4570 351 4645 ariamque
366 4566 964 4637 transiens,natalem
987 4566 1216 4623 Domini
1230 4570 1465 4624 Veronae
1484 4567 1719 4625 coluit.»

370 4667 403 4728 ς
436 4658 539 4716 Ill.
572 4660 672 4713 Res
700 4660 867 4727 gesta:
893 4672 1040 4712 anno
1065 4657 1155 4712 ML
1184 4664 1237 4712 et
1262 4657 1397 4714 MLI.

115 4750 195 4807 13.
227 4753 413 4809 Anno
444 4745 667 4804 Christi
690 4746 793 4801 ML
818 4746 1062 4801 Romam
1086 4761 1410 4818 regressus,
1432 4747 1715 4820 scyphum
1749 4766 1796 4832 D

47 4836 291 4895 fractum
340 4836 751 4908 redintegrat;
784 4832 1056 4906 Apuliam
1103 4835 1271 4906 petit,
1305 4840 1362 4890 et
1408 4835 1718 4892 Beneventi

48 4924 312 4985 clinicum
342 4928 563 4991 sanat;
588 4928 647 4979 et
671 4923 730 4979 in
752 4922 1007 4979 Concilio
1027 4923 1332 4995 Sipontino
1354 4940 1531 4996 prope
1552 4942 1718 4980 mon-

46 5018 151 5073 tem
180 5018 551 5091 Garganum
582 5013 728 5069 duos
758 5012 1239 5085 Archiepiscopos
1269 5014 1507 5084 deponit
1537 5031 1551 5069 :
1588 5031 1715 5087 quis

46 5101 95 5157 in
124 5107 291 5164 Actis
323 5102 588 5176 exponit
614 5099 941 5156 Wibertus.
974 5104 1099 5155 Huc
1131 5117 1311 5172 supra
1340 5100 1596 5157 diximus
1628 5119 1716 5157 re-

45 5192 294 5264 ferenda,
330 5209 476 5268 qua
516 5190 630 5246 Leo
662 5189 947 5246 Ostiensis
980 5188 1081 5244 lib.
1113 5206 1175 5245 ιι.
1197 5194 1232 5244 2
1263 5189 1529 5245 Chronici
1560 5190 1715 5246 Casi-

46 5284 234 5342 nensis
264 5282 491 5357 cap.81
532 5278 821 5345 scribit,et
851 5282 991 5333 sunt
1020 5278 1134 5333 ista
1167 5297 1216 5334 :«
1250 5284 1493 5334 Sanctus
1525 5279 1715 5335 Ponti-

45 5369 123 5427 fex
150 5374 289 5445 Leo,
326 5371 560 5430 eodem
591 5385 707 5440 quo
738 5368 1043 5424 ordinatus
1092 5373 1181 5424 est
1228 5384 1401 5437 anno,
1432 5367 1714 5425 orationis

42 5462 216 5531 gratia
238 5466 537 5521 montem
571 5479 599 5508 «
632 5457 970 5529 Garganum
1001 5457 1062 5513 in
1094 5456 1328 5513 dicecesi
1354 5456 1660 5530 Sipontina
1679 5479 1709 5508 «

42 5551 211 5618 petiit.
243 5552 404 5609 Inde
437 5544 707 5615 rediens,
739 5544 799 5601 in
831 5546 960 5618 ipsa
998 5544 1311 5602 festivitate
1356 5545 1708 5615 Palmarum,

41 5638 104 5694 ad
132 5640 241 5700 hoc
268 5634 729 5699 monasterium
744 5633 911 5692 valde
931 5634 1173 5692 devotus
1189 5634 1461 5704 accessit;
1485 5638 1542 5692 et
1561 5651 1714 5692 reve-

39 5731 377 5791 rentissime
401 5728 734 5798 susceptus
763 5741 798 5781 a
826 5723 1148 5794 Fratribus,
1176 5723 1305 5798 ipso
1335 5723 1430 5782 die
1470 5724 1710 5781 Missam

38 5816 353 5883 solenniter
383 5813 721 5879 celebravit
751 5830 766 5874 :
798 5813 1059 5893 atquein
1088 5813 1387 5876 refectorio
1411 5829 1547 5874 cum
1575 5813 1710 5875 Fra-

1833 3693 1999 3732 cum«
2013 3681 2116 3731 Leo
2137 3676 2368 3747 Synodo
2384 3675 2810 3747 przssideret,ac
2830 3678 3111 3734 resideret
3139 3694 3340 3735 secum
3362 3698 3480 3737 non

1833 3782 2008 3837 parva
2038 3763 2355 3819 multitudo
2378 3764 3483 3841 Episcoporum,Abbatum,diversique

1831 3854 2066 3910 Ordinis
2088 3870 2121 3908 a
2141 3853 2389 3908 diversis
2413 3854 2752 3925 regionibus
2772 3853 3181 3926 religiosarum
3204 3873 3479 3927 persona-

1831 3941 2413 4014 rum...promulgata
2443 3948 2532 3997 est
2560 3942 2619 3996 in
2652 3943 3058 4015 Berengarium
3083 3945 3478 4003 damnationis

1831 4031 2139 4097 sententia,
2172 4030 2408 4102 privans
2439 4046 2573 4087 eum
2606 4032 3019 4087 communione
3050 4038 3261 4088 sanctas
3293 4035 3480 4091 Eccle-

1831 4121 2129 4191 sim,quam
2162 4118 2387 4191 privare
2404 4124 2605 4175 sancta
2626 4119 2910 4176 Dominici
2931 4122 3190 4193 corporis
3213 4139 3476 4180 commu-

1830 4210 2003 4266 nione
2033 4209 2349 4281 satagebat.
2377 4230 2405 4257 »
2427 4209 2568 4264 Dein
2601 4225 2736 4264 cum
2763 4225 2816 4264 :«
2839 4210 2895 4265 Β.
2923 4211 3476 4270 Lanfrancusﬁdem

1829 4315 1998 4356 suam
2017 4298 2680 4371 exposuisset,omnibus
2707 4298 3099 4370 placuit,nulli
3119 4302 3476 4374 displicuit.»

1829 4388 2045 4455 Tertio,
2076 4387 2161 4443 uti
2194 4388 2461 4442 observat
2489 4409 2516 4436 «
2547 4402 2615 4442 ex
2654 4388 2870 4458 scripto
2919 4388 3201 4445 Chronico
3235 4392 3475 4448 Androm

1827 4476 2077 4532 Danduli
2106 4476 2428 4531 nBaronius
2458 4475 2529 4530 ad
2560 4476 2716 4531 hunc
2746 4493 2965 4532 annum
2999 4479 3153 4545 n.3,«
3185 4479 3293 4534 Leo
3317 4480 3473 4551 Papa

1827 4564 2078 4621 decrevit
2108 4563 2357 4619 Pallium
2389 4563 2688 4619 Dominico
2721 4564 3062 4621 Patriarchaa
3092 4566 3309 4622 Veneto
3332 4569 3472 4636 (imo

1827 4653 2133 4723 Gradensi)
2164 4653 2469 4724 eidemque
2494 4652 2858 4725 privilegium
2891 4655 3198 4719 concessit,
3229 4660 3295 4711 ut
3322 4657 3472 4713 Cru-

1828 4759 1953 4799 cem
1975 4746 2109 4798 ante
2138 4758 2201 4797 se
2225 4742 2493 4810 deferret,
2525 4742 3094 4815 Patriarchalemque
3124 4745 3332 4800 Sedem
3364 4762 3472 4819 ap-

1825 4830 2109 4903 probavit,
2141 4835 2198 4885 et
2229 4831 2529 4902 Episcopis
2560 4830 2807 4886 Venetiaa
2839 4832 3143 4903 provincias
3186 4838 3245 4889 et
3292 4834 3472 4891 lstriae

1828 4919 2084 4991 scripsit,
2117 4922 2182 4973 ut
2212 4918 2350 4973 huic
2381 4925 2663 4990 tanquam
2704 4920 2944 4976 Primati
2995 4938 3101 4977 suo
3149 4924 3472 4994 obedirent,

1826 5024 2080 5080 eumque
2110 5008 2782 5064 revererentur.»Vcrum
2809 5010 3086 5081 Ughellus
3106 5016 3266 5067 torno
3293 5017 3338 5067 V
3364 5015 3476 5069 Ita-

1823 5097 1912 5152 liae
1958 5112 2137 5153 sacrae
2186 5097 2307 5151 haec
2355 5098 2553 5151 omnia
2605 5098 2812 5153 scribit
2863 5106 3098 5170 peracta
3128 5103 3185 5157 in
3218 5102 3478 5160 Concilio

1822 5185 2193 5251 Vercellensi,
2227 5186 2335 5240 hoc
2362 5186 2554 5240 adhuc
2586 5203 2739 5240 anno
2771 5187 2991 5256 habito,
3012 5192 3107 5244 cui
3140 5193 3223 5248 ait
3254 5193 3474 5248 dictum

1823 5275 2187 5331 Dominicum
2217 5273 2612 5329 Patriarcham
2643 5275 3000 5334 interfuisse.
3541 5277 3544 5280 ’

1896 5366 1979 5420 15.
2017 5366 2079 5419 In
2111 5364 2219 5420 Ms.
2255 5364 2588 5420 Strozziano
2609 5381 2790 5436 supra
2820 5366 3075 5425 indicato
3107 5370 3320 5425 dicitur
3351 5370 3464 5424 :«S.

1822 5454 1934 5510 Leo
1964 5454 2139 5525 Papa,
2171 5452 2304 5525 pius
2336 5469 2402 5509 ac
2432 5453 2614 5523 mitis,
2665 5471 2846 5511 causa
2892 5457 3171 5512 orationis
3201 5457 3468 5512 Venetiae

1819 5544 1892 5599 ad
1921 5547 1977 5598 S.
2012 5544 2273 5599 Marcum
2302 5542 2649 5614 Apostolum
2698 5548 2757 5599 et
2801 5545 3220 5617 Evangelistam
3266 5559 3465 5613 perve-

1819 5632 2362 5701 nisse,»Nam,teste
2387 5631 2718 5689 Hermanno
2740 5634 3059 5700 Contracta,
3093 5636 3223 5703 post
3259 5632 3464 5687 Conci-

1819 5720 1967 5789 lium
1996 5722 2192 5778 Romae
2222 5720 2511 5786 habitum,
2543 5743 2572 5771 «
2605 5721 2758 5777 ultra
2790 5722 3024 5776 Romam
3057 5717 3463 5791 progrediens,

1820 5809 2134 5874 nonnullos
2165 5809 2424 5870 locorum
2450 5809 2754 5890 Principes
2801 5814 2857 5870 et
2902 5805 3161 5865 civitates
3190 5807 3461 5868 tamsihi
